4050 5009
1573 406 1648 497 ι79

281 577 423 644 societas
444 531 495 654 48.
513 576 649 662 patiens
666 583 694 642 8.
717 589 767 652 44.
789 573 901 640 socius
916 575 966 638 85.
987 575 1057 638 dux
1071 579 1123 654 98.
1140 595 1175 657 p.
1197 581 1300 656 atque
1321 541 1470 660 negotiis
1491 595 1648 659 comper·

280 691 355 746 tum
375 691 426 747 est
451 685 485 758 G.
510 705 538 746 ι.
565 701 607 746 ex
634 680 752 744 multis
779 702 814 765 p.
841 689 944 764 atque
964 679 1114 744 miseriis
1134 679 1306 764 requievit
1326 695 1356 755 4.
1385 681 1528 745 aberant
1548 685 1579 745 6.
1607 682 1646 745 in

281 787 416 874 magnis
434 810 468 872 p.
494 791 543 856 55.
565 807 672 872 remp.
693 787 733 852 in
753 787 921 850 maxumis
941 805 1076 851 serrare
1101 789 1150 850 5ι.
1172 785 1344 864 objectare
1372 795 1406 851 8.
1432 807 1462 868 7.
1489 784 1646 852 invidere
1738 859 1750 868 ,

282 893 331 960 85.
350 891 515 976 perieulis
536 911 689 974 querere
710 891 794 970 aliq.
814 891 862 952 ib.
882 891 921 953 in
942 892 1094 954 tutandis
1111 915 1146 975 p.
1167 889 1278 955 teneri
1298 891 1341 956 H.
1355 892 1383 951 Ι.
1399 893 1445 954 ι5.
1466 891 1506 954 iu
1526 891 1589 954 tali
1609 913 1644 975 p.

279 997 315 1058 G.
327 1002 379 1073 48.
399 997 437 1062 in
456 1015 592 1062 summo
611 997 687 1060 fore
706 995 851 1088 salutem
870 995 901 1054 8.
918 1015 968 1076 77.
987 1013 1063 1057 rem
1073 996 1225 1059 alienam
1234 1015 1299 1060 suo
1310 1016 1345 1079 p.
1359 1015 1479 1060 curare
1493 999 1542 1060 83.
1565 1017 1644 1076 cum

245 1131 248 1136 ·
282 1113 330 1172 c..
343 1123 393 1182 9ι.
419 1104 515 1166 baud
536 1100 708 1166 oecultum
728 1097 926 1162 haberent.
948 1099 1126 1185 impendet
1148 1102 1195 1163 ι8.
1216 1121 1257 1166 ex
1275 1099 1348 1164 illis
1369 1099 1492 1166 metuit
1513 1105 1563 1172 5ι.
1583 1123 1646 1165 an·

279 1217 410 1289 oesz.
432 1208 482 1274 38.
504 1225 608 1288 quem
628 1227 662 1290 p.
683 1204 775 1290 oepit
796 1207 845 1268 5ι.

135 1389 139 1396 ,
238 1309 399 1376 Perinde
417 1311 563 1395 babere,
583 1317 622 1374 nt
641 1319 673 1376 8.
686 1326 716 1386 4.
737 1331 771 1394 p.
793 1309 892 1392 quasi
910 1314 959 1373 3ι.
974 1304 1117 1392 peritia
1136 1311 1294 1376 locorum
1315 1313 1366 1386 46.
1379 1305 1552 1398 perjuria
1573 1311 1644 1375 lin·

280 1433 347 1500 gua
355 1416 418 1479 alit
425 1417 460 1480 G.
469 1433 514 1494 14.
522 1436 557 1499 p.
570 1423 628 1480 aut
635 1435 698 1499 per
704 1415 809 1480 fidem
816 1416 949 1480 violare
959 1417 1043 1478 H.l.
1057 1420 1257 1499 superlata
1268 1417 1449 1503 rogatione
1458 1413 1490 1481 J.
1505 1421 1645 1500 iaper-

278 1541 427 1586 manere
446 1520 486 1584 in
505 1521 579 1584 suis
597 1520 731 1584 artibus
751 1525 780 1586 8.
802 1520 862 1586 cir.
879 1523 924 1584 H.
944 1523 1006 1585 ΙΙΙ.
1030 1537 1077 1582 ιι.
1093 1519 1310 1603 permittere
1329 1521 1517 1588 exereitum
1536 1521 1646 1586 alieni

279 1627 314 1686 c.
332 1629 380 1704 69.
396 1625 435 1688 in
447 1623 611 1690 exsilium
624 1624 715 1692 cives
728 1629 776 1688 51.
794 1647 827 1710 p.
845 1633 949 1711 agant
962 1620 1202 1709 supermirati
1213 1627 1292 1690 cum
1305 1626 1479 1690 militibus
1490 1638 1524 1694 8.
1535 1628 1586 1700 li·
1593 1629 1643 1706 59.

275 1727 476 1812 permixtio
506 1737 606 1797 terre
625 1745 676 1807 4ι.
700 1741 873 1814 permota
892 1731 1013 1816 plebes
1034 1731 1242 1795 dominandi
1261 1730 1379 1795 studio
1399 1733 1437 1798 C.
1459 1735 1510 1794 55.
1538 1733 1646 1796 rebe

278 1843 412 1900 menter
431 1855 474 1900 eo
496 1831 638 1921 negotio¹
654 1847 689 1902 8.
710 1839 739 1900 6.
757 1835 959 1920 permutati
976 1836 1184 1900 liberalibus
1202 1837 1319 1902 verbis
1339 1837 1383 1900 H.
1403 1838 1463 1900 lll.
1483 1839 1535 1914 45.

232 1933 442 2006 Ρενιιίοἰιηι
470 1941 687 2008 senatoribus
712 1942 906 2006 machinari
934 1945 969 2010 Cu
993 1941 1309 2024 19.'miserioordia
1338 1942 1377 2006 in
1403 1964 1438 2028 p.
1470 1962 1592 2008 casura
1612 1952 1644 2008 8.

276 2051 328 2110 5ι.
347 2047 392 2108 ad
412 2067 446 2127 p.
467 2044 539 2122 ejus
560 2045 679 2110 dolum
701 2065 854 2126 querere
867 2067 917 2126 7ο.
938 2046 1100 2109 lubidine
1119 2048 1301 2127 paulisper
1316 2065 1397 2108 usus
1420 2070 1449 2110 ι.
1469 2051 1500 2112 3.
1521 2041 1654 2110 nutura*

180 2131 181 2134 Ἴ
276 2155 474 2232 serpentum
495 2169 545 2228 9ο.
576 2129 706 2223 cirseb.
720 2151 924 2231 perpellere
942 2167 1002 2230 spe
1023 2149 1075 2210 68.
1103 2147 1265 2229 pactione
1293 2149 1330 2209 C.
1353 2149 1407 2209 ati..
1428 2167 1642 2230 perperam,

274 2261 384 2328 reete,
406 2253 517 2316 faeere
538 2255 571 2318 J.
590 2259 641 2318 5ι.
659 2252 794 2336 perpeti
814 2251 961 2335 imperia
981 2269 1070 2316 atera
1089 2262 1127 2317 c.
1149 2246 1442 2331 superscribere
1461 2247 1644 2334 planitiem

277 2341 409 2422 castelli
428 2369 460 2424 8.
473 2365 523 2440 95.
535 2355 711 2442 persequi
729 2357 874 2438 injurias
898 2371 942 2434 14
963 2358 999 2420 C.
1021 2376 1051 2436 9.
1072 2353 1241 2426 maleficia
1254 2357 1304 2418 5ι.
1323 2364 1357 2422 8.
1378 2357 1429 2435 95.
1442 2356 1644 2438 persuadet

275 2464 387 2528 multa
405 2463 605 2548 pollicendo
626 2467 678 2542 46.
699 2466 750 2528 6ι.
773 2469 973 2547 pertoesum
1002 2480 1065 2526 vos
1092 2460 1230 2542 injuriat
1251 2462 1297 2524 H.
1317 2463 1379 2524 ΙΙΙ.
1401 2483 1452 2522 ιι.
1474 2480 1545 2542 quo
1566 2478 1651 2523 ora-

275 2569 326 2634 tio
343 2567 536 2654 pertinet?
556 2571 593 2636 G.
613 2574 663 2634 51.
683 2589 772 2655 pons
792 2571 831 2634 in
851 2571 1021 2656 oppidum
1033 2567 1228 2654 pertineas
1248 2569 1293 2630 H.
1315 2567 1384 2635 ino.
1409 2590 1457 2651 ¹9·
1485 2565 1586 2630 collis
1605 2566 1645 2630 in

274 2676 483 2740 immensum
507 2673 721 2764 pertingens
747 2686 780 2742 8.
805 2678 855 2752 48.
893 2674 1118 2759 perturbare
1157 2696 1266 2760 remp.
1294 2678 1330 2740 C.
1356 2675 1407 2739 ι8.
1443 2675 1560 2740 hostes
1593 2675 1643 2739 6ο.

174 2861 179 2864 -
249 2763 387 2842 ‘acient
419 2791 452 2845 8.
479 2785 528 2857 59.
555 2778 760 2860 pervertisse
792 2783 830 2842 in
873 2801 1020 2860 regnum
1062 2784 1250 2862 adoptione
1289 2802 1337 2842 ιι.
1378 2781 1564 2863 imperium
1599 2781 1645 2842 ad

278 2881 394 2944 minus
433 2883 546 2943 bonos
577 2885 615 2946 G.
648 2883 697 2944 5ι.
730 2882 775 2942 ad
815 2880 983 2963 oppidum
1020 2883 1071 2962 37.
1100 2881 1162 2942 etr.
1200 2883 1250 2960 75.
1279 2901 1492 2963 perversum
1520 2884 1645 2946 volnus

179 2985 202 3026 ·'
275 2985 319 3048 Η.
348 2985 416 3047 ino.
450 2986 516 3064 167.
541 2983 797 3066 pessumdatus
832 2991 882 3045 est
915 2983 1053 3044 animus
1086 2986 1131 3047 ad
1157 2995 1190 3051 8.
1225 3007 1251 3048 ι.
1271 3001 1327 3062 4ι.
1353 3003 1525 3068 pessuma
1551 2987 1645 3048 mala

277 3088 315 3152 G.
337 3091 366 3152 6.
386 3095 476 3154 artes
494 3098 526 3154 8.
548 3089 597 3152 85.
625 3087 838 3154 consultores
860 3089 910 3161 64.
940 3085 1075 3152 lacinus
1095 3091 1132 3150 c.
1153 3092 1202 3152 ιδ.
1230 3090 1382 3173 pessumi
1401 3109 1579 3156 servornm
1599 3093 1645 3154 H.
1720 3111 1733 3122 ‘

274 3195 373 3275 Ι.ι9.
395 3213 562 3279 pessume
580 3191 693 3258 faeere
722 3203 755 3260 8.
776 3197 827 3260 8ι.
851 3200 956 3277 peste
976 3192 1072 3257 orbis
1092 3201 1173 3262 terr.
1204 3195 1250 3258 Η.
1269 3196 1328 3260 1v.
1353 3217 1399 3258 ιι.
1433 3198 1576 3279 praemia
1601 3196 1640 3259 in

231 3323 254 3340 ‘
272 3307 404 3383 pestem
425 3307 627 3365 convortere
647 3319 698 3380 7ο.
717 3320 754 3382 p.
775 3297 883 3376 ejecta
903 3307 953 3364 sst
970 3298 1089 3364 Africa
1109 3310 1142 3368 8.
1167 3318 1215 3379 ι4.
1242 3309 1335 3365 certa
1353 3301 1643 3366 adest106.eon-
1701 3326 1705 3331 ·
1778 3334 1780 3337 -

275 3403 369 3489 sagio
389 3404 489 3486 quasi
505 3398 722 3488 pestilentia
742 3402 868 3468 invasit
889 3405 924 3468 C.
948 3425 996 3468 ιο

234 3507 367 3573 Petere
385 3528 490 3589 quem
511 3519 543 3576 8.
559 3527 608 3574 ιο.
627 3507 755 3592 tidem,
775 3507 950 3573 fortunam
974 3525 1024 3585 ι4.
1043 3510 1155 3576 fedus
1174 3517 1210 3574 et
1227 3509 1417 3574 amicitiam
1433 3527 1501 3588 ¹⁰4·
1522 3511 1567 3572 ab
1589 3488 1642 3574 sess

276 3621 382 3694 natu,
404 3633 448 3678 ne
462 3617 510 3676 15.
531 3631 634 3698 supra
650 3635 757 3708 puatn
771 3631 818 3691 ι4.
840 3612 1027 3698 imperium
1046 3631 1068 3674 a
1086 3615 1137 3676 85.
1159 3633 1297 3676 murum
1318 3623 1485 3680 certantes
1504 3630 1554 3696 94
1573 3634 1644 3699 pte·
1741 3629 1745 3638 '

276 3737 338 3788 aas
357 3707 645 3784 contumeliarum
667 3725 718 3788 65.
739 3720 846 3785 vitam
866 3717 988 3783 liberis
1009 3720 1213 3805 &Nequam
1234 3721 1473 3785 conditionem
1493 3743 1544 3804 79.
1562 3722 1641 3787 loca

279 3825 326 3886 is.
345 3823 493 3909 petundi
513 3824 602 3908 (soil.
624 3825 834 3908 consulatus)
856 3824 969 3911 gratia
988 3826 1038 3897 64.
1067 3823 1209 3908 premia
1227 3826 1261 3887 G.
1288 3849 1337 3890 ιι.
1362 3826 1457 3891 viros
1479 3831 1527 3891 ι5.
1557 3847 1640 3892 oon·

180 3955 185 3962 ·
276 3929 425 3994 sulatum
449 3933 495 3994 ι8.
517 3933 566 3999 ι6.
596 3931 794 3998 societatem
819 3931 941 3995 H.1V.
966 3949 1013 3992 ιι.
1043 3929 1117 4013 peti
1136 3933 1179 3993 ad
1201 3935 1351 4016 predam
1373 3932 1421 3999 ib.
1442 3933 1583 3999 divitias
1601 3933 1638 3992 C.
1773 3999 1777 4006 ,

280 4039 327 4099 65.
349 4035 440 4116 equi
460 4035 547 4100 boni
567 4035 674 4102 lamas
693 4039 736 4100 H.
758 4036 825 4100 ina.
848 4054 897 4099 ιο.
913 4029 1048 4116 petitio
1070 4033 1197 4119 (cons)
1218 4038 1252 4100 G.
1273 4039 1324 4102 5ι.

238 4136 463 4205 Petulantia¹
476 4149 510 4206 et
529 4142 661 4226 probro
681 4140 828 4205 maxime
846 4147 1006 4224 praestare
1027 4139 1081 4221 57.
