<?xml version="1.0" encoding="UTF-8"?>
<!DOCTYPE html PUBLIC "-//W3C//DTD XHTML 1.0 Transitional//EN"
    "http://www.w3.org/TR/xhtml1/DTD/xhtml1-transitional.dtd">
<html xmlns="http://www.w3.org/1999/xhtml" xml:lang="en" lang="en">
 <head>
  <title>
</title>
<meta http-equiv="Content-Type" content="text/html;charset=utf-8" />
  <meta name='ocr-system' content='tesseract 3.04.00' />
  <meta name='ocr-capabilities' content='ocr_page ocr_carea ocr_par ocr_line ocrx_word'/>
</head>
<body>
  <div class='ocr_page' id='page_1' title='image "./salustiiquaeexs00sallgoog_0429.png"; bbox 0 0 4050 5009; ppageno 0'>
   <div class='ocr_carea' id='block_1_1' title="bbox 1598 370 1638 422">
    <p class='ocr_par' dir='ltr' id='par_1_1' title="bbox 1598 370 1638 422">
     <span class='ocr_line' id='line_1_1' title="bbox 1598 370 1638 422; baseline -0.025 0"><span class='ocrx_word' id='word_1_1' title='bbox 1598 370 1638 422; x_wconf 77' lang='lat'><strong>11</strong></span> 
     </span>
    </p>
   </div>
   <div class='ocr_carea' id='block_1_2' title="bbox 214 524 1638 4347">
    <p class='ocr_par' dir='ltr' id='par_1_2' title="bbox 224 524 1636 2841">
     <span class='ocr_line' id='line_1_2' title="bbox 230 524 1636 633; baseline -0.001 -27"><span class='ocrx_word' id='word_1_2' title='bbox 230 529 375 619; x_wconf 80' lang='lat' dir='ltr'><strong>notavi,</strong></span> <span class='ocrx_word' id='word_1_3' title='bbox 398 528 430 605; x_wconf 92' lang='lat' dir='ltr'><strong>si</strong></span> <span class='ocrx_word' id='word_1_4' title='bbox 450 527 565 603; x_wconf 91' lang='lat' dir='ltr'><strong>modo</strong></span> <span class='ocrx_word' id='word_1_5' title='bbox 588 527 769 603; x_wconf 87' lang='lat' dir='ltr'><strong>memoria</strong></span> <span class='ocrx_word' id='word_1_6' title='bbox 790 524 915 633; x_wconf 74' lang='lat' dir='ltr'><strong>dignas</strong></span> <span class='ocrx_word' id='word_1_7' title='bbox 929 550 1005 603; x_wconf 85' lang='lat' dir='ltr'><strong>esse</strong></span> <span class='ocrx_word' id='word_1_8' title='bbox 1022 524 1282 621; x_wconf 71' lang='lat' dir='ltr'><strong>videbantur,</strong></span> <span class='ocrx_word' id='word_1_9' title='bbox 1296 524 1510 632; x_wconf 72' lang='lat' dir='ltr'><strong>(scripturae</strong></span> <span class='ocrx_word' id='word_1_10' title='bbox 1529 524 1636 605; x_wconf 90' lang='lat' dir='ltr'><strong>enim</strong></span> 
     </span>
     <span class='ocr_line' id='line_1_3' title="bbox 229 650 1635 756; baseline 0.001 -27"><span class='ocrx_word' id='word_1_11' title='bbox 229 653 367 729; x_wconf 86' lang='lat' dir='ltr'><strong>menda</strong></span> <span class='ocrx_word' id='word_1_12' title='bbox 388 652 545 727; x_wconf 86' lang='lat' dir='ltr'><strong>laudare</strong></span> <span class='ocrx_word' id='word_1_13' title='bbox 561 650 743 756; x_wconf 86' lang='lat' dir='ltr'><strong>putidum</strong></span> <span class='ocrx_word' id='word_1_14' title='bbox 763 654 852 750; x_wconf 84' lang='lat' dir='ltr'><strong>cst)</strong></span> <span class='ocrx_word' id='word_1_15' title='bbox 890 651 1069 749; x_wconf 85' lang='lat' dir='ltr'><strong>Quarum</strong></span> <span class='ocrx_word' id='word_1_16' title='bbox 1085 650 1236 741; x_wconf 89' lang='lat' dir='ltr'><strong>multas,</strong></span> <span class='ocrx_word' id='word_1_17' title='bbox 1258 650 1389 742; x_wconf 77' lang='lat' dir='ltr'><strong>credo,</strong></span> <span class='ocrx_word' id='word_1_18' title='bbox 1404 650 1557 729; x_wconf 84' lang='lat' dir='ltr'><strong>seriores</strong></span> <span class='ocrx_word' id='word_1_19' title='bbox 1573 651 1635 731; x_wconf 91' lang='lat' dir='ltr'><strong>in·</strong></span> 
     </span>
     <span class='ocr_line' id='line_1_4' title="bbox 230 774 1635 880; baseline 0.001 -27"><span class='ocrx_word' id='word_1_20' title='bbox 230 792 407 880; x_wconf 83' lang='lat' dir='ltr'><strong>terpretes</strong></span> <span class='ocrx_word' id='word_1_21' title='bbox 425 776 620 865; x_wconf 84' lang='lat' dir='ltr'><strong>omittant,</strong></span> <span class='ocrx_word' id='word_1_22' title='bbox 645 801 755 864; x_wconf 91' lang='lat' dir='ltr'><strong>cum,</strong></span> <span class='ocrx_word' id='word_1_23' title='bbox 791 802 909 877; x_wconf 90' lang='lat' dir='ltr'><strong>quam</strong></span> <span class='ocrx_word' id='word_1_24' title='bbox 936 774 1097 878; x_wconf 86' lang='lat' dir='ltr'>plurimi</span> <span class='ocrx_word' id='word_1_25' title='bbox 1125 774 1173 850; x_wconf 90' lang='lat' dir='ltr'><strong>de</strong></span> <span class='ocrx_word' id='word_1_26' title='bbox 1201 774 1425 851; x_wconf 86' lang='lat' dir='ltr'><strong>Salustianae</strong></span> <span class='ocrx_word' id='word_1_27' title='bbox 1452 775 1635 855; x_wconf 88' lang='lat' dir='ltr'><strong>orationis</strong></span> 
     </span>
     <span class='ocr_line' id='line_1_5' title="bbox 227 896 1635 1005; baseline 0.003 -30"><span class='ocrx_word' id='word_1_28' title='bbox 227 900 458 1005; x_wconf 88' lang='lat' dir='ltr'><strong>proprietate</strong></span> <span class='ocrx_word' id='word_1_29' title='bbox 469 898 717 1003; x_wconf 88' lang='lat' dir='ltr'><strong>conceperint</strong></span> <span class='ocrx_word' id='word_1_30' title='bbox 729 898 1187 1002; x_wconf 80' lang='lat' dir='ltr'><strong>opinionem,exstirpata</strong></span> <span class='ocrx_word' id='word_1_31' title='bbox 1207 896 1332 973; x_wconf 86' lang='lat' dir='ltr'><strong>suerit</strong></span> <span class='ocrx_word' id='word_1_32' title='bbox 1357 896 1635 979; x_wconf 87' lang='lat' dir='ltr'><strong>Sedcumacu·</strong></span> 
     </span>
     <span class='ocr_line' id='line_1_6' title="bbox 228 1020 1635 1133; baseline 0.001 -34"><span class='ocrx_word' id='word_1_33' title='bbox 228 1023 358 1099; x_wconf 76' lang='lat' dir='ltr'><strong>tissimi</strong></span> <span class='ocrx_word' id='word_1_34' title='bbox 383 1023 531 1113; x_wconf 87' lang='lat' dir='ltr'><strong>Critici,</strong></span> <span class='ocrx_word' id='word_1_35' title='bbox 556 1022 700 1120; x_wconf 85' lang='lat' dir='ltr'><strong>(Curtii</strong></span> <span class='ocrx_word' id='word_1_36' title='bbox 718 1021 831 1121; x_wconf 90' lang='lat' dir='ltr'><strong>dico)</strong></span> <span class='ocrx_word' id='word_1_37' title='bbox 850 1021 1056 1097; x_wconf 74' lang='lat' dir='ltr'><strong>auctoritas</strong></span> <span class='ocrx_word' id='word_1_38' title='bbox 1079 1021 1214 1127; x_wconf 84' lang='lat' dir='ltr'><strong>saepius</strong></span> <span class='ocrx_word' id='word_1_39' title='bbox 1238 1020 1335 1097; x_wconf 92' lang='lat' dir='ltr'><strong>mihi</strong></span> <span class='ocrx_word' id='word_1_40' title='bbox 1370 1038 1463 1099; x_wconf 86' lang='lat' dir='ltr'><strong>esset</strong></span> <span class='ocrx_word' id='word_1_41' title='bbox 1485 1023 1635 1133; x_wconf 88' lang='lat' dir='ltr'><strong>impug-</strong></span> 
     </span>
     <span class='ocr_line' id='line_1_7' title="bbox 228 1144 1635 1253; baseline 0.004 -30"><span class='ocrx_word' id='word_1_42' title='bbox 228 1148 368 1238; x_wconf 85' lang='lat' dir='ltr'><strong>nanda,</strong></span> <span class='ocrx_word' id='word_1_43' title='bbox 388 1149 429 1223; x_wconf 92' lang='lat' dir='ltr'><strong>in</strong></span> <span class='ocrx_word' id='word_1_44' title='bbox 448 1146 681 1253; x_wconf 77' lang='lat' dir='ltr'><strong>argumentis</strong></span> <span class='ocrx_word' id='word_1_45' title='bbox 698 1146 943 1222; x_wconf 78' lang='lat' dir='ltr'><strong>cumulandis</strong></span> <span class='ocrx_word' id='word_1_46' title='bbox 959 1145 1104 1223; x_wconf 91' lang='lat' dir='ltr'><strong>multus</strong></span> <span class='ocrx_word' id='word_1_47' title='bbox 1121 1172 1196 1223; x_wconf 84' lang='lat' dir='ltr'><strong>csse</strong></span> <span class='ocrx_word' id='word_1_48' title='bbox 1208 1144 1357 1239; x_wconf 76' lang='lat' dir='ltr'><strong>malui,</strong></span> <span class='ocrx_word' id='word_1_49' title='bbox 1381 1174 1500 1251; x_wconf 86' lang='lat' dir='ltr'><strong>quam</strong></span> <span class='ocrx_word' id='word_1_50' title='bbox 1520 1164 1635 1228; x_wconf 82' lang='lat' dir='ltr'><strong>temo·</strong></span> 
     </span>
     <span class='ocr_line' id='line_1_8' title="bbox 226 1270 1634 1377; baseline 0.005 -30"><span class='ocrx_word' id='word_1_51' title='bbox 226 1272 347 1347; x_wconf 79' lang='lat' dir='ltr'><strong>sitatis</strong></span> <span class='ocrx_word' id='word_1_52' title='bbox 369 1272 622 1377; x_wconf 81' lang='lat' dir='ltr'><strong>suspicionem</strong></span> <span class='ocrx_word' id='word_1_53' title='bbox 645 1272 849 1347; x_wconf 83' lang='lat' dir='ltr'><strong>incurrere</strong></span> <span class='ocrx_word' id='word_1_54' title='bbox 887 1272 1018 1375; x_wconf 81' lang='lat' dir='ltr'><strong>Neque</strong></span> <span class='ocrx_word' id='word_1_55' title='bbox 1040 1287 1192 1349; x_wconf 85' lang='lat' dir='ltr'><strong>tantum</strong></span> <span class='ocrx_word' id='word_1_56' title='bbox 1212 1270 1315 1349; x_wconf 90' lang='lat' dir='ltr'><strong>hanc</strong></span> <span class='ocrx_word' id='word_1_57' title='bbox 1337 1272 1388 1350; x_wconf 91' lang='lat' dir='ltr'><strong>ob</strong></span> <span class='ocrx_word' id='word_1_58' title='bbox 1405 1300 1558 1351; x_wconf 74' lang='lat' dir='ltr'><strong>cauam</strong></span> <span class='ocrx_word' id='word_1_59' title='bbox 1570 1302 1634 1355; x_wconf 80' lang='lat' dir='ltr'><strong>va·</strong></span> 
     </span>
     <span class='ocr_line' id='line_1_9' title="bbox 227 1394 1632 1485; baseline 0.003 -14"><span class='ocrx_word' id='word_1_60' title='bbox 227 1397 366 1473; x_wconf 88' lang='lat' dir='ltr'><strong>riantes</strong></span> <span class='ocrx_word' id='word_1_61' title='bbox 387 1397 565 1473; x_wconf 90' lang='lat' dir='ltr'><strong>lectiones</strong></span> <span class='ocrx_word' id='word_1_62' title='bbox 586 1422 691 1471; x_wconf 86' lang='lat' dir='ltr'><strong>eram</strong></span> <span class='ocrx_word' id='word_1_63' title='bbox 711 1394 959 1485; x_wconf 80' lang='lat' dir='ltr'><strong>laudaturus,</strong></span> <span class='ocrx_word' id='word_1_64' title='bbox 982 1396 1043 1472; x_wconf 90' lang='lat' dir='ltr'><strong>uti</strong></span> <span class='ocrx_word' id='word_1_65' title='bbox 1063 1396 1251 1471; x_wconf 84' lang='lat' dir='ltr'><strong>librorum</strong></span> <span class='ocrx_word' id='word_1_66' title='bbox 1268 1396 1352 1472; x_wconf 81' lang='lat' dir='ltr'><strong>Mas.</strong></span> <span class='ocrx_word' id='word_1_67' title='bbox 1365 1397 1632 1475; x_wconf 84' lang='lat' dir='ltr'><strong>auctoritatem</strong></span> 
     </span>
     <span class='ocr_line' id='line_1_10' title="bbox 226 1499 1632 1627; baseline 0.003 -32"><span class='ocrx_word' id='word_1_68' title='bbox 226 1520 384 1597; x_wconf 88' lang='lat' dir='ltr'><strong>aCortii</strong></span> <span class='ocrx_word' id='word_1_69' title='bbox 400 1519 627 1597; x_wconf 90' lang='lat' dir='ltr'><strong>coniecturis</strong></span> <span class='ocrx_word' id='word_1_70' title='bbox 649 1499 913 1609; x_wconf 80' lang='lat' dir='ltr'><strong>defenderem,¹</strong></span> <span class='ocrx_word' id='word_1_71' title='bbox 933 1519 999 1595; x_wconf 88' lang='lat' dir='ltr'><strong>sad</strong></span> <span class='ocrx_word' id='word_1_72' title='bbox 1025 1520 1147 1595; x_wconf 86' lang='lat' dir='ltr'><strong>multa</strong></span> <span class='ocrx_word' id='word_1_73' title='bbox 1167 1520 1283 1595; x_wconf 91' lang='lat' dir='ltr'><strong>etiam</strong></span> <span class='ocrx_word' id='word_1_74' title='bbox 1312 1520 1444 1610; x_wconf 91' lang='lat' dir='ltr'><strong>attuli,</strong></span> <span class='ocrx_word' id='word_1_75' title='bbox 1466 1536 1511 1597; x_wconf 90' lang='lat' dir='ltr'><strong>ut</strong></span> <span class='ocrx_word' id='word_1_76' title='bbox 1535 1522 1632 1627; x_wconf 89' lang='lat' dir='ltr'><strong>quid</strong></span> 
     </span>
     <span class='ocr_line' id='line_1_11' title="bbox 227 1642 1632 1749; baseline 0.001 -28"><span class='ocrx_word' id='word_1_77' title='bbox 227 1644 276 1721; x_wconf 91' lang='lat' dir='ltr'><strong>de</strong></span> <span class='ocrx_word' id='word_1_78' title='bbox 295 1645 453 1749; x_wconf 84' lang='lat' dir='ltr'><strong>singulis</strong></span> <span class='ocrx_word' id='word_1_79' title='bbox 485 1644 594 1719; x_wconf 86' lang='lat' dir='ltr'><strong>libris</strong></span> <span class='ocrx_word' id='word_1_80' title='bbox 625 1642 873 1720; x_wconf 83' lang='lat' dir='ltr'><strong>statuendum</strong></span> <span class='ocrx_word' id='word_1_81' title='bbox 905 1642 973 1734; x_wconf 87' lang='lat' dir='ltr'><strong>sit,</strong></span> <span class='ocrx_word' id='word_1_82' title='bbox 998 1642 1236 1748; x_wconf 82' lang='lat' dir='ltr'><strong>intelligant,</strong></span> <span class='ocrx_word' id='word_1_83' title='bbox 1266 1643 1335 1747; x_wconf 91' lang='lat' dir='ltr'><strong>qui</strong></span> <span class='ocrx_word' id='word_1_84' title='bbox 1362 1643 1451 1719; x_wconf 81' lang='lat' dir='ltr'><strong>talia</strong></span> <span class='ocrx_word' id='word_1_85' title='bbox 1486 1661 1632 1721; x_wconf 89' lang='lat' dir='ltr'><strong>curent</strong></span> 
     </span>
     <span class='ocr_line' id='line_1_12' title="bbox 228 1765 1632 1874; baseline 0.001 -29"><span class='ocrx_word' id='word_1_86' title='bbox 228 1769 358 1868; x_wconf 81' lang='lat' dir='ltr'><strong>Quare</strong></span> <span class='ocrx_word' id='word_1_87' title='bbox 371 1769 507 1872; x_wconf 71' lang='lat' dir='ltr'><strong>saepius</strong></span> <span class='ocrx_word' id='word_1_88' title='bbox 531 1768 708 1874; x_wconf 86' lang='lat' dir='ltr'><strong>pessimas</strong></span> <span class='ocrx_word' id='word_1_89' title='bbox 725 1768 930 1844; x_wconf 85' lang='lat' dir='ltr'><strong>verborum</strong></span> <span class='ocrx_word' id='word_1_90' title='bbox 947 1782 1157 1843; x_wconf 89' lang='lat' dir='ltr'><strong>structuras</strong></span> <span class='ocrx_word' id='word_1_91' title='bbox 1184 1765 1361 1859; x_wconf 80' lang='lat' dir='ltr'><strong>laudavi,</strong></span> <span class='ocrx_word' id='word_1_92' title='bbox 1386 1767 1419 1843; x_wconf 90' lang='lat' dir='ltr'><strong>si</strong></span> <span class='ocrx_word' id='word_1_93' title='bbox 1441 1768 1555 1845; x_wconf 93' lang='lat' dir='ltr'><strong>modo</strong></span> <span class='ocrx_word' id='word_1_94' title='bbox 1577 1794 1632 1846; x_wconf 79' lang='lat' dir='ltr'><strong>es·</strong></span> 
     </span>
     <span class='ocr_line' id='line_1_13' title="bbox 224 1888 1632 1998; baseline 0 -29"><span class='ocrx_word' id='word_1_95' title='bbox 224 1910 309 1969; x_wconf 90' lang='lat' dir='ltr'><strong>sent</strong></span> <span class='ocrx_word' id='word_1_96' title='bbox 326 1893 514 1969; x_wconf 80' lang='lat' dir='ltr'><strong>breviores</strong></span> <span class='ocrx_word' id='word_1_97' title='bbox 534 1893 717 1997; x_wconf 85' lang='lat' dir='ltr'><strong>vulgatis,</strong></span> <span class='ocrx_word' id='word_1_98' title='bbox 743 1908 789 1967; x_wconf 91' lang='lat' dir='ltr'><strong>ut</strong></span> <span class='ocrx_word' id='word_1_99' title='bbox 810 1889 1019 1967; x_wconf 80' lang='lat' dir='ltr'><strong>Aristarchi</strong></span> <span class='ocrx_word' id='word_1_100' title='bbox 1045 1891 1122 1981; x_wconf 91' lang='lat' dir='ltr'><strong>isti,</strong></span> <span class='ocrx_word' id='word_1_101' title='bbox 1148 1890 1217 1993; x_wconf 86' lang='lat' dir='ltr'><strong>qui</strong></span> <span class='ocrx_word' id='word_1_102' title='bbox 1244 1888 1346 1967; x_wconf 88' lang='lat' dir='ltr'><strong>nihil</strong></span> <span class='ocrx_word' id='word_1_103' title='bbox 1367 1918 1446 1967; x_wconf 93' lang='lat' dir='ltr'><strong>non</strong></span> <span class='ocrx_word' id='word_1_104' title='bbox 1467 1892 1632 1998; x_wconf 83' lang='lat' dir='ltr'><strong>amplec-</strong></span> 
     </span>
     <span class='ocr_line' id='line_1_14' title="bbox 226 2014 1631 2120; baseline 0 -27"><span class='ocrx_word' id='word_1_105' title='bbox 226 2033 382 2104; x_wconf 85' lang='lat' dir='ltr'><strong>tuntur,</strong></span> <span class='ocrx_word' id='word_1_106' title='bbox 418 2016 468 2093; x_wconf 91' lang='lat' dir='ltr'><strong>ad</strong></span> <span class='ocrx_word' id='word_1_107' title='bbox 492 2017 549 2106; x_wconf 90' lang='lat' dir='ltr'><strong>id,</strong></span> <span class='ocrx_word' id='word_1_108' title='bbox 581 2016 687 2120; x_wconf 91' lang='lat' dir='ltr'><strong>quod</strong></span> <span class='ocrx_word' id='word_1_109' title='bbox 707 2015 969 2091; x_wconf 90' lang='lat' dir='ltr'><strong>Salustianum</strong></span> <span class='ocrx_word' id='word_1_110' title='bbox 993 2030 1152 2119; x_wconf 89' lang='lat' dir='ltr'><strong>putant,</strong></span> <span class='ocrx_word' id='word_1_111' title='bbox 1186 2014 1340 2093; x_wconf 89' lang='lat' dir='ltr'><strong>dicendi</strong></span> <span class='ocrx_word' id='word_1_112' title='bbox 1376 2042 1494 2119; x_wconf 87' lang='lat' dir='ltr'><strong>genus</strong></span> <span class='ocrx_word' id='word_1_113' title='bbox 1518 2017 1631 2094; x_wconf 86' lang='lat' dir='ltr'><strong>effici·</strong></span> 
     </span>
     <span class='ocr_line' id='line_1_15' title="bbox 226 2138 1631 2243; baseline 0.002 -27"><span class='ocrx_word' id='word_1_114' title='bbox 226 2141 390 2232; x_wconf 88' lang='lat' dir='ltr'><strong>endum,</strong></span> <span class='ocrx_word' id='word_1_115' title='bbox 412 2140 618 2232; x_wconf 88' lang='lat' dir='ltr'><strong>haberent,</strong></span> <span class='ocrx_word' id='word_1_116' title='bbox 642 2140 782 2243; x_wconf 89' lang='lat' dir='ltr'><strong>quibus</strong></span> <span class='ocrx_word' id='word_1_117' title='bbox 803 2139 962 2216; x_wconf 86' lang='lat' dir='ltr'><strong>meliora</strong></span> <span class='ocrx_word' id='word_1_118' title='bbox 993 2138 1232 2215; x_wconf 87' lang='lat' dir='ltr'><strong>docerentur.</strong></span> <span class='ocrx_word' id='word_1_119' title='bbox 1269 2140 1352 2215; x_wconf 89' lang='lat' dir='ltr'><strong>Hoc</strong></span> <span class='ocrx_word' id='word_1_120' title='bbox 1381 2157 1421 2215; x_wconf 88' lang='lat' dir='ltr'><strong>et</strong></span> <span class='ocrx_word' id='word_1_121' title='bbox 1438 2140 1531 2217; x_wconf 88' lang='lat' dir='ltr'><strong>alias</strong></span> <span class='ocrx_word' id='word_1_122' title='bbox 1553 2140 1631 2219; x_wconf 79' lang='lat' dir='ltr'><strong>lac-</strong></span> 
     </span>
     <span class='ocr_line' id='line_1_16' title="bbox 228 2261 1632 2367; baseline 0.001 -25"><span class='ocrx_word' id='word_1_123' title='bbox 228 2282 369 2342; x_wconf 90' lang='lat' dir='ltr'><strong>tumet</strong></span> <span class='ocrx_word' id='word_1_124' title='bbox 393 2263 580 2367; x_wconf 80' lang='lat' dir='ltr'><strong>imprimis</strong></span> <span class='ocrx_word' id='word_1_125' title='bbox 604 2264 647 2338; x_wconf 93' lang='lat' dir='ltr'><strong>in</strong></span> <span class='ocrx_word' id='word_1_126' title='bbox 670 2263 927 2355; x_wconf 91' lang='lat' dir='ltr'><strong>orationibus,</strong></span> <span class='ocrx_word' id='word_1_127' title='bbox 951 2263 1021 2337; x_wconf 86' lang='lat' dir='ltr'><strong>ubi</strong></span> <span class='ocrx_word' id='word_1_128' title='bbox 1044 2261 1337 2339; x_wconf 88' lang='lat' dir='ltr'><strong>emendatissimi</strong></span> <span class='ocrx_word' id='word_1_129' title='bbox 1363 2262 1471 2354; x_wconf 91' lang='lat' dir='ltr'><strong>libri,</strong></span> <span class='ocrx_word' id='word_1_130' title='bbox 1496 2265 1632 2343; x_wconf 87' lang='lat' dir='ltr'><strong>Basile-</strong></span> 
     </span>
     <span class='ocr_line' id='line_1_17' title="bbox 226 2385 1632 2495; baseline -0.001 -28"><span class='ocrx_word' id='word_1_131' title='bbox 226 2392 324 2467; x_wconf 87' lang='lat' dir='ltr'><strong>ensis</strong></span> <span class='ocrx_word' id='word_1_132' title='bbox 348 2389 513 2495; x_wconf 88' lang='lat' dir='ltr'><strong>primus,</strong></span> <span class='ocrx_word' id='word_1_133' title='bbox 552 2386 866 2464; x_wconf 80' lang='lat' dir='ltr'><strong>Guelferbitanus</strong></span> <span class='ocrx_word' id='word_1_134' title='bbox 894 2386 1073 2490; x_wconf 84' lang='lat' dir='ltr'><strong>quintus,</strong></span> <span class='ocrx_word' id='word_1_135' title='bbox 1109 2385 1391 2461; x_wconf 89' lang='lat' dir='ltr'><strong>Commelianus</strong></span> <span class='ocrx_word' id='word_1_136' title='bbox 1422 2402 1461 2461; x_wconf 89' lang='lat' dir='ltr'><strong>et</strong></span> <span class='ocrx_word' id='word_1_137' title='bbox 1480 2388 1632 2465; x_wconf 84' lang='lat' dir='ltr'><strong>Nazari-</strong></span> 
     </span>
     <span class='ocr_line' id='line_1_18' title="bbox 228 2504 1630 2619; baseline -0.001 -27"><span class='ocrx_word' id='word_1_138' title='bbox 228 2541 324 2592; x_wconf 90' lang='lat' dir='ltr'><strong>anus</strong></span> <span class='ocrx_word' id='word_1_139' title='bbox 337 2512 473 2590; x_wconf 84' lang='lat' dir='ltr'><strong>multa</strong></span> <span class='ocrx_word' id='word_1_140' title='bbox 500 2512 729 2600; x_wconf 88' lang='lat' dir='ltr'><strong>omiserunt,</strong></span> <span class='ocrx_word' id='word_1_141' title='bbox 753 2510 895 2613; x_wconf 89' lang='lat' dir='ltr'><strong>quibus</strong></span> <span class='ocrx_word' id='word_1_142' title='bbox 927 2508 1060 2585; x_wconf 88' lang='lat' dir='ltr'><strong>deletis</strong></span> <span class='ocrx_word' id='word_1_143' title='bbox 1083 2509 1207 2585; x_wconf 89' lang='lat' dir='ltr'><strong>omnis</strong></span> <span class='ocrx_word' id='word_1_144' title='bbox 1235 2508 1417 2586; x_wconf 89' lang='lat' dir='ltr'><strong>orationis</strong></span> <span class='ocrx_word' id='word_1_145' title='bbox 1443 2504 1630 2619; x_wconf 80' lang='lat' dir='ltr'><strong>elegantia</strong></span> 
     </span>
     <span class='ocr_line' id='line_1_19' title="bbox 226 2632 1631 2745; baseline 0 -30"><span class='ocrx_word' id='word_1_146' title='bbox 226 2640 335 2745; x_wconf 86' lang='lat' dir='ltr'><strong>perit</strong></span> <span class='ocrx_word' id='word_1_147' title='bbox 373 2637 446 2715; x_wconf 86' lang='lat' dir='ltr'><strong>Sed</strong></span> <span class='ocrx_word' id='word_1_148' title='bbox 470 2636 518 2713; x_wconf 90' lang='lat' dir='ltr'><strong>de</strong></span> <span class='ocrx_word' id='word_1_149' title='bbox 548 2634 623 2710; x_wconf 86' lang='lat' dir='ltr'><strong>fide</strong></span> <span class='ocrx_word' id='word_1_150' title='bbox 648 2633 858 2724; x_wconf 87' lang='lat' dir='ltr'><strong>Codicum,</strong></span> <span class='ocrx_word' id='word_1_151' title='bbox 889 2659 985 2737; x_wconf 83' lang='lat' dir='ltr'><strong>quos</strong></span> <span class='ocrx_word' id='word_1_152' title='bbox 1003 2632 1219 2711; x_wconf 80' lang='lat' dir='ltr'><strong>accuratius</strong></span> <span class='ocrx_word' id='word_1_153' title='bbox 1247 2635 1479 2727; x_wconf 80' lang='lat' dir='ltr'><strong>examinavi,</strong></span> <span class='ocrx_word' id='word_1_154' title='bbox 1513 2638 1631 2743; x_wconf 89' lang='lat' dir='ltr'><strong>paulo</strong></span> 
     </span>
     <span class='ocr_line' id='line_1_20' title="bbox 226 2760 673 2841; baseline -0.02 0"><span class='ocrx_word' id='word_1_155' title='bbox 226 2762 328 2841; x_wconf 80' lang='lat' dir='ltr'><strong>inira</strong></span> <span class='ocrx_word' id='word_1_156' title='bbox 350 2760 470 2838; x_wconf 80' lang='lat' dir='ltr'><strong>fusius</strong></span> <span class='ocrx_word' id='word_1_157' title='bbox 486 2760 673 2836; x_wconf 83' lang='lat' dir='ltr'><strong>disseram.</strong></span> 
     </span>
    </p>

    <p class='ocr_par' dir='ltr' id='par_1_3' title="bbox 214 2866 1638 4347">
     <span class='ocr_line' id='line_1_21' title="bbox 349 2866 1633 2989; baseline 0 -28"><span class='ocrx_word' id='word_1_158' title='bbox 349 2883 541 2989; x_wconf 87' lang='lat' dir='ltr'><strong>Imprimis</strong></span> <span class='ocrx_word' id='word_1_159' title='bbox 568 2881 664 2958; x_wconf 89' lang='lat' dir='ltr'><strong>mihi</strong></span> <span class='ocrx_word' id='word_1_160' title='bbox 698 2904 800 2957; x_wconf 85' lang='lat' dir='ltr'><strong>curae</strong></span> <span class='ocrx_word' id='word_1_161' title='bbox 829 2878 924 2970; x_wconf 84' lang='lat' dir='ltr'><strong>luit,</strong></span> <span class='ocrx_word' id='word_1_162' title='bbox 957 2895 1003 2954; x_wconf 90' lang='lat' dir='ltr'><strong>ut</strong></span> <span class='ocrx_word' id='word_1_163' title='bbox 1041 2866 1252 2984; x_wconf 84' lang='lat' dir='ltr'><strong>fragmenta</strong></span> <span class='ocrx_word' id='word_1_164' title='bbox 1279 2882 1515 2959; x_wconf 86' lang='lat' dir='ltr'><strong>emendatius</strong></span> <span class='ocrx_word' id='word_1_165' title='bbox 1548 2884 1633 2961; x_wconf 85' lang='lat' dir='ltr'><strong>ede·</strong></span> 
     </span>
     <span class='ocr_line' id='line_1_22' title="bbox 231 3003 1632 3111; baseline -0.001 -24"><span class='ocrx_word' id='word_1_166' title='bbox 231 3026 384 3098; x_wconf 88' lang='lat' dir='ltr'><strong>rentur,</strong></span> <span class='ocrx_word' id='word_1_167' title='bbox 408 3034 527 3111; x_wconf 89' lang='lat' dir='ltr'><strong>quam</strong></span> <span class='ocrx_word' id='word_1_168' title='bbox 552 3004 680 3081; x_wconf 88' lang='lat' dir='ltr'><strong>adhuc</strong></span> <span class='ocrx_word' id='word_1_169' title='bbox 707 3003 853 3083; x_wconf 85' lang='lat' dir='ltr'><strong>factum</strong></span> <span class='ocrx_word' id='word_1_170' title='bbox 875 3019 939 3081; x_wconf 80' lang='lat' dir='ltr'><strong>est.</strong></span> <span class='ocrx_word' id='word_1_171' title='bbox 986 3004 1085 3079; x_wconf 88' lang='lat' dir='ltr'><strong>Nam</strong></span> <span class='ocrx_word' id='word_1_172' title='bbox 1109 3005 1291 3080; x_wconf 89' lang='lat' dir='ltr'><strong>Carrione</strong></span> <span class='ocrx_word' id='word_1_173' title='bbox 1315 3022 1488 3108; x_wconf 84' lang='lat' dir='ltr'><strong>excepto,</strong></span> <span class='ocrx_word' id='word_1_174' title='bbox 1523 3009 1632 3085; x_wconf 90' lang='lat' dir='ltr'><strong>cuius</strong></span> 
     </span>
     <span class='ocr_line' id='line_1_23' title="bbox 232 3125 1633 3218; baseline -0.001 -11"><span class='ocrx_word' id='word_1_175' title='bbox 232 3131 371 3215; x_wconf 80' lang='lat' dir='ltr'><strong>hucin</strong></span> <span class='ocrx_word' id='word_1_176' title='bbox 389 3158 430 3207; x_wconf 92' lang='lat' dir='ltr'><strong>re</strong></span> <span class='ocrx_word' id='word_1_177' title='bbox 445 3155 593 3205; x_wconf 87' lang='lat' dir='ltr'><strong>summa</strong></span> <span class='ocrx_word' id='word_1_178' title='bbox 622 3128 705 3203; x_wconf 87' lang='lat' dir='ltr'><strong>laus</strong></span> <span class='ocrx_word' id='word_1_179' title='bbox 735 3143 812 3218; x_wconf 86' lang='lat' dir='ltr'><strong>est,</strong></span> <span class='ocrx_word' id='word_1_180' title='bbox 844 3127 959 3202; x_wconf 85' lang='lat' dir='ltr'><strong>ceteri</strong></span> <span class='ocrx_word' id='word_1_181' title='bbox 983 3126 1143 3203; x_wconf 88' lang='lat' dir='ltr'><strong>editores</strong></span> <span class='ocrx_word' id='word_1_182' title='bbox 1167 3125 1248 3203; x_wconf 84' lang='lat' dir='ltr'><strong>hoec</strong></span> <span class='ocrx_word' id='word_1_183' title='bbox 1273 3126 1351 3203; x_wconf 84' lang='lat' dir='ltr'><strong>fere</strong></span> <span class='ocrx_word' id='word_1_184' title='bbox 1376 3129 1519 3205; x_wconf 90' lang='lat' dir='ltr'><strong>intacta</strong></span> <span class='ocrx_word' id='word_1_185' title='bbox 1545 3131 1633 3207; x_wconf 87' lang='lat' dir='ltr'><strong>reli·</strong></span> 
     </span>
     <span class='ocr_line' id='line_1_24' title="bbox 232 3249 1632 3358; baseline -0.001 -27"><span class='ocrx_word' id='word_1_186' title='bbox 232 3282 356 3358; x_wconf 87' lang='lat' dir='ltr'><strong>quere.</strong></span> <span class='ocrx_word' id='word_1_187' title='bbox 393 3258 476 3358; x_wconf 88' lang='lat' dir='ltr'><strong>lpse</strong></span> <span class='ocrx_word' id='word_1_188' title='bbox 496 3250 646 3327; x_wconf 84' lang='lat' dir='ltr'><strong>Curtius</strong></span> <span class='ocrx_word' id='word_1_189' title='bbox 661 3276 741 3324; x_wconf 88' lang='lat' dir='ltr'><strong>rem</strong></span> <span class='ocrx_word' id='word_1_190' title='bbox 757 3249 1008 3355; x_wconf 84' lang='lat' dir='ltr'><strong>negligentius</strong></span> <span class='ocrx_word' id='word_1_191' title='bbox 1032 3251 1225 3341; x_wconf 80' lang='lat' dir='ltr'><strong>tractavit,</strong></span> <span class='ocrx_word' id='word_1_192' title='bbox 1251 3249 1432 3343; x_wconf 88' lang='lat' dir='ltr'><strong>lauream,</strong></span> <span class='ocrx_word' id='word_1_193' title='bbox 1456 3253 1589 3344; x_wconf 90' lang='lat' dir='ltr'><strong>credo,</strong></span> <span class='ocrx_word' id='word_1_194' title='bbox 1607 3282 1632 3330; x_wconf 92' lang='lat' dir='ltr'><strong>a</strong></span> 
     </span>
     <span class='ocr_line' id='line_1_25' title="bbox 214 3372 1633 3483; baseline 0.001 -29"><span class='ocrx_word' id='word_1_195' title='bbox 214 3379 414 3455; x_wconf 85' lang='lat' dir='ltr'><strong>&#39;Carrione</strong></span> <span class='ocrx_word' id='word_1_196' title='bbox 429 3376 502 3451; x_wconf 89' lang='lat' dir='ltr'><strong>sibi</strong></span> <span class='ocrx_word' id='word_1_197' title='bbox 521 3390 748 3481; x_wconf 83' lang='lat' dir='ltr'><strong>praereptam</strong></span> <span class='ocrx_word' id='word_1_198' title='bbox 767 3390 890 3467; x_wconf 71' lang='lat' dir='ltr'><strong>ratus,</strong></span> <span class='ocrx_word' id='word_1_199' title='bbox 914 3372 1059 3449; x_wconf 90' lang='lat' dir='ltr'><strong>nedum</strong></span> <span class='ocrx_word' id='word_1_200' title='bbox 1074 3375 1262 3476; x_wconf 87' lang='lat' dir='ltr'><strong>sequiores</strong></span> <span class='ocrx_word' id='word_1_201' title='bbox 1274 3374 1451 3466; x_wconf 85' lang='lat' dir='ltr'><strong>editores,</strong></span> <span class='ocrx_word' id='word_1_202' title='bbox 1473 3380 1542 3483; x_wconf 81' lang='lat' dir='ltr'><strong>qui</strong></span> <span class='ocrx_word' id='word_1_203' title='bbox 1555 3378 1633 3455; x_wconf 84' lang='lat' dir='ltr'><strong>fere</strong></span> 
     </span>
     <span class='ocr_line' id='line_1_26' title="bbox 232 3495 1631 3606; baseline -0.006 -29"><span class='ocrx_word' id='word_1_204' title='bbox 232 3502 361 3606; x_wconf 88' lang='lat' dir='ltr'><strong>pueris</strong></span> <span class='ocrx_word' id='word_1_205' title='bbox 381 3527 536 3605; x_wconf 85' lang='lat' dir='ltr'><strong>operam</strong></span> <span class='ocrx_word' id='word_1_206' title='bbox 567 3524 676 3575; x_wconf 88' lang='lat' dir='ltr'><strong>suam</strong></span> <span class='ocrx_word' id='word_1_207' title='bbox 697 3495 853 3600; x_wconf 88' lang='lat' dir='ltr'><strong>probari</strong></span> <span class='ocrx_word' id='word_1_208' title='bbox 881 3496 1077 3588; x_wconf 89' lang='lat' dir='ltr'><strong>volebant,</strong></span> <span class='ocrx_word' id='word_1_209' title='bbox 1103 3496 1184 3572; x_wconf 86' lang='lat' dir='ltr'><strong>haec</strong></span> <span class='ocrx_word' id='word_1_210' title='bbox 1207 3498 1361 3573; x_wconf 85' lang='lat' dir='ltr'><strong>dumeta</strong></span> <span class='ocrx_word' id='word_1_211' title='bbox 1393 3498 1631 3601; x_wconf 82' lang='lat' dir='ltr'><strong>attingerent.</strong></span> 
     </span>
     <span class='ocr_line' id='line_1_27' title="bbox 231 3618 1633 3723; baseline -0.006 -21"><span class='ocrx_word' id='word_1_212' title='bbox 231 3626 369 3702; x_wconf 88' lang='lat' dir='ltr'><strong>Nullus</strong></span> <span class='ocrx_word' id='word_1_213' title='bbox 399 3624 502 3699; x_wconf 91' lang='lat' dir='ltr'><strong>enim</strong></span> <span class='ocrx_word' id='word_1_214' title='bbox 536 3622 606 3709; x_wconf 92' lang='lat' dir='ltr'><strong>iis,</strong></span> <span class='ocrx_word' id='word_1_215' title='bbox 638 3646 724 3723; x_wconf 77' lang='lat' dir='ltr'><strong>qrroe</strong></span> <span class='ocrx_word' id='word_1_216' title='bbox 750 3620 881 3695; x_wconf 86' lang='lat' dir='ltr'><strong>Carrio</strong></span> <span class='ocrx_word' id='word_1_217' title='bbox 916 3619 959 3695; x_wconf 90' lang='lat' dir='ltr'><strong>in</strong></span> <span class='ocrx_word' id='word_1_218' title='bbox 988 3618 1257 3696; x_wconf 87' lang='lat' dir='ltr'><strong>additamentis</strong></span> <span class='ocrx_word' id='word_1_219' title='bbox 1290 3620 1564 3701; x_wconf 79' lang='lat' dir='ltr'><strong>adorationes</strong></span> <span class='ocrx_word' id='word_1_220' title='bbox 1595 3634 1633 3695; x_wconf 91' lang='lat' dir='ltr'><strong>et</strong></span> 
     </span>
     <span class='ocr_line' id='line_1_28' title="bbox 233 3742 1632 3852; baseline 0 -29"><span class='ocrx_word' id='word_1_221' title='bbox 233 3747 419 3852; x_wconf 87' lang='lat' dir='ltr'><strong>Epistolas</strong></span> <span class='ocrx_word' id='word_1_222' title='bbox 438 3774 485 3823; x_wconf 83' lang='lat' dir='ltr'><strong>ex</strong></span> <span class='ocrx_word' id='word_1_223' title='bbox 504 3744 656 3848; x_wconf 90' lang='lat' dir='ltr'><strong>optimis</strong></span> <span class='ocrx_word' id='word_1_224' title='bbox 679 3743 784 3817; x_wconf 88' lang='lat' dir='ltr'><strong>libris</strong></span> <span class='ocrx_word' id='word_1_225' title='bbox 808 3742 1069 3836; x_wconf 85' lang='lat' dir='ltr'><strong>adnotaverat,</strong></span> <span class='ocrx_word' id='word_1_226' title='bbox 1105 3770 1194 3819; x_wconf 88' lang='lat' dir='ltr'><strong>usus</strong></span> <span class='ocrx_word' id='word_1_227' title='bbox 1210 3761 1283 3837; x_wconf 78' lang='lat' dir='ltr'><strong>cst3</strong></span> <span class='ocrx_word' id='word_1_228' title='bbox 1306 3765 1486 3849; x_wconf 82' lang='lat' dir='ltr'><strong>praetcrea</strong></span> <span class='ocrx_word' id='word_1_229' title='bbox 1509 3745 1632 3823; x_wconf 84' lang='lat' dir='ltr'><strong>multa</strong></span> 
     </span>
     <span class='ocr_line' id='line_1_29' title="bbox 235 3863 1635 3972; baseline -0.004 -24"><span class='ocrx_word' id='word_1_230' title='bbox 235 3869 450 3949; x_wconf 86' lang='lat' dir='ltr'><strong>adulterina</strong></span> <span class='ocrx_word' id='word_1_231' title='bbox 476 3895 547 3972; x_wconf 91' lang='lat' dir='ltr'><strong>pro</strong></span> <span class='ocrx_word' id='word_1_232' title='bbox 573 3865 748 3971; x_wconf 87' lang='lat' dir='ltr'><strong>genuinis</strong></span> <span class='ocrx_word' id='word_1_233' title='bbox 769 3863 921 3940; x_wconf 88' lang='lat' dir='ltr'><strong>Salustii</strong></span> <span class='ocrx_word' id='word_1_234' title='bbox 943 3866 1066 3941; x_wconf 84' lang='lat' dir='ltr'><strong>verbis</strong></span> <span class='ocrx_word' id='word_1_235' title='bbox 1089 3864 1326 3959; x_wconf 79' lang='lat' dir='ltr'><strong>habuerunt,</strong></span> <span class='ocrx_word' id='word_1_236' title='bbox 1355 3870 1476 3947; x_wconf 91' lang='lat' dir='ltr'><strong>multa</strong></span> <span class='ocrx_word' id='word_1_237' title='bbox 1503 3869 1635 3945; x_wconf 90' lang='lat' dir='ltr'><strong>omise-</strong></span> 
     </span>
     <span class='ocr_line' id='line_1_30' title="bbox 235 3989 1637 4097; baseline 0 -24"><span class='ocrx_word' id='word_1_238' title='bbox 235 4011 339 4079; x_wconf 78' lang='lat' dir='ltr'><strong>runt</strong></span> <span class='ocrx_word' id='word_1_239' title='bbox 381 3993 511 4092; x_wconf 84' lang='lat' dir='ltr'><strong>Quare</strong></span> <span class='ocrx_word' id='word_1_240' title='bbox 523 3989 652 4068; x_wconf 91' lang='lat' dir='ltr'><strong>omnia</strong></span> <span class='ocrx_word' id='word_1_241' title='bbox 664 4004 835 4065; x_wconf 83' lang='lat' dir='ltr'><strong>veterum</strong></span> <span class='ocrx_word' id='word_1_242' title='bbox 847 3989 1216 4082; x_wconf 82' lang='lat' dir='ltr'><strong>Grammaticorum,</strong></span> <span class='ocrx_word' id='word_1_243' title='bbox 1231 3992 1484 4097; x_wconf 84' lang='lat' dir='ltr'><strong>interpretum</strong></span> <span class='ocrx_word' id='word_1_244' title='bbox 1500 4010 1538 4073; x_wconf 87' lang='lat' dir='ltr'><strong>et</strong></span> <span class='ocrx_word' id='word_1_245' title='bbox 1549 3990 1637 4073; x_wconf 65' lang='lat' dir='ltr'><strong>rhee</strong></span> 
     </span>
     <span class='ocr_line' id='line_1_31' title="bbox 237 4096 1638 4205; baseline -0.002 -11"><span class='ocrx_word' id='word_1_246' title='bbox 237 4132 367 4194; x_wconf 87' lang='lat' dir='ltr'><strong>torum</strong></span> <span class='ocrx_word' id='word_1_247' title='bbox 384 4116 489 4204; x_wconf 92' lang='lat' dir='ltr'><strong>loca,</strong></span> <span class='ocrx_word' id='word_1_248' title='bbox 514 4114 582 4190; x_wconf 81' lang='lat' dir='ltr'><strong>uhi</strong></span> <span class='ocrx_word' id='word_1_249' title='bbox 600 4112 783 4189; x_wconf 87' lang='lat' dir='ltr'><strong>Salustius</strong></span> <span class='ocrx_word' id='word_1_250' title='bbox 807 4110 1001 4202; x_wconf 87' lang='lat' dir='ltr'><strong>laudatur,</strong></span> <span class='ocrx_word' id='word_1_251' title='bbox 1019 4096 1250 4204; x_wconf 82' lang='lat' dir='ltr'><strong>examinavi,</strong></span> <span class='ocrx_word' id='word_1_252' title='bbox 1274 4142 1364 4195; x_wconf 88' lang='lat' dir='ltr'><strong>cum</strong></span> <span class='ocrx_word' id='word_1_253' title='bbox 1381 4116 1638 4205; x_wconf 87' lang='lat' dir='ltr'><strong>emendatissi-</strong></span> 
     </span>
     <span class='ocr_line' id='line_1_32' title="bbox 237 4236 1638 4347; baseline -0.001 -24"><span class='ocrx_word' id='word_1_254' title='bbox 237 4241 308 4326; x_wconf 88' lang='lat' dir='ltr'><strong>mis</strong></span> <span class='ocrx_word' id='word_1_255' title='bbox 328 4238 579 4329; x_wconf 82' lang='lat' dir='ltr'><strong>editionibus,</strong></span> <span class='ocrx_word' id='word_1_256' title='bbox 603 4262 690 4345; x_wconf 80' lang='lat' dir='ltr'><strong>quoe</strong></span> <span class='ocrx_word' id='word_1_257' title='bbox 712 4236 756 4313; x_wconf 86' lang='lat' dir='ltr'><strong>in</strong></span> <span class='ocrx_word' id='word_1_258' title='bbox 768 4253 1099 4342; x_wconf 83' lang='lat' dir='ltr'><strong>promptuemnt,</strong></span> <span class='ocrx_word' id='word_1_259' title='bbox 1124 4240 1289 4331; x_wconf 88' lang='lat' dir='ltr'><strong>contuli,</strong></span> <span class='ocrx_word' id='word_1_260' title='bbox 1309 4256 1387 4347; x_wconf 89' lang='lat' dir='ltr'><strong>quo</strong></span> <span class='ocrx_word' id='word_1_261' title='bbox 1400 4242 1442 4321; x_wconf 90' lang='lat' dir='ltr'><strong>in</strong></span> <span class='ocrx_word' id='word_1_262' title='bbox 1464 4239 1638 4321; x_wconf 76' lang='lat' dir='ltr'><strong>locosim</strong></span> 
     </span>
    </p>
   </div>
   <div class='ocr_carea' id='block_1_3' title="bbox 1189 4378 1223 4480">
    <p class='ocr_par' dir='ltr' id='par_1_4' title="bbox 1189 4378 1223 4480">
     <span class='ocr_line' id='line_1_33' title="bbox 1189 4378 1223 4480; baseline -0.059 0"><span class='ocrx_word' id='word_1_263' title='bbox 1189 4378 1223 4480; x_wconf 81' lang='lat' dir='ltr'><strong>l(</strong></span> 
     </span>
    </p>
   </div>
   <div class='ocr_carea' id='block_1_4' title="bbox 0 0 2030 5009">
    <p class='ocr_par' dir='ltr' id='par_1_5' title="bbox 0 0 2030 5009">
     <span class='ocr_line' id='line_1_34' title="bbox 0 0 2030 5009; baseline 0 1"><span class='ocrx_word' id='word_1_264' title='bbox 0 0 2030 5009; x_wconf 95' lang='lat' dir='ltr'><strong> </strong></span> 
     </span>
    </p>
   </div>
  </div>
 </body>
</html>
