4050 5009
399 411 448 501 4²

401 585 478 662 alio
499 584 630 664 animo
650 586 743 662 belli
757 601 937 664 eventum
959 589 1234 694 exspectabant
1277 589 1338 665 Ad
1354 589 1438 681 boc,
1460 590 1695 692 quicumque
1712 587 1807 662 alia-

400 737 490 788 rum
508 726 625 814 etque
644 711 773 786 Senati
788 712 959 816 partium
974 729 1105 803 erant,
1128 713 1350 789 conturbari
1369 715 1665 818 rempublicam,
1684 739 1805 816 quam

400 836 538 922 minus
548 836 673 910 valere
694 834 766 938 ipsi
785 836 988 912 malebant
1012 836 1060 911 Id
1078 837 1173 913 adeo
1192 835 1339 911 malum
1359 838 1499 914 multos
1516 853 1601 942 post
1618 861 1739 910 annos
1763 835 1808 908 in

352 967 390 1036 ⁵.ss
403 959 596 1054 civitatem
627 973 841 1034 revorterat
888 960 986 1035 Nam
1005 977 1210 1064 postquam
1236 963 1303 1036 Cn.
1323 963 1503 1065 Pompeio
1530 980 1569 1036 et
1596 963 1646 1035 Μ.
1677 963 1808 1036 Crasso

400 1081 629 1159 Consulibus
651 1081 857 1156 tribunicia
875 1099 1037 1187 potestas
1057 1085 1230 1160 restituta
1250 1101 1324 1174 est,
1352 1083 1525 1161 homines
1542 1084 1811 1180 addemme,

399 1231 591 1282 summam
615 1221 839 1308 potestatem
857 1207 980 1298 nacti,
993 1208 1135 1310 quibus
1154 1224 1242 1282 aetas
1260 1207 1487 1312 animusque
1500 1210 1605 1283 ferox
1616 1223 1713 1298 erat,
1734 1231 1816 1279 coe·

399 1355 506 1434 pere,
541 1330 725 1406 Senatum
752 1329 1029 1420 criminando,
1059 1332 1210 1434 plebem
1239 1330 1452 1434 exagitare3
1487 1331 1576 1406 dein
1605 1328 1812 1434 largiundo

402 1470 520 1557 atque
535 1452 786 1556 pollicitando
812 1454 930 1558 magis
955 1455 1177 1547 incendere,
1201 1453 1253 1529 ita
1278 1454 1350 1556 ipsi
1375 1453 1469 1530 clari
1491 1470 1740 1558 potentesque
1764 1449 1814 1522 li·
1909 1531 1916 1541 .

403 1578 468 1660 eri.
504 1579 645 1653 Contra
665 1603 726 1652 eos
743 1600 892 1652 summa
917 1603 989 1682 ope
1015 1577 1213 1652 nitebatur
1228 1576 1411 1680 pleraque
1434 1578 1629 1666 nobilitas,
1653 1577 1817 1651 Senatus

403 1700 527 1807 specie
540 1727 622 1804 ,pro
642 1727 710 1776 sua
734 1701 1009 1805 magnitudine.
1053 1703 1247 1804 Namque,
1276 1701 1337 1775 uti
1364 1701 1496 1805 paucis
1520 1689 1654 1776 verum
1686 1699 1817 1773 absol⁴

405 1853 509 1916 ram,
543 1841 629 1928 post
649 1824 909 1927 illa-tempora
933 1825 1169 1926 quicumque
1189 1825 1469 1928 rempublicam
1491 1826 1704 1929 agitavere,
1739 1821 1815 1896 bo-

408 1951 521 2028 nestis
540 1947 781 2036 nominibus,
808 1941 901 2038 atii,
916 1947 1028 2022 sicuti
1049 1948 1185 2051 populi
1201 1948 1286 2023 iura
1303 1948 1572 2041 defenderent,
1598 1974 1704 2052 pars,
1728 1975 1812 2049 quo

407 2077 567 2152 Senatus
586 2071 792 2148 auctoritas
821 2097 999 2146 maxuma
1024 2069 1138 2163 soret,
1171 2071 1320 2147 bonum
1341 2073 1545 2177 publicum
1569 2070 1820 2160 simulantes,

408 2227 481 2304 pro
497 2225 566 2276 sua
584 2195 748 2298 quisque
764 2195 936 2299 potentia
958 2195 1177 2290 certabant,
1206 2222 1333 2304 neque
1358 2195 1435 2270 illis
1458 2194 1663 2285 modestia,
1685 2219 1817 2296 neque

412 2323 551 2402 modus
573 2319 831 2402 contentionis
850 2334 953 2394 erat:
978 2319 1134 2422 utrique
1144 2319 1343 2394 victoriam
1356 2318 1563 2395 crudeliter
1581 2318 1821 2393 exercebant

361 2441 481 2530 sssed
500 2459 705 2548 postquam
722 2446 789 2520 Cn.
809 2441 1008 2545 Pompeius
1024 2442 1074 2517 ad
1096 2443 1243 2518 bellum
1262 2444 1513 2519 maritumum
1533 2460 1649 2545 atque
1662 2439 1824 2516 Mithri-

411 2563 584 2642 daticum
608 2568 742 2644 missus
758 2581 848 2662 est,
873 2565 994 2672 plebis
1027 2592 1115 2670 opes
1137 2570 1368 2658 imminutae,
1405 2591 1619 2672 paucorum
1641 2568 1822 2670 potentia

414 2791 494 2854 bare.
514 2791 612 2857 Gnell.
622 2817 652 2876 7.
664 2805 693 2854 ct
706 2795 734 2855 5.
754 2814 852 2875 m.pr.
873 2790 936 2852 Bas.
945 2791 974 2852 3.
995 2791 1062 2852 idco
1074 2792 1194 2852 molum.
1207 2804 1301 2874 uterq.
1312 2793 1396 2854 Rem.
1416 2793 1486 2854 Fab.
1507 2795 1574 2855 Eoc.
1595 2793 1684 2862 Heus,
1704 2794 1773 2858 vin.
1794 2815 1825 2854 ι.

414 2899 483 2960 sen.
495 2911 589 2982 uterq.
612 2898 878 2966 Gu01t1.2.3.5.
896 2917 941 2962 ιι.
961 2895 1023 2954 Bas.
1039 2917 1067 2958 2.
1086 2895 1154 2964 Tur.
1171 2918 1196 2956 ι.
1211 2917 1237 2956 a.
1257 2900 1337 2975 quod
1351 2900 1436 2960 adeo.
1456 2897 1519 2958 Bas.
1535 2899 1565 2959 ὅ.
1586 2899 1619 2958 id
1634 2899 1668 2958 id
1681 2919 1724 2965 eo.
1744 2899 1822 2982 Teg.

416 3004 497 3067 Leid.
509 3009 531 3066 l.
552 3006 618 3067 ideo
635 3005 669 3065 id
683 2999 753 3063 mol.
775 3002 871 3064 Guell.
887 3023 915 3083 7.
937 2999 971 3061 id
981 3001 1051 3060 mal.
1071 3001 1153 3060 Leid.
1168 3024 1196 3066 a.
1210 3003 1237 3068 k.
1258 3002 1324 3062 idm
1341 3005 1391 3063 od.
1405 3024 1444 3062 m.
1466 3002 1564 3063 Guelf.
1577 3026 1606 3085 9.
1629 3003 1727 3065 iddco.
1754 3004 1823 3065 Bas.

420 3131 447 3169 ι.
475 3109 509 3171 td
524 3112 608 3176 adeo.
633 3113 733 3190 plures
750 3107 844 3168 Cottii
863 3105 941 3170 libri.
967 3105 1049 3165 Leid.
1065 3103 1095 3165 b.
1109 3127 1135 3167 c.
1147 3105 1177 3168 d.
1193 3108 1250 3165 el.
1266 3129 1294 3188 g.
1308 3104 1338 3164 lu
1354 3109 1374 3165 i.
1387 3128 1429 3171 m.
1441 3129 1473 3166 n.
1501 3108 1579 3173 Edit.
1599 3108 1685 3168 Puris.
1715 3107 1779 3167 Bas.
1793 3109 1834 3170 3.

418 3236 459 3275 ιιι.
470 3237 517 3297 pr.
538 3215 625 3281 Bern.
641 3235 666 3274 ι.
678 3234 706 3275 2.
718 3212 749 3275 3.
770 3211 883 3275 ιἰἰιιιαΙ.
898 3212 982 3270 odeo.
1002 3209 1064 3269 Bas.
1078 3211 1108 3280 4.
1423 3213 1430 3220 “

502 3341 576 3424 Cap.
591 3342 640 3404 38.
661 3340 753 3402 rest-il.
770 3349 821 3400 est.
853 3347 894 3398 est
916 3338 1015 3397 delent
1032 3336 1144 3404 Fabric.
1161 3358 1188 3403 ι.
1206 3335 1269 3399 Bes.
1285 3360 1313 3398 a.
1332 3341 1538 3410 mlulcsccntes,
1565 3339 1709 3404 hocloco
1732 3346 1827 3403 etiam

420 3447 482 3508 llas.
497 3469 524 3508 ι.
543 3447 629 3508 Bem.
647 3466 674 3511 ι.
685 3447 780 3522 feros·
801 3451 874 3502 crat.
894 3451 958 3502 erot
972 3441 1054 3500 Cort.
1070 3445 1176 3509 omisit.
1202 3443 1273 3503 dein
1288 3444 1364 3523 larg.
1384 3448 1568 3506 vetustissimi
1587 3447 1692 3508 eonii.
1712 3447 1775 3512 Bes.
1797 3471 1829 3515 ι.

309 3551 314 3558 ’
420 3553 491 3618 Tur.
513 3571 539 3611 ι.
571 3549 693 3612 dehinc.
714 3545 813 3617 baed.
835 3548 894 3607 inc.
914 3568 938 3611 ι.
956 3545 1131 3626 pollicendo]
1152 3548 1234 3607 Leid.
1248 3547 1315 3607 ab.
1328 3549 1357 3606 d.
1374 3551 1395 3608 l.
1411 3547 1441 3615 h.
1457 3551 1539 3616 hm.
1566 3551 1637 3612 Tur.
1653 3573 1682 3616 ι.
1709 3563 1837 3615 senatus

422 3655 473 3718 sub
491 3652 592 3735 specie.
612 3656 710 3734 plures
719 3649 814 3710 Cortii
831 3649 908 3710 libri.
928 3650 991 3710 Bas.
1004 3649 1033 3711 3.
1048 3650 1076 3721 l.
1103 3651 1258 3716 leidae.
1275 3653 1304 3714 d.
1318 3675 1344 3717 e.
1355 3652 1386 3720 h.
1403 3677 1446 3720 m,
1465 3655 1525 3715 Erl.
1553 3677 1658 3717 υινιιιιι
1677 3655 1841 3719 absolvam

425 3759 487 3822 bec
508 3759 645 3818 omnium
673 3757 731 3816 lere
747 3753 845 3817 Codd.
858 3755 955 3814 lectio.
984 3773 1086 3814 verum
1109 3757 1207 3815 omisit
1233 3757 1299 3818 Ecc.
1321 3760 1353 3817 in
1370 3769 1497 3840 quantuor
1513 3761 1608 3821 Cortii
1624 3760 1707 3821 libris
1724 3765 1833 3822 locum

427 3871 532 3926 mutat.
550 3879 623 3922 vera
634 3859 694 3922 abt.
715 3857 815 3916 Ηιιιιι.
835 3857 903 3916 Seu·
914 3877 942 3916 ι.
960 3856 1046 3916 Bem.
1059 3857 1089 3918 3.
1107 3869 1173 3940 post
1191 3860 1245 3919 illo
1265 3870 1352 3943 temp.
1372 3875 1493 3946 uterque
1515 3865 1584 3927 Vin.
1608 3864 1724 3928 Fabric.
1743 3865 1837 3926 ilem.

426 3968 488 4032 ine.
513 3966 583 4025 sen.
602 3960 655 4024 lc.
675 3963 775 4021 lienes.
794 3961 890 4021 Strui.
909 3959 976 4020 Ecc.
995 3980 1097 4021 omnes
1114 3961 1212 4026 Guelf.
1233 3965 1368 4046 (exeeptis
1379 3969 1407 4027 6.
1420 3969 1463 4049 9.)
1484 3967 1547 4029 Bas.
1569 3990 1595 4032 ι.
1609 3991 1637 4032 a.
1653 3969 1725 4044 Μ.
1743 3969 1834 4034 Leid.

429 4092 458 4156 q.
471 4068 535 4132 bi.
549 4069 578 4128 k.
589 4089 631 4131 m.
651 4067 736 4126 Beru.
752 4081 819 4126 ι.ι.
839 4063 979 4125 mutat.
995 4062 1049 4125 Ac.
1069 4066 1129 4126 inc.
1140 4087 1165 4132 1.
1183 4068 1253 4130 vin.
1269 4091 1294 4131 ι.
1307 4072 1392 4139 Rem.
1404 4093 1430 4132 ι.
1444 4072 1582 4142 Gneus.
1594 4098 1624 4160 7.
1636 4072 1666 4138 8.
1682 4095 1728 4138 ιι.
1740 4075 1835 4140 beru.

434 4195 460 4236 ι.
481 4192 573 4253 neque
586 4171 645 4232 illis
662 4168 825 4231 modestia..
839 4167 921 4228 cort
938 4189 1102 4249 pronomen
1114 4171 1229 4236 delevit.
1247 4177 1317 4236 item
1330 4177 1407 4238 Edit.
1420 4178 1507 4239 Paris.

508 4299 582 4387 cap.
603 4299 652 4384 39.
673 4298 774 4360 :meus
793 4305 844 4363 est.
864 4307 904 4358 est
921 4296 998 4358 delet
1014 4295 1110 4360 Gucll’.
1132 4321 1178 4364 ιο.
1197 4300 1360 4368 tambaco
1375 4317 1452 4368 suot.
1472 4310 1514 4370 ita
1533 4309 1593 4370 inc.
1625 4307 1714 4372 licus.
1734 4311 1839 4376 Suae.
