4050 5009
416 416 472 496 68

420 597 479 674 Ita
498 596 564 674 ille
584 599 783 704 patricius,
806 626 853 676 ex
872 613 981 706 gente
1000 597 1218 676 clarissuma
1237 599 1517 688 Corneliorum,
1535 597 1604 702 qui
1617 597 1814 678 consulare

420 721 626 827 imperium
654 725 784 801 Romae
812 722 1025 814 habuerat,
1049 723 1211 830 dignum
1238 724 1408 801 moribus
1433 722 1618 825 factisque
1639 723 1716 800 suis
1740 725 1814 798 exi-

420 846 520 923 tium
542 849 631 924 vitae
653 849 811 925 invenit
855 849 917 924 De
939 846 1120 953 Cethego,
1145 847 1313 939 Statilio,
1338 847 1524 938 Gabinio,
1549 847 1726 952 Caepario
1756 875 1814 923 eo·

372 969 507 1046 todem
530 971 647 1049 modo
665 971 901 1077 supplicium
920 989 1120 1077 sumptum
1137 989 1201 1049 est
1246 975 1353 1048 Dum
1382 999 1426 1048 ea
1452 973 1580 1047 Romae
1605 988 1814 1076 geruntur,

420 1094 587 1172 Catilina
611 1097 783 1172 exomni
805 1097 933 1202 copia,
958 1125 1077 1201 quam
1094 1114 1132 1172 et
1150 1097 1228 1201 ipse
1248 1097 1473 1188 adduxerat,
1499 1113 1537 1171 et
1552 1095 1723 1171 Manlius
1747 1094 1813 1172 ha-

418 1217 579 1306 buerat,
613 1219 709 1296 duas
737 1221 901 1326 legionen
935 1220 1126 1314 instituit,
1160 1218 1331 1296 cobortes
1359 1247 1430 1325 pro
1458 1246 1619 1294 numero
1645 1219 1813 1294 militum

418 1344 603 1448 complet:
628 1342 787 1436 deinde,
808 1359 856 1418 ut
881 1342 1043 1447 quisque
1068 1343 1305 1420 voluntarius
1336 1361 1404 1419 aut
1431 1372 1476 1418 ex
1498 1344 1605 1418 sociis
1630 1344 1673 1418 in
1694 1361 1814 1419 castra

417 1484 595 1559 venerat,
623 1468 821 1572 aequaliter
839 1467 1102 1556 distribuerat,
1128 1495 1172 1543 ac
1191 1467 1296 1544 brevi
1317 1467 1439 1572 spatio
1465 1466 1627 1572 legiones
1653 1495 1815 1544 numero

417 1589 623 1668 hominum
640 1591 877 1696 expleverat3
901 1619 1026 1694 quum
1044 1591 1156 1666 initio
1181 1619 1261 1665 non
1284 1592 1449 1696 amplius
1466 1590 1616 1667 duobus
1643 1591 1815 1667 millibus

417 1714 618 1791 habuisset
657 1715 729 1790 Sed
746 1741 792 1790 ex
809 1715 915 1791 omni
941 1715 1050 1818 copia
1073 1714 1223 1789 circiter
1246 1740 1333 1818 pars
1357 1731 1494 1820 quarta
1527 1731 1607 1788 erat
1639 1714 1816 1790 militari-

418 1839 490 1913 bus
517 1841 631 1916 armis
656 1837 1016 1933 instrueta30ete1i,
1041 1853 1086 1913 ut
1116 1863 1307 1940 quemque
1332 1863 1437 1913 casus
1466 1855 1698 1930 armaverat,
1729 1866 1814 1944 spa-

418 1989 479 2039 ros
504 1980 573 2038 aut
598 1963 763 2053 lanceas,
794 1962 860 2037 alii
883 1977 1091 2065 praeacutas
1122 1961 1230 2036 sudes
1254 1962 1471 2066 portabant
1516 1963 1589 2039 Sed
1611 1979 1813 2068 postquam

417 2088 608 2163 Antonius
627 2115 718 2162 cnm
737 2086 906 2162 exercitu
924 2085 1170 2172 adventabat,
1202 2084 1366 2160 Catilina
1398 2111 1467 2188 per
1486 2104 1633 2162 montes
1664 2088 1737 2164 iter
1758 2089 1812 2164 fa·
1958 2181 1959 2194 ἵ

419 2237 520 2301 cere,
544 2210 731 2286 modoad
755 2210 908 2300 urbem,
932 2208 1048 2284 modo
1076 2208 1118 2285 in
1147 2205 1316 2282 Galliam
1343 2235 1466 2283 versus
1493 2227 1613 2284 castra
1637 2238 1813 2308 morere3
1895 2255 1902 2264 ι
1958 2209 1959 2218 '

419 2334 591 2411 hostibus
618 2333 854 2410 occasionem
884 2331 1084 2437 pugnandi
1119 2359 1199 2407 uon
1235 2331 1351 2426 dare;
1385 2334 1561 2436 sperabat
1592 2337 1814 2440 propediem

420 2484 578 2566 magnas
599 2459 726 2568 copias
754 2482 832 2534 sese
852 2455 1098 2548 habiturum,
1121 2455 1152 2531 si
1178 2457 1305 2530 Roma
1327 2455 1419 2531 socii
1454 2457 1605 2563 incepta
1632 2457 1814 2565 patravis-

421 2680 475 2722 σα.
494 2656 564 2720 vin.
576 2677 603 2718 2.
623 2655 712 2718 aad.
732 2656 828 2718 strue·
846 2654 944 2715 Sonat.
958 2673 987 2715 2.
1008 2655 1110 2716 lleuss.
1128 2653 1213 2715 Bern.
1224 2673 1252 2714 2.
1284 2653 1393 2715 iradioes
1408 2653 1545 2717 vindices.
1562 2680 1589 2719 r.
1600 2677 1628 2719 o.
1642 2659 1695 2739 qui
1708 2672 1813 2723 contro

419 2766 489 2826 Tur.
504 2785 533 2826 2.
548 2783 603 2845 per
621 2762 730 2822 dedices
751 2760 819 2821 Ecc.
836 2759 1011 2841 periodicas
1030 2759 1142 2820 l'abric.
1157 2779 1183 2819 2.
1203 2758 1300 2819 Guell.
1316 2759 1382 2820 nd.
1401 2761 1464 2820 Bas
1480 2782 1507 2826 2.
1528 2763 1598 2824 Tur.
1611 2785 1638 2826 1.
1656 2765 1727 2850 Τις.
1743 2767 1816 2850 plu·

418 2872 488 2931 rimi
500 2868 617 2929 Gruteri
629 2865 708 2927 libri.
736 2865 896 2926 ammom
906 2875 934 2926 ct
953 2865 1039 2926 virtd.
1059 2883 1135 2924 unua
1145 2865 1258 2926 Wassii.
1278 2873 1342 2924 erat
1360 2884 1450 2946 proee.
1471 2865 1533 2928 Bas.
1553 2888 1578 2927 ι.
1592 2869 1621 2940 4.
1638 2889 1730 2950 proec.
1741 2874 1815 2950 sua-

420 2985 469 3034 rot
489 2973 577 3036 Bern.
592 2994 618 3032 1.
630 2972 778 3052 frangere
796 2967 894 3032 Gnell.
914 2990 940 3029 ι.
953 2969 981 3031 5.
1001 2989 1039 3030 es:
1062 2977 1148 3048 gente
1163 2970 1236 3029 cher.
1264 2969 1334 3052 Tcg.
1361 2968 1423 3030 Bas.
1439 2992 1464 3031 ι.
1478 2991 1504 3030 2.
1520 2971 1551 3036 3.
1562 2972 1592 3044 d.
1620 2971 1719 3038 Turio.
1742 2997 1768 3038 ι.
1788 2997 1813 3038 2.

419 3079 504 3142 Bam.
519 3079 548 3140 3.
564 3100 593 3162 g.
611 3097 695 3138 corn.
715 3076 754 3136 cl.
772 3073 857 3135 bern.
871 3095 898 3134 2.
911 3073 989 3154 clg.
1003 3071 1098 3136 Corn.
1118 3071 1202 3132 Cort.
1220 3073 1340 3134 acilium
1357 3075 1426 3136 vitoe
1445 3075 1531 3137 Fabr.
1548 3100 1572 3139 ι.
1589 3099 1617 3138 2.
1638 3100 1681 3139 m.
1689 3102 1736 3164 pr.
1754 3081 1814 3142 llas.

422 3207 448 3247 ι.
467 3184 540 3246 223.
559 3206 600 3243 m.
614 3204 671 3244 sec.
691 3199 793 3242 omncs
804 3179 889 3239 Paria.
909 3178 989 3241 Leid.
1005 3199 1033 3238 a.
1047 3178 1077 3238 b.
1095 3199 1122 3238 c.
1136 3176 1169 3236 d.
1183 3176 1249 3238 h.1.
1264 3200 1305 3244 m.
1326 3179 1398 3248 Tur,
1416 3202 1442 3242 1.
1460 3182 1560 3242 Vinar.
1575 3204 1606 3244 2.
1623 3185 1722 3248 Struv.
1746 3187 1813 3249 Ecc.

416 3293 484 3352 Seu.
500 3311 527 3354 ι.
553 3279 653 3349 Hense.
673 3286 773 3347 Guell.
786 3307 811 3345 ι.
824 3305 851 3344 2.
864 3283 1009 3354 MSS.
1023 3305 1050 3364 7.
1072 3281 1187 3347 Fabric.
1205 3294 1235 3343 ct
1247 3287 1303 3364 alii*
1315 3284 1375 3344 dua
1386 3285 1453 3348 Rir.
1473 3285 1559 3346 Bern.
1575 3309 1601 3347 1.
1623 3289 1675 3354 lib.
1694 3289 1722 3352 2.
1743 3290 1813 3374 ch.

418 3395 516 3460 Pemb.
536 3395 715 3458 hlothr-A.
735 3389 848 3452 exibam
866 3391 964 3450 ceteri.
989 3388 1059 3449 vitos
1076 3386 1153 3448 delet
1168 3387 1294 3450 Leidn.
1321 3399 1362 3450 est
1374 3399 1510 3451 atratum.
1533 3391 1634 3454 Gncll.
1649 3415 1695 3455 ro.
1717 3408 1745 3458 et
1765 3399 1814 3460 alii

417 3511 553 3584 quatuor.
579 3509 620 3559 ert
637 3497 699 3556 duo
710 3495 814 3558 Wassii
830 3494 982 3555 omittunt.

480 3626 556 3708 Cap.
572 3626 620 3686 56.
641 3627 714 3685 daun
727 3623 800 3683 hoec.
819 3623 880 3686 inc.
897 3642 923 3681 1.
943 3619 1040 3678 Guell.
1051 3642 1079 3701 7.
1099 3619 1162 3680 Bas.
1179 3619 1207 3692 4.
1228 3641 1263 3681 aa
1279 3642 1340 3687 om.
1359 3623 1420 3688 Bas.
1437 3645 1463 3685 1.
1485 3626 1631 3690 cohor-tat
1645 3631 1676 3690 in
1698 3635 1814 3694 tenutis

418 3734 476 3816 legi
490 3741 575 3794 notat
588 3729 655 3791 lliv.
673 3732 837 3808 iterumque
851 3728 942 3806 paulo
962 3726 1047 3784 infra.
1066 3723 1145 3784 uertit
1157 3724 1273 3788 Fabric.
1290 3739 1387 3810 uterq.
1405 3728 1465 3789 Erl.
1485 3729 1554 3814 Teg.
1574 3732 1734 3800 distribuit.
1753 3738 1813 3800 Bas.

420 3837 450 3898 3.
470 3836 555 3900 Rem.
570 3855 596 3896 ι.
617 3831 814 3893 distribuebat.
834 3829 916 3892 leid.
929 3830 950 3887 i.
975 3827 1054 3889 brool
1076 3829 1213 3909 legiones.
1238 3831 1475 3915 (spatioomisso)
1507 3835 1593 3898 Rem.
1611 3861 1636 3900 ι.
1665 3845 1755 3904 morlo
1774 3847 1816 3904 nd

420 3939 531 4000 urbm.
549 3939 590 4000 sic
612 3955 713 3996 omnes
732 3935 790 3996 lero
808 3931 904 3993 Codd.
931 3931 973 3990 ad
989 3931 1089 3991 urbem
1103 3935 1202 3994 mdo.
1232 3938 1322 3996 modo
1345 3936 1441 4004 Guell.
1458 3962 1488 4020 9.
1508 3940 1542 4001 in
1562 3942 1693 4005 Guttam
1708 3967 1815 4011 versus.

421 4044 507 4104 Prisc.
527 4041 564 4100 de
578 4040 645 4102 llll.
664 4058 737 4100 rara.
757 4036 830 4102 len.
845 4057 911 4115 cap.
931 4035 977 4095 13.
995 4058 1027 4118 p.
1038 4037 1108 4118 357.
1135 4049 1164 4099 et
1177 4039 1290 4121 aliquot
1308 4044 1408 4124 scripti
1429 4043 1526 4112 Codd.
1543 4046 1648 4110 Cottii.
1677 4053 1719 4111 ad
1740 4051 1815 4115 Gal·

420 4148 494 4208 liam
508 4164 615 4219 uersus.
633 4143 746 4204 Fabrio.
761 4161 787 4205 r.
813 4140 877 4202 Bas.
891 4158 917 4197 2.
938 4139 1036 4204 inca.
1066 4139 1162 4207 Guelf.
1172 4143 1200 4208 6.
1227 4156 1360 4205 neutram
1379 4168 1501 4229 praepos.
1527 4141 1689 4215 admittunt
1718 4157 1813 4220 Strur.

420 4255 481 4315 inc,
493 4271 522 4310 2.
541 4248 626 4308 Rem.
642 4266 668 4307 ι.
687 4245 750 4306 Bas.
765 4265 792 4305 r.
810 4245 911 4307 Vinar.
927 4263 959 4304 2..
974 4242 1086 4304 Fabric.
1101 4265 1128 4309 2.
1156 4245 1260 4312 Franc.
1279 4249 1330 4310 dc.
1359 4251 1456 4312 Guell.
1473 4273 1502 4315 2.
1513 4253 1543 4315 5.
1557 4255 1587 4327 4.
1603 4259 1631 4316 5.
1644 4261 1752 4344 7.8.9.
1768 4284 1813 4324 ιο.

426 4377 471 4421 ιι.
487 4373 530 4414 ι2.
549 4349 630 4411 leid.
644 4369 670 4410 e.
682 4351 702 4408 f.
716 4369 744 4430 g.
755 4349 776 4407 i.
788 4368 830 4412 m.
842 4368 873 4405 n.
893 4365 1000 4408 norem
1009 4347 1112 4408 Wassii
1132 4347 1209 4416 libri,
1230 4351 1302 4413 Tur.
1329 4375 1353 4420 ι.
1374 4355 1482 4418 scilicet
1503 4361 1697 4443 utsntr‘goret
1716 4363 1813 4428 Anto-

422 4461 507 4522 nium
526 4474 594 4520 cum
608 4451 684 4530 atis,
703 4451 764 4514 baec
779 4454 872 4536 glossa
888 4452 922 4513 in
934 4450 996 4512 Bao
1012 4471 1042 4512 ι.
1058 4462 1125 4536 post
1141 4473 1256 4518 movere
1270 4459 1385 4541 legitur.
1405 4479 1525 4542 sperans
1536 4462 1657 4531 'Febrim
1676 4489 1702 4532 ι.
1722 4470 1812 4549 dead,
