4050 5009
2840 456 2867 504 ¹
2883 453 2980 530 09

205 599 338 677 tius
381 628 614 705 quam
655 602 951 681 miseria
989 632 1159 683 mea
1199 604 1431 684 fidem
1474 605 1723 683 verbis
1760 605 2056 685 faceret.
2105 607 2251 686 Sed
2296 607 2664 713 quoniam
2708 636 2796 686 eo
2847 635 2986 685 na-

204 740 310 801 tus
352 752 560 817 sum,
609 745 702 804 ut
729 729 1119 836 Iugurtbae
1162 731 1532 808 scelerum
1573 732 1902 808 ostentui
1946 757 2213 823 m,
2263 761 2423 810 non
2466 735 2621 810 iam
2661 750 2985 810 mortem

200 876 432 955 neque
502 879 881 929 aerumnas
914 912 934 947 ,
1020 853 1553 931 tantummodo
1620 855 1915 932 inimici
1980 856 2391 961 imperium
2459 874 2537 935 et
2607 857 2986 933 cruciatus

198 976 515 1081 corporis
559 978 937 1084 deprecor.
1012 982 1266 1086 Regno
1308 977 1719 1067 Numidiae,
1769 977 1980 1082 quod
2017 997 2349 1055 vestrum
2386 997 2529 1070 est,
2576 982 2694 1056 uti
2737 981 2983 1069 lubet,

198 1101 553 1181 consulite
585 1137 599 1176 :
649 1130 771 1178 me
814 1104 1171 1180 manibus
1209 1101 1463 1206 impiis
1499 1100 1769 1205 eripite
1799 1128 1937 1206 per
1972 1103 2435 1179 maiestatem
2479 1104 2816 1208 imperii,
2845 1131 2983 1207 per

199 1225 534 1300 amicitiae
580 1225 839 1322 fidem3
892 1228 953 1303 si
1002 1227 1163 1303 ulla
1221 1225 1430 1330 apud
1488 1250 1616 1301 vos
1672 1226 2040 1301 memoria
2075 1244 2417 1303 remanet
2462 1228 2579 1302 avi
2623 1227 2772 1303 mei
2823 1229 2985 1302 Ma·-

196 1372 474 1424 smissae.

354 1475 488 1548 His
532 1473 769 1550 literis
825 1476 1151 1551 recitatis
1193 1475 1442 1563 fuere,
1490 1473 1629 1578 qui
1682 1474 2101 1551 exercitum
2149 1472 2232 1550 in
2274 1473 2612 1550 Africam
2669 1471 2976 1550 mitten·
3001 1480 3074 1540 25

197 1595 373 1671 dum
427 1615 849 1690 censerent,
898 1615 974 1675 et
1031 1626 1266 1703 quam
1325 1599 1666 1703 primum
1711 1597 2127 1687 Adherbali
2168 1598 2790 1675 subveniundum
2822 1632 2837 1672 ε
2887 1599 3019 1684 (16,

202 1719 557 1826 Iugurtha
590 1723 900 1799 interim
937 1723 1054 1798 uti
1092 1722 1647 1811 consuleretur,
1694 1721 2066 1825 quoniam
2110 1721 2370 1826 legatis
2404 1749 2565 1798 non
2599 1724 2989 1828 paruisset.

199 1844 330 1919 Sed
373 1846 469 1920 ab
528 1846 766 1921 isdem
818 1847 967 1921 illis
1016 1847 1204 1951 regis
1263 1844 1689 1920 fautoribus
1746 1870 2043 1919 summa
2093 1873 2237 1952 ope
2276 1846 2573 1922 enisum
2605 1905 2625 1937 ,
2689 1874 2787 1922 ne
2836 1848 2986 1923 tale

196 1968 574 2045 decretum
637 1970 862 2046 fieret.
955 1973 1068 2044 Ita
1114 1972 1409 2045 bonum
1458 1968 1899 2072 publicum,
1955 1984 2046 2044 ut
2095 1969 2182 2042 in
2238 1969 2617 2074 plerisque
2670 1971 2988 2074 negotiis

197 2094 376 2168 solet
396 2150 417 2182 ‚
465 2095 759 2198 privata
803 2094 1042 2196 gratia
1083 2093 1479 2170 devictum.
1545 2096 1930 2198 Legantur
1959 2108 2214 2168 tamen
2251 2094 2334 2168 in
2365 2092 2701 2168 Africam
2749 2095 2987 2169 maio-

199 2243 302 2293 res
336 2235 562 2308 natu,
615 2217 950 2305 nobileS,
991 2218 1261 2321 amplis
1302 2216 1768 2291 honoribus:
1819 2216 1901 2291 in
1942 2216 2115 2318 quis
2156 2215 2308 2292 fuit
2345 2218 2447 2291 Μ.
2483 2218 2839 2308 Scaurus,
2889 2217 2986 2293 de

202 2367 344 2442 quo
381 2367 609 2446 supra
672 2341 1249 2418 memoravimus
1265 2397 1284 2430 ,
1334 2338 1750 2416 consularis
1799 2355 1875 2415 et
1931 2355 2099 2414 tum
2145 2339 2232 2415 in
2281 2341 2565 2416 Senatu
2613 2341 2983 2446 princeps.

203 2465 329 2553 Hi,
354 2465 593 2569 'quod
633 2491 747 2540 res
783 2465 867 2539 in
917 2464 1200 2538 invidia
1249 2479 1443 2553 erat,
1489 2462 1718 2538 simu]
1753 2478 1829 2538 et
1876 2462 1975 2538 ab
2011 2461 2361 2538 Numidis
2399 2464 2801 2553 obsecrati,
2852 2463 3003 2539 tri-·

204 2588 347 2665 duo
382 2591 643 2665 navim
679 2587 1115 2664 ascendere:
1158 2586 1339 2664 dein
1374 2584 1587 2662 brevi
1617 2585 1919 2662 Uticam
1951 2585 2255 2690 adpulsi
2291 2584 2548 2663 literas
2589 2587 2690 2663 ad
2717 2590 2988 2692 Iugur-

206 2710 406 2790 tham
438 2712 801 2803 mittunt,
877 2738 1113 2817 quam
1156 2710 1519 2787 ocissume
1558 2707 1661 2785 ad
1708 2707 2185 2814 provinciam
2231 2710 2578 2803 accedat,
2622 2737 2852 2816 seq-ue
2889 2712 2991 2788 ad

207 2918 325 2980 Eoo.
364 2919 560 2982 Guelf.
592 2939 644 2978 ι.
670 2939 725 2982 2.
760 2938 850 2976 ιι.
908 2918 1068 2977 Vrat.
1103 2914 1236 2978 23.
1294 2913 1455 2976 Leid.
1480 2935 1534 2977 c.
1589 2913 1708 2974 Erl.
1747 2914 1885 2997 Tcg.
1907 2916 1972 2974 d.
2015 2916 2261 2976 evadere
2298 2914 2461 2976 Leid.
2491 2919 2536 2977 1.
2570 2937 2653 2977 m.
2717 2938 2792 2980 ex
2825 2939 2987 2980 man.

207 3021 330 3102 imp.
370 3045 550 3105 praep.
592 3043 714 3083 om.
734 3021 860 3081 Bas.
889 3042 940 3080 ι.
978 3021 1114 3080 Sen-
1149 3042 1201 3080 ι.
1240 3019 1343 3080 Ac.
1382 3019 1554 3080 Bam.
1581 3019 1640 3090 4.
1666 3019 1806 3080 Vh).
1831 3039 1889 3084 2.
1919 3019 2112 3080 Sti-nv.
2155 3022 2273 3086 ino.
2297 3040 2350 3080 2.
2389 3021 2550 3083 Vnt.
2574 3026 2630 3085 3.
2673 3023 2869 3085 Guels.
2897 3045 2989 3085 12.

207 3126 350 3188 laid.
384 3127 445 3194 h.
474 3133 606 3193 1.,ιι.
647 3138 866 3208 septem
895 3127 1123 3186 Wassii.
1161 3144 1205 3185 a
1232 3123 1454 3185 mnib.
1494 3123 1665 3189 Bern.
1694 3145 1745 3185 ι.
1790 3133 2053 3186 remanet
2088 3143 2211 3185 om.
2261 3124 2454 3186 Guelf.
2488 3125 2548 3196 4.
2594 3128 2770 3188 etiam
2796 3128 2988 3193 δικ-ην.

210 3235 298 3313 qui
318 3239 449 3297 loeo
488 3235 613 3295 eius
636 3242 721 3294 est
753 3234 818 3292 in
847 3231 967 3292 fine
996 3230 1182 3296 addit.

282 3360 422 3445 Cap.
453 3364 550 3425 25.
593 3361 661 3423 In
683 3360 899 3440 affrica
924 3359 1192 3420 mittend.
1230 3356 1403 3419 Fabr.
1428 3377 1479 3417 ι.
1520 3356 1612 3418 uti
1629 3376 1791 3420 cons.
1823 3355 1915 3419 uti
1933 3377 2056 3418 om.
2085 3359 2202 3420 inc.
2232 3378 2282 3418 1.
2320 3356 2492 3419 Fabr.
2517 3379 2573 3420 2.
2597 3358 2732 3422 Ecc.
2760 3360 2919 3424 Vnt.
2938 3366 2994 3424 3.

210 3465 383 3529 Guelf.
417 3492 474 3552 7.
502 3490 563 3550 9.
595 3488 618 3527 ι
637 3488 687 3527 ι.
716 3465 879 3527 Leid.
901 3463 965 3525 h.
1007 3465 1128 3525 Bas.
1150 3465 1207 3536 4.
1250 3461 1453 3542 legatis
1474 3482 1598 3523 non
1616 3482 1751 3543 par.
1793 3461 1916 3522 Bas.
1957 3483 2006 3523 1.
2031 3461 2090 3534 4.
2128 3460 2267 3522 Tur.
2308 3449 2478 3524 Beni.
2505 3485 2556 3524 ι.
2585 3483 2646 3524 n.
2666 3488 2727 3546 p.
2755 3469 2796 3528 l.
2838 3478 2998 3529 ceto-

210 3576 272 3633 πί.
307 3574 484 3635 isdem
512 3571 647 3637 illis.
690 3571 805 3633 illis
835 3591 958 3631 om.
1005 3569 1173 3632 Fabr.
1200 3590 1258 3631 2.
1300 3567 1460 3628 illius
1495 3567 1687 3630 Struv.
1724 3587 1785 3628 v.
1817 3586 1874 3629 c.
1914 3565 2040 3626 Bas.
2074 3587 2126 3626 ι.
2165 3565 2390 3627 snt'sum
2416 3577 2497 3629 est
2534 3568 2767 3634 addunt
2803 3577 3000 3657 plures

214 3678 355 3739 libri.
394 3680 495 3740 alii
527 3677 722 3737 nisum
760 3677 853 3738 vel
885 3674 1147 3735 emirum.
1205 3693 1280 3735 no
1314 3672 1432 3733 tals
1457 3673 1775 3733 door-etum.
1813 3671 1933 3731 tale
1953 3690 2077 3731 om.
2101 3669 2274 3731 Fabr.
2301 3691 2355 3732 2.
2397 3672 2604 3735 deviet.
2634 3683 2719 3736 ost
2755 3671 2997 3733 Leid.b.

216 3782 327 3841 M.
355 3781 417 3842 h.
454 3781 595 3842 Tur.
652 3779 823 3841 Bern.
853 3777 978 3843 μδ.
1021 3777 1236 3839 nobiles
1264 3777 1444 3858 ampl.
1495 3775 1711 3837 nobam
1734 3795 1857 3837 om.
1884 3773 2162 3840 aaut&
2216 3775 2307 3838 usi
2331 3777 2473 3838 hon.
2514 3777 2707 3842 Struv.
2749 3777 2842 3839 usi
2876 3797 2999 3838 om.

217 3885 436 3948 Comm.
474 3884 646 3947 Fabr.
679 3907 732 3944 1.
763 3904 817 3944 2.
856 3882 995 3943 Tur.
1037 3904 1119 3942 m.
1141 3903 1235 3965 pr.
1277 3882 1447 3947 Paris.
1475 3879 1537 3941 b.
1566 3901 1619 3946 ο.
1661 3879 1729 3939 in
1755 3878 1881 3958 quis
1903 3878 2036 3957 ficit
2071 3878 2243 3941 Fabr.
2285 3880 2407 3941 Bas.
2435 3902 2487 3941 ι.
2526 3882 2720 3943 Sonat.
2752 3904 2804 3942 ι.
2843 3891 3005 3943 ceto-

217 3994 365 4075 riquo
396 3992 624 4057 vetusti.
663 3988 754 4049 Μ.
784 3987 997 4049 Aemil.
1028 3985 1125 4048 Sc.
1164 3987 1300 4049 vin.
1326 4005 1383 4046 2.
1405 3983 1528 4046 Ac.
1579 3984 1699 4050 inc.
1728 4003 1783 4044 2.
1835 3983 2007 4044 Rem.
2031 4004 2088 4045 2.
2146 3981 2214 4044 in
2237 3994 2444 4046 senam
2470 3986 2743 4070 princeps
2793 3979 2919 4046 Bas.
2951 4007 3002 4047 1.
3141 4074 3147 4078 ⁷

219 4094 340 4158 Vin.
369 4117 421 4158 2.
470 4096 674 4156 neus.
733 4093 926 4153 Sonat.
949 4111 1007 4157 2.
1045 4089 1225 4152 Acad.
1264 4093 1385 4153 inc.
1439 4089 1631 4155 δίων.
1671 4088 1807 4150 Ecc-
1847 4085 2046 4150 Guelf.
2078 4109 2170 4150 10.
2205 4109 2295 4157 ιι.
2319 4110 2414 4157 22.
2466 4089 2636 4158 Bern.
2664 4113 2717 4154 1.
2772 4102 3006 4156 senam

221 4200 393 4279 princ.
431 4199 661 4263 Fabric.
702 4196 898 4260 Turio.
939 4196 1109 4263 Boi-n.
1136 4196 1196 4258 3.
1234 4194 1411 4257 simul
1432 4194 1563 4255 -ob
1604 4190 1865 4256 etNum.
1889 4191 2012 4253 abs.
2051 4191 2224 4255 Fabr.
2252 4213 2309 4256 2.
2348 4193 2526 4257 simul
2561 4217 2684 4258 om.
2717 4198 2907 4264 struv.
2948 4209 3007 4260 σε

226 4324 334 4369 om.
357 4306 547 4370 Guelf.
570 4303 631 4378 4.
674 4321 882 4369 navem
920 4303 1039 4370 inc.
1079 4299 1249 4364 Fabr.
1269 4320 1326 4364 2.
1366 4299 1504 4363 Ecc-
1553 4296 1677 4363 Bu.
1712 4295 1772 4370 4.
1823 4295 1993 4358 Bern.
2026 4317 2080 4363 ι.
2119 4300 2601 4367 ωαάσωηῙὶἱν.
2638 4302 2777 4365 libri
2799 4314 2858 4366 et
2890 4303 3006 4367 ali-
