4050 5009
362 400 433 492 342
536 351 544 362 ⁸

361 604 430 659 bor.
453 594 622 677 questiones
642 589 750 653 abdite
763 610 787 649 z.
809 591 914 650 ulcisci
936 591 1077 673 nequitu.
1098 590 1172 653 serri
1195 605 1226 652 rs
1247 587 1343 672 parati
1363 604 1389 651 z.
1411 591 1446 652 in
1467 589 1596 674 imperio
1616 597 1681 656 neti
1694 599 1776 659 bem.

361 713 433 765 sunt
452 703 476 762 ii
495 721 521 762 a.
539 697 585 760 hii
604 704 654 761 bc.
679 707 711 759 et
728 695 810 758 idem
830 698 1046 780 superbissumi
1067 719 1094 760 x.
1120 715 1188 780 pars
1210 697 1351 760 occidisse
1371 716 1398 758 c.
1420 705 1540 760 tantum
1561 721 1613 763 ros
1633 702 1779 766 libertatis
1849 733 1852 738 ·

361 814 394 872 b.
424 827 485 891 quo
511 807 603 890 magis
631 803 760 865 dedecus
780 823 808 866 c.
837 804 912 886 quid
932 804 1049 888 igitur?
1070 789 1179 866 censet.
1200 823 1215 868 s
1236 814 1303 887 sup.
1323 807 1381 866 lin.
1403 825 1428 865 a.
1458 808 1545 872 robis
1563 809 1665 870 fecisse
1684 829 1710 872 a.
1732 831 1775 872 m.

363 935 411 1000 pr.
430 935 480 979 vos
499 935 541 974 m.
562 931 621 974 sec.
641 904 784 974 dediticio
804 916 845 976 sit
863 918 893 973 b.
924 909 1085 972 aboediens
1107 913 1164 972 erit
1183 931 1208 971 a.
1238 911 1375 972 nendum
1397 913 1486 974 etiam
1507 933 1558 975 ros
1578 925 1659 976 tenet
1678 914 1779 977 domi-

362 1032 427 1085 nat.
447 1032 504 1082 etc.
526 1025 558 1086 b.
579 1017 620 1079 ad
639 1020 818 1101 rempublic.
830 1017 1021 1078 damnans.
1043 1037 1084 1079 m.
1103 1035 1161 1078 sec.
1181 1015 1240 1078 hcc
1260 1031 1304 1081 est
1323 1022 1432 1102 populi
1452 1027 1570 1082 romani
1591 1043 1619 1084 x.
1640 1023 1778 1094 omnium

364 1147 526 1212 regnorum
546 1145 613 1208 sup.
634 1127 692 1188 lin.
712 1125 847 1209 gentium
858 1127 891 1187 b.
910 1124 1008 1186 virum
1030 1121 1172 1207 flagitios.
1186 1121 1258 1186 bere
1275 1137 1305 1188 et
1323 1147 1347 1187 z.
1369 1149 1412 1190 m.
1432 1147 1490 1190 sec.
1510 1130 1587 1190 viros
1607 1125 1779 1212 flagitiosis-
1820 1148 1823 1152 ·

363 1253 464 1297 sumes
478 1253 520 1294 m.
534 1254 580 1315 pr.
601 1234 661 1294 nisi
682 1229 928 1294 misericordiab.
949 1230 1002 1312 qui
1017 1237 1136 1292 tantum
1159 1234 1325 1315 importnn.
1347 1253 1372 1294 a.
1393 1231 1448 1296 fidi
1470 1235 1593 1316 quidem
1614 1255 1640 1297 e.
1662 1238 1778 1295 alterna

364 1340 539 1404 sollicitudo
559 1359 605 1402 cx.
634 1341 725 1401 relati
746 1337 895 1415 hostibus,
924 1358 980 1422 pro
999 1338 1089 1399 sociis
1109 1357 1152 1399 aa.
1173 1341 1261 1401 sociis
1282 1341 1349 1402 nois
1370 1362 1396 1403 c.
1419 1351 1518 1403 tamen
1545 1361 1600 1421 pro
1623 1331 1781 1402 consuetu·

365 1447 436 1508 dine
454 1469 479 1507 a.
505 1448 683 1529 inpunitum
703 1447 870 1509 obmittatis
889 1465 915 1507 a.
943 1444 1104 1528 imperium
1125 1456 1255 1511 restrum
1276 1458 1321 1509 est
1339 1466 1367 1507 x.
1396 1447 1578 1509 oboedientes
1599 1469 1624 1507 a.
1659 1429 1698 1508 ut
1716 1453 1779 1527 jam
1869 1447 1878 1462 '

365 1555 477 1614 malitis
496 1558 543 1614 bs.
574 1554 626 1615 sed
643 1558 710 1630 jam
730 1555 763 1614 in
782 1573 807 1614 a
835 1553 956 1634 punctis
977 1563 1044 1614 not.
1068 1555 1210 1616 maleficii
1239 1575 1299 1616 esse
1330 1547 1494 1616 memorem
1515 1560 1547 1615 b.
1586 1559 1687 1617 ·ta.·
1705 1573 1781 1635 sape

366 1655 529 1720 indicendo
548 1663 615 1719 bcx.
637 1657 770 1720 dicundo
790 1681 815 1719 a.
836 1664 1023 1722 arcessebant
1042 1678 1068 1721 a.
1087 1665 1276 1722 accersebant
1293 1664 1361 1726 xcb.
1380 1659 1544 1725 venderent
1561 1663 1642 1720 bcrs.
1663 1658 1784 1719 Cassius

367 1769 398 1826 Ρ.
419 1763 455 1824 tr.
476 1767 591 1846 perlate
610 1767 675 1823 aba.
696 1776 727 1826 at
747 1763 865 1826 Cassius
886 1771 1001 1848 perlata
1022 1769 1178 1852 rogatione
1198 1787 1215 1826 a
1234 1787 1263 1830 x.
1281 1763 1334 1828 'sed
1354 1787 1421 1850 sup.
1442 1768 1517 1827 lim:
1537 1764 1589 1845 qas'
1607 1774 1682 1826 tunc
1700 1782 1782 1846 prae-

367 1878 417 1929 tor
426 1878 542 1950 erot-
554 1872 712 1932 nobilitate
721 1873 964 1953 proficiscitur'c.
978 1873 1094 1952 (rerbae
1108 1873 1151 1932 cd
1160 1871 1341 1953 jugurtham
1354 1876 1444 1934 etiam
1459 1873 1493 1932 in
1508 1891 1532 1931 a.
1547 1873 1668 1952 punctis
1681 1879 1783 1930 notata

368 1975 449 2035 etin
463 1995 493 2038 x.
513 1995 601 2058 super
620 1977 730 2037 lineam
751 1997 770 2037 a
790 1999 834 2039 m.
854 2000 913 2042 sec.
932 1975 1105 2059 adscripta)'.
1139 1977 1245 2040 -53.-
1265 1977 1406 2062 dignitati
1427 1979 1522 2061 magis
1541 1980 1573 2038 lu.
1596 1978 1691 2038 sedari
1709 1957 1783 2036 'moi

368 2089 416 2140 tus
436 2099 461 2139 s.
492 2083 534 2141 mi
554 2101 603 2162 pr.
632 2082 666 2140 in
692 2093 777 2163 patre
805 2085 968 2166 fratresque
988 2105 1012 2144 a.
1043 2085 1078 2145 in
1105 2087 1207 2146 iratrm
1235 2096 1410 2168 patremque
1429 2103 1458 2148 x.
1484 2103 1588 2146 rerum
1609 2085 1720 2166 aperiat
1739 2103 1782 2143 xa.

369 2185 474 2248 -35.-
492 2185 725 2270 jugurthamque
743 2191 805 2254 bra.
825 2192 885 2250 suis
906 2191 1036 2272 presidii
1058 2201 1100 2252 est
1113 2194 1146 2252 b.
1167 2193 1302 2251 animum
1324 2190 1392 2255 adr.
1411 2194 1457 2258 bs.
1477 2199 1632 2272 sumptum
1653 2189 1784 2271 supplic.

368 2311 396 2358 ι.
418 2291 447 2354 Ο
467 2297 609 2355 urbemn
629 2293 733 2358 -36.-
755 2296 980 2359 tuncllbina.
1000 2299 1105 2358 relicto
1123 2293 1345 2380 propretoreb·
1365 2314 1470 2375 -a7.-
1490 2313 1595 2355 mensa
1607 2297 1745 2374 januario
1758 2313 1784 2354 a.
1879 2325 1881 2328 ·

370 2415 473 2478 aspera
491 2395 592 2460 hiems
610 2403 643 2461 b.
664 2405 869 2482 oportunitate
890 2404 950 2463 loci
970 2403 1023 2464 sed
1044 2421 1095 2463 um
1115 2403 1194 2462 inira
1215 2403 1270 2462 lin.
1292 2420 1317 2460 a.
1346 2400 1452 2461 ·38.-
1471 2399 1613 2460 subdolus
1634 2421 1660 2460 a.
1680 2419 1696 2459 s
1716 2417 1782 2480 sup.

370 2505 428 2564 lin.
450 2503 579 2568 subdolo
599 2509 631 2567 b.
654 2527 696 2573 m.
717 2529 776 2570 sec.
792 2507 931 2590 Denique
951 2512 1090 2571 albinum
1112 2529 1138 2569 a.
1159 2509 1200 2569 ita
1220 2506 1328 2569 delicta
1348 2517 1404 2572 stc.
1426 2505 1503 2586 (sup.
1524 2507 1579 2568 lin.
1598 2507 1658 2570 sire
1677 2512 1785 2588 jugur-

371 2607 430 2672 thae
444 2613 581 2674 lectionis
591 2633 645 2674 seu
657 2616 786 2674 aliorum
797 2613 969 2691 hominum)
982 2615 1014 2674 b.
1031 2617 1072 2674 ita
1083 2613 1193 2675 delicto
1210 2608 1367 2674 occultiori
1378 2614 1437 2672 fuit
1446 2611 1497 2671 sed
1509 2629 1575 2693 sup.
1591 2611 1646 2672 lin.
1659 2633 1729 2673 -a
1742 2645 1786 2662 -

372 2737 486 2778 -a-
505 2720 620 2781 lueres.
641 2719 695 2778 diu
708 2729 902 2800 noctuquea.
920 2718 1018 2780 albini
1040 2728 1133 2779 castra
1152 2737 1220 2799 sup.
1242 2717 1299 2778 lin.
1318 2718 1380 2778 auli
1402 2734 1425 2775 a
1447 2735 1529 2777 arma
1551 2736 1672 2799 capere,
1693 2717 1732 2779 ali
1753 2737 1786 2778 se

373 2821 518 2885 ebderer.
541 2829 646 2888 celum
666 2845 692 2888 a.
719 2827 754 2886 in
774 2827 889 2887 incerto
910 2834 995 2886 erant
1010 2845 1035 2885 z.
1057 2845 1099 2884 m.
1121 2843 1168 2906 pr.
1189 2821 1326 2884 thracum
1345 2841 1370 2886 z.
1395 2821 1447 2884 sed
1467 2843 1488 2884 c
1507 2844 1574 2906 sup.
1594 2825 1650 2886 lin.
1669 2835 1785 2886 tracum

373 2932 405 2989 b.
436 2945 657 3013 occuparerant
675 2953 702 2995 c.
735 2954 805 2994 cum
827 2935 930 2995 albino
952 2955 977 3000 z.
1006 2933 1063 3012 (rel
1085 2931 1153 2992 auto
1175 2951 1241 3014 sup.
1262 2929 1332 3012 lin.)
1361 2929 1394 2991 in
1414 2930 1579 3012 conloquio
1599 2949 1624 2990 a.
1649 2920 1736 2992 'fame
1756 2939 1788 2991 et

375 3035 452 3094 ferro
472 3057 514 3097 xa.
543 3046 624 3100 tenet
643 3044 726 3100 bera.
752 3059 916 3100 memorem
937 3037 1138 3100 humanarum
1160 3057 1259 3099 rerum
1280 3055 1322 3097 xz.
1352 3045 1452 3098 tamen
1473 3036 1598 3098 sedicit
1621 3055 1786 3098 memorem

374 3143 410 3200 b„
432 3138 574 3202 Numidia
594 3144 755 3206 diseederet
773 3165 801 3206 c.
841 3145 939 3224 -39.-
957 3147 1063 3206 albine
1084 3145 1141 3224 (rel
1161 3144 1231 3205 calo
1251 3163 1319 3225 sup.
1339 3143 1410 3222 lin.)
1433 3163 1457 3204 s.
1484 3161 1627 3206 accersere
1645 3148 1713 3206 hex.
1734 3163 1788 3206 ac·

377 3246 481 3306 cersire
500 3268 525 3307 a.
557 3252 735 3332 eruptio.
777 3266 879 3326 -4o.-
898 3252 1052 3312 mamillas
1073 3254 1153 3314 bcxz.
1185 3249 1312 3310 Graecos
1332 3271 1373 3309 m.
1393 3253 1427 3311 b.
1449 3251 1537 3311 ctiam
1558 3252 1591 3311 ia
1612 3269 1637 3310 a.
1658 3252 1788 3312 Graecos

377 3371 443 3436 sup.
455 3352 512 3414 lin.
529 3358 623 3414 senati
634 3354 750 3414 decreta
760 3357 933 3436 neglexisset
943 3375 968 3418 a.
984 3357 1157 3436 neglegisset
1171 3375 1215 3416 cx.
1229 3355 1412 3436 rogationem
1430 3359 1564 3434 jusserit3
1581 3357 1673 3438 magis
1689 3365 1744 3419 etc.
1754 3352 1785 3416 b.

377 3476 443 3539 sup.
460 3461 516 3522 lin.
535 3461 556 3521 i.
576 3481 601 3520 e.
619 3458 846 3540 inquisitionem
863 3458 1024 3523 decreuerit
1047 3462 1095 3520 rel
1109 3461 1237 3522 voluerit
1255 3459 1356 3538 (etiam
1379 3461 1412 3521 in
1438 3479 1464 3522 a.
1484 3462 1657 3536 decreverit,
1679 3463 1788 3525 relue-

378 3566 418 3625 rit
437 3585 502 3649 sup.
525 3568 594 3646 lin.)
614 3568 714 3630 bestia
734 3567 821 3628 fuisse
840 3585 884 3630 xz..
903 3587 939 3627 ex
960 3567 1091 3654 mamilli
1111 3577 1196 3650 rogat
1208 3571 1257 3629 br.
1278 3587 1313 3628 ex
1333 3588 1374 3632 m.
1395 3569 1544 3652 legatione
1565 3589 1592 3630 c.
1621 3585 1656 3629 ex
1675 3559 1788 3628 mami-

378 3670 456 3733 liaa.
476 3674 498 3733 l.
518 3691 584 3757 sup.
605 3676 667 3736 lim·
683 3672 882 3758 adpinxit'm.
903 3695 961 3737 sec.
982 3665 1166 3735 exercita'xa'
1179 3675 1345 3755 quaesitior.
1366 3671 1432 3756 (sed
1454 3673 1464 3735 i
1484 3683 1599 3757 puncto
1619 3674 1696 3752 not.)
1716 3691 1788 3754 pur-

380 3773 457 3831 tium
480 3797 545 3838 mos
564 3801 637 3861 pop.
656 3803 685 3844 x.
713 3793 860 3844 senatores
881 3782 1046 3842 lactionum
1067 3801 1093 3841 a.
1113 3799 1146 3841 sss
1165 3799 1231 3862 sup.
1250 3781 1306 3842 lin.
1327 3781 1521 3864 acerbiusque
1542 3783 1622 3842 luere
1641 3782 1687 3842 hs·
1719 3799 1787 3859 sup.

380 3879 438 3943 lin.
449 3881 495 3941 lit.
511 3884 548 3942 fit
563 3905 607 3944 ox.
619 3887 777 3949 dilacerata
797 3898 840 3948 est
855 3893 888 3948 b.
903 3890 937 3950 in
954 3882 1041 3949 mult.
1060 3887 1189 3971 dispersa
1206 3892 1237 3950 b.
1254 3893 1467 3970 urguebatura
1484 3907 1580 3970 quoae
1591 3885 1787 3966 semetipsam

382 3991 431 4048 cb.
453 4009 544 4069 quare
563 4003 657 4054 semet
677 3995 772 4075 ipsam
792 4013 819 4054 x.
850 3996 935 4076 quasi
953 3995 1149 4077 permixtione
1169 4015 1193 4056 s.
1221 3993 1271 4056 sed
1293 4014 1330 4054 ne
1348 3996 1467 4078 punctis
1488 4001 1553 4057 not.
1594 4005 1696 4066 ·42.·
1715 3991 1787 4054 trib.

381 4095 525 4172 alterum,
545 4098 664 4160 triumr.
683 4101 730 4161 bc.
752 4098 939 4162 deducendis
961 4123 985 4167 z.
1004 4101 1055 4161 sed
1075 4105 1159 4161 bono
1179 4104 1210 4162 b.
1239 4122 1306 4184 sup.
1325 4102 1377 4164 lin.
1398 4119 1500 4172 „more
1520 4109 1550 4162 et
1570 4101 1711 4160 omnibus
1730 4098 1787 4162 cir.

384 4202 536 4264 moribus”
555 4210 586 4265 b.
608 4203 726 4285 (eadem'
742 4207 833 4266 lectio
854 4207 886 4266 in
907 4227 931 4268 s.
952 4225 1018 4287 sup.
1041 4207 1108 4286 lin.)
1132 4209 1274 4269 snaturius
1294 4207 1407 4268 deseret
1423 4210 1455 4268 b.
1482 4207 1515 4266 in
1536 4228 1557 4267 2.
1577 4226 1623 4266 me
1642 4223 1707 4288 sup.
1728 4207 1787 4266 lin.

383 4302 471 4375 ·it.·
488 4320 557 4392 post
575 4310 672 4376 albini
689 4309 773 4394 (sup.
792 4313 849 4377 lin.
868 4316 925 4379 rel.
944 4312 1053 4390 calda.
1073 4315 1190 4398 eligere,
1210 4315 1336 4380 scribere
1356 4317 1438 4381 horr.
1456 4331 1601 4378 accersere
1615 4315 1666 4376 bx.
1687 4329 1791 4376 acces-
