4050 5009
354 344 429 426 coo
482 319 485 323 ’

412 545 503 614 cod.
525 546 615 629 5758.
636 544 724 609 Soec.
745 540 857 611 XIV.
869 534 945 632 fol.
976 541 1054 606 Cat.
1077 547 1112 605 ef
1131 541 1223 632 Jug.
1240 544 1369 626 plures
1391 542 1468 614 cic.
1490 546 1618 616 Oratt.
1633 573 1706 640 pro
1734 509 1737 515 r

744 650 947 724 Marcello,
968 644 1169 741 Dejotaro,
1191 643 1231 710 in
1252 645 1365 716 Catil.

1502 455 1517 488 Ι

434 798 501 864 cat.
524 797 574 860 51.
614 797 721 860 Omnis
741 795 827 857 hom.
851 797 876 842 ⁴-
903 795 1040 877 providet
1064 781 1167 857 verum
1198 829 1215 842 -
1245 799 1415 860 consuluert
1445 834 1462 849 -
1490 801 1728 890 carthaginenses¹
1745 840 1765 858 -

352 909 449 969 multa
466 903 609 985 nepharia
640 903 773 963 facinora
799 935 818 950 -
846 899 904 962 hoc
927 904 1000 961 item
1022 901 1107 963 robis
1132 931 1151 948 ··
1180 911 1254 982 aput
1273 921 1324 966 ros
1344 907 1439 966 valcat
1462 905 1556 968 -hiis
1579 912 1725 972 utendum
1744 944 1764 962 -

351 1012 458 1074 domos
471 1012 593 1094 spoliari
613 1011 775 1069 -infestm
800 1007 1016 1087 conjurationis
1038 1035 1056 1054 ·
1074 1007 1126 1088 qni
1146 1007 1178 1066 iu
1203 1027 1313 1090 magno
1334 1012 1409 1093 imp.
1429 1031 1446 1060 ·-
1463 985 1595 1077 ‘minimo
1607 1044 1626 1064 -
1644 1019 1761 1080 sevior.

351 1139 416 1180 non
437 1115 515 1177 mihi
535 1114 661 1177 crudelis
673 1143 692 1161 -
710 1112 821 1173 discors
841 1139 860 1159 ··
877 1131 1028 1192 possum·
1047 1113 1163 1195 gratius
1181 1111 1355 1176 verberari-
1375 1137 1462 1200 grave
1477 1129 1521 1181 est
1538 1152 1558 1169 -
1577 1121 1669 1185 levin,
1690 1132 1761 1184 θη.

352 1223 429 1306 quid
448 1223 589 1284 convenit
607 1254 624 1270 ·
643 1241 678 1283 ex
696 1217 760 1280 reb.
779 1218 868 1280 bonis
881 1249 906 1309 3
933 1217 971 1277 ad
992 1219 1112 1300 ignaros
1133 1219 1209 1279 circs
1229 1248 1245 1264 ·
1272 1218 1358 1281 hii·
1382 1225 1476 1284 malos
1502 1235 1532 1302 ct
1552 1225 1648 1287 bonos
1668 1257 1684 1270 -
1709 1235 1761 1308 ju-

349 1333 453 1413 gulare
465 1362 486 1378 -
503 1329 556 1410 qni
576 1346 639 1388 non
659 1357 678 1376 -
695 1334 772 1407 post.
792 1344 841 1387 ras
859 1355 877 1374 ·
898 1343 996 1408 nequo
1016 1327 1049 1384 in
1069 1321 1117 1385 his
1138 1335 1231 1406 temp.
1252 1355 1272 1376 -
1289 1325 1424 1412 dnmaspi
1436 1377 1451 1392 .
1464 1339 1557 1412 temp.
1578 1331 1633 1392 illo
1647 1331 1760 1396 Graio.-

351 1435 426 1517 imp.
451 1436 546 1514 fucere
562 1467 582 1481 -
605 1433 658 1494 alii
674 1435 777 1493 fecero.
1182 1456 1185 1464 ·

397 1562 399 1566 ’
431 1538 468 1600 C.
491 1544 540 1603 52.
560 1541 617 1598 nris
637 1539 709 1599 focis
728 1537 789 1599 suis
810 1567 826 1584 ·
850 1537 887 1596 fit
907 1537 981 1618 aliq.
1001 1537 1086 1598 victis
1106 1567 1126 1585 ·
1153 1542 1238 1619 eujus
1268 1559 1295 1599 o.
1328 1537 1412 1600 modi
1443 1550 1514 1600 suut
1540 1571 1559 1587 ·
1581 1543 1721 1622 capescit·
1742 1576 1758 1590 ·

350 1643 439 1707 Nunc
459 1665 520 1705 non
542 1645 640 1726 agitur
660 1675 677 1689 ·
697 1645 811 1726 neglcg.
830 1641 988 1702 tollerabat
1011 1675 1029 1690 ·
1043 1662 1110 1704 vera
1129 1633 1194 1705 roc.
1221 1661 1320 1705 rerum
1338 1669 1355 1698 ο,
1373 1643 1493 1706 videant
1510 1665 1549 1708 ne
1575 1647 1622 1705 illi
1644 1666 1723 1729 surg.
1741 1682 1758 1694 -

349 1753 480 1812 minores
499 1762 569 1812 sunt
585 1783 601 1796 -
626 1760 739 1838 quanto
759 1769 863 1813 rosea
888 1781 905 1796 ·
924 1769 976 1810 ros
994 1748 1086 1808 modo
1107 1767 1191 1831 sang.
1216 1751 1314 1807 -alia
1336 1750 1396 1808 illis
1418 1751 1532 1810 fuere·
1555 1733 1781 1815 cumensi?
1836 1787 1838 1794 ⁴

349 1877 403 1940 pra
421 1867 511 1938 capnt
534 1866 576 1916 est
602 1887 621 1904 ·
646 1865 677 1915 ct
691 1853 835 1914 dubitatis
856 1897 874 1913 .
895 1854 1076 1914 miseramini
1096 1871 1202 1912 censco
1221 1885 1238 1898 -
1264 1863 1453 1915 convertatur
1469 1888 1485 1903 ·
1503 1859 1631 1938 supplic.
1652 1857 1763 1920 mulis·¹

349 1980 417 2023 rum
436 1996 452 2008 ·
471 1983 522 2022 ros
543 1960 694 2021 crudeliss.
709 1992 726 2008 ·
749 1961 855 2020 iterum
878 1965 938 2038 lam
950 1959 1132 2038 -qnitquom
1154 1960 1269 2019 occulto
1288 1969 1395 2041 potest.
1423 1960 1427 1968 ’

431 2067 501 2150 Jug.
522 2065 571 2147 93.
593 2065 687 2130 anim.
709 2063 837 2124 attendit
861 2081 929 2123 rra.
951 2083 1017 2145 qnae
1038 2064 1153 2123 scilicct
1177 2073 1292 2124 tacente
1310 2066 1375 2146 ipso
1396 2069 1514 2126 occulta
1534 2067 1592 2124 oris
1612 2064 1758 2128 immuto·

350 2175 432 2233 tione
451 2172 628 2253 patefecisse.
649 2203 668 2218 -
680 2168 770 2240 ni.-
790 2167 831 2228 lis
851 2179 947 2250 temp.
966 2201 985 2218 -
1003 2179 1074 2229 sunt
1087 2199 1107 2216 -
1123 2167 1244 2232 Salustii
1261 2171 1351 2253 crispi
1368 2170 1445 2234 liber
1460 2169 1606 2233 secundus
1625 2173 1755 2253 explicit.

352 2277 414 2354 Qui
433 2280 516 2360 cupis
536 2286 592 2339 eto.
1248 2261 1251 2266 ¹

867 2415 874 2425 ·
896 2378 1042 2462 Georgius
1063 2380 1100 2444 da
1119 2381 1218 2446 vcors

351 2605 442 2673 Cod.
464 2604 554 2687 5761.
563 2601 640 2695 sol.
661 2599 748 2669 min.
765 2607 852 2695 Soec·
866 2603 954 2672 XV.
978 2601 1070 2670 liber
1090 2607 1276 2692 eleganter
1293 2596 1454 2684 scriptus
1461 2627 1471 2676 ς
1492 2599 1611 2668 literoe
1632 2598 1757 2670 initio·

338 2694 344 2699 ¹
390 2713 440 2773 les
456 2704 617 2791 picturis
637 2707 791 2776 ornatoe'.
824 2705 965 2794 Incipit
994 2705 1086 2774 liber
1104 2703 1262 2772 Salustii
1286 2707 1329 2770 de
1348 2705 1611 2773 KATILINE
1630 2705 1758 2801 conju-

389 2811 559 2891 ratione,·
576 2808 672 2881 ¹liber
692 2815 731 2881 in
754 2815 874 2883 Italia
894 2811 1073 2900 scriptum
1093 2819 1211 2878 scatet
1232 2807 1386 2896 mendis,
1411 2831 1481 2876 non
1504 2812 1633 2876 desunt
1654 2813 1757 2880 bonoe

443 2921 539 2985 lectt.
559 2921 724 3009 sedfides
745 2919 830 2986 libri
848 2941 991 2984 summa
1011 2922 1244 3009 neglegentia
1266 2911 1415 2982 librarii
1433 2914 1655 3004 irfimutur.

415 3084 464 3152 ‚In
480 3087 541 3146 tino
558 3085 613 3148 G:
639 3089 758 3171 explicit
767 3087 960 3152 Katilinarias
972 3082 1267 3167 solicitam-'Incipit
1274 3085 1418 3146 Salustius
1432 3083 1469 3144 de
1482 3083 1667 3168 iugurthino
1676 3085 1759 3156 bello

347 3189 486 3263 feliciter3
511 3191 544 3251 in
563 3194 624 3254 linc
634 3193 683 3252 im
704 3193 831 3274 Explicit
845 3192 970 3254 feliciter
982 3192 1107 3254 Salustii
1120 3189 1298 3273 iugurthini
1312 3191 1407 3265 liber;
1426 3189 1463 3250 G.
1482 3190 1652 3252 Gnilermus
1668 3211 1757 3252 roo»

349 3303 415 3377 lus,
435 3297 487 3378 qui
511 3299 642 3379 scripsit,
667 3297 892 3361 benedicatur.
918 3329 934 3343 ·
952 3307 1120 3378 sequuntur
1135 3295 1186 3362 IV.
1223 3295 1405 3358 Gatiunaria
1426 3294 1525 3360 Orstt.
1548 3306 1580 3359 et
1605 3295 1759 3362 Inrootirac

349 3400 810 3463 Qmfflommffl
1557 3483 1558 3486 Ἴ

430 3507 499 3592 Jug.
522 3508 589 3570 113.
609 3511 694 3570 vultu
713 3509 812 3569 colore
827 3513 913 3566 motu
931 3505 1064 3585 corporis
1075 3506 1284 3588 atquepcriter
1300 3507 1402 3570 animo
1423 3510 1520 3570 rarius
1536 3538 1554 3556 ·
1572 3509 1757 3590 qnascilicas

349 3621 463 3674 tacente
475 3615 540 3696 ipso
556 3617 706 3676 occultare
723 3614 852 3696 pectoris
870 3613 1040 3673 imitatione
1057 3613 1227 3694 patefecisse
1243 3614 1363 3674 dicitur.
1389 3630 1456 3690 ¹¹4·
1477 3625 1506 3675 ct
1532 3637 1572 3674 m.
1590 3618 1757 3676 rnarcello·

318 3717 435 3798 ‘lsque
449 3720 483 3776 in
504 3719 571 3779 Kal.
590 3755 605 3768 ·
628 3721 668 3784 Ex
690 3742 725 3781 ea
742 3729 881 3780 -sunt-
902 3718 1050 3781 uariari
1072 3739 1192 3800 operam
1215 3739 1276 3780 nna
1293 3721 1338 3779 uti
1349 3717 1518 3779 ambobus-
1535 3720 1567 3778 in
1583 3731 1757 3798 potestato-

348 3820 533 3886 rchemcntes
552 3837 649 3886 mnt-
666 3826 750 3886 mob.
764 3836 836 3886 sont
849 3858 865 3870 ·
884 3822 989 3904 syllam
1009 3824 1100 3884 modo
1118 3826 1247 3907 legatum
1277 3843 1343 3884 ιιι.
1360 3823 1512 3905 respondit
1528 3844 1583 3906 pro
1603 3845 1656 3900 sc,
1671 3838 1701 3887 ct
1717 3826 1755 3888 do

346 3951 420 4014 pace
436 3941 466 3992 ct
484 3929 522 3990 dc
541 3930 683 3995 omnibus
696 3930 757 3992 seb.
770 3933 899 3992 multum
917 3962 933 3977 -
947 3932 1129 4011 pollicentur
1149 3928 1207 3989 sibi
1225 3958 1244 3976 ·
1263 3931 1352 3989 armis
1369 3949 1397 3990 v.
1414 3930 1527 4008 proeliis
1543 3959 1558 3970 -
1579 3930 1754 3992 faciundum

347 4048 418 4100 esset
432 4071 448 4084 -
465 4036 598 4099 amicitia
618 4035 713 4097 loedus
732 4069 748 4082 -
777 4057 867 4118 quam
894 4045 1088 4115 conpeteret
1113 4065 1130 4082 ·
1152 4036 1283 4115 primum
1307 4036 1416 4116 agitare
1437 4035 1615 4116 cognatione
1636 4055 1756 4096 -carus

295 4140 308 4152 '
348 4154 411 4203 arat
431 4175 447 4190 ·
469 4146 576 4205 leniter
598 4153 627 4202 et
648 4161 682 4201 ex
697 4143 813 4199 volunt.
847 4157 916 4196 ιιο.
938 4140 971 4196 in
995 4150 1071 4197 terra
1093 4137 1150 4198 hac
1173 4171 1189 4184 -
1214 4150 1243 4199 et
1275 4143 1373 4201 omnis
1396 4141 1533 4200 omnium
1554 4173 1570 4187 ·
1602 4139 1754 4202 deberrcm

347 4244 473 4311 hercle·
487 4251 571 4312 Sulla
588 4259 658 4313 anta
675 4247 728 4307 illa
739 4245 896 4327 cognitum
913 4256 941 4304 to
959 4275 977 4291 ·
997 4243 1114 4324 indigui
1135 4245 1227 4306 -fuit
1243 4245 1320 4306 mihi
1338 4245 1415 4308 mihi
1428 4246 1529 4328 precii·
1540 4247 1727 4328 aliquantum
1738 4279 1754 4298 ·
