4050 5009
1441 330 1513 425 245

137 520 241 601 neque
256 503 412 585 decmtis
431 508 544 587 labos.
582 510 695 588 Male
713 510 965 617 secundaeque
984 538 1062 603 res,
1084 537 1192 617 opes,
1214 536 1293 585 non
1314 508 1512 617 ingenium

46 635 50 644 '
135 620 214 698 mihi
234 632 443 709 mutabant
484 640 534 710 At
555 652 689 712 contra
713 636 755 711 in
780 635 839 712 his
860 636 1020 713 miseriis
1040 652 1179 713 cuncta
1200 662 1261 709 me
1281 662 1371 712 cum
1390 618 1513 709 fortn-

132 770 171 819 na
191 748 386 831 deseruere.
411 760 592 835 Praeterea
616 777 810 851 senectus,
833 788 902 865 per
921 787 959 836 se
981 761 1124 865 gravis,
1149 786 1282 833 curam
1314 758 1513 861 duplicate

132 869 181 943 cui
196 873 344 968 misero,
367 898 515 957 senecta
542 881 619 957 iam
636 898 765 973 etate,
783 909 834 958 ne
854 898 1016 958 mortem
1041 882 1198 987 quidem
1216 880 1415 957 honestam
1431 906 1514 985 spe·

47 1087 52 1114 τ
130 1018 201 1070 rare
218 988 313 1074 licet.
350 1002 466 1093 Nam,
485 1006 516 1079 si
541 1004 732 1109 panicida
754 1006 867 1082 vestri
891 1033 998 1095 sum,
1023 1020 1061 1081 et
1081 1006 1139 1081 bis
1162 1006 1310 1111 genitus
1334 1004 1399 1078 hic
1426 1004 1514 1084 deos

130 1116 266 1196 Penates
288 1151 418 1216 meos,
443 1128 709 1232 patriamque,
732 1144 772 1203 et
796 1156 990 1205 summum
1013 1129 1219 1232 imperium
1243 1130 1332 1203 vilia
1360 1127 1513 1206 habeo:

47 1325 48 1332 ¹
129 1242 200 1341 quis
215 1246 309 1323 mihi
327 1250 413 1326 vivo
435 1252 626 1328 cruciatus
645 1252 733 1327 satis
753 1268 829 1343 est,
853 1269 922 1327 aut
938 1278 1025 1355 quae
1046 1280 1161 1356 poena
1179 1256 1361 1329 mortuol
1389 1276 1512 1355 quum

129 1368 240 1443 omnia
263 1392 471 1450 memorata
496 1376 601 1481 apud
626 1376 765 1452 inferos
782 1378 970 1483 supplicia
990 1378 1128 1453 scelere
1150 1404 1234 1453 meo
1256 1376 1340 1451 vici.
1380 1382 1412 1451 A
1434 1376 1512 1480 pri-

47 1597 51 1614 Ι
129 1516 179 1563 ma
205 1494 457 1574 adulescentia
492 1500 536 1577 in
558 1526 622 1577 ote
648 1518 770 1579 vestro
795 1503 966 1607 privatus
984 1519 1022 1578 et
1048 1502 1089 1575 in
1117 1500 1395 1611 magistratibus
1422 1499 1517 1605 egi:

47 1643 51 1660 ·
129 1616 347 1724 quilingna,
372 1623 442 1725 qui
459 1624 617 1700 consilio
633 1626 829 1729 meoqqui
848 1626 1012 1730 pecunia
1040 1626 1212 1716 voluere,
1236 1626 1295 1699 nsi
1312 1638 1427 1699 santi
1446 1648 1512 1701 ne-

128 1764 190 1839 que
207 1768 273 1848 ego
290 1744 472 1821 callidam
491 1746 714 1825 facundiam
733 1776 859 1855 neque
881 1750 1080 1855 ingenium
1099 1750 1149 1825 ad
1170 1749 1269 1823 male
1292 1748 1512 1823 laciendum

46 1923 51 1956 2
126 1867 260 1943 exeram
284 1902 293 1943 :
321 1868 568 1947 avidissumus
585 1872 742 1977 privatae
764 1873 894 1978 gratim
910 1898 1106 1949 maxumas
1127 1872 1346 1948 inimicitias
1361 1898 1432 1976 pro
1453 1896 1514 1947 re·

125 1988 266 2088 publica
286 1994 462 2098 suscepi:
488 1994 573 2099 quis
595 1996 716 2072 victus
729 2020 820 2071 cum
845 1997 911 2072 illa
933 1997 1071 2087 simul,
1097 2024 1218 2099 quum
1244 2022 1352 2100 egens
1377 1994 1510 2069 alienae

127 2113 213 2214 opis,
236 2114 352 2221 plura
376 2118 477 2194 mala
505 2136 781 2224 exspectarem
819 2146 908 2209 vos,
932 2120 1124 2217 Quiritem
1152 2146 1280 2195 rursus
1315 2116 1412 2192 mihi
1442 2144 1513 2221 pa·

126 2236 225 2313 triam
242 2240 407 2343 deosque
419 2246 593 2333 Penates,
617 2270 706 2317 cum
722 2244 868 2346 ingenti
887 2241 1072 2347 dignitate
1087 2242 1247 2317 dedistis.
1282 2246 1354 2317 Pro
1369 2242 1513 2343 quibus

126 2356 302 2439 beneficiis
319 2364 382 2439 vix
394 2366 482 2439 satis
496 2382 623 2471 gratus
640 2366 786 2457 videar,
800 2368 831 2441 si
845 2364 1004 2471 singulis
1017 2367 1205 2456 animam,
1218 2394 1336 2468 quam
1351 2392 1510 2467 nequeo,

125 2486 363 2562 concesserim.
395 2489 493 2563 Nam
503 2490 580 2564 vita
599 2506 637 2566 et
648 2514 749 2563 mom
761 2488 845 2562 iura
862 2504 1012 2567 natueae
1029 2503 1140 2563 sunt:
1157 2490 1215 2564 uti
1232 2490 1314 2564 sine
1329 2486 1514 2562 dedecore

127 2608 380 2701 numinibus,
398 2611 500 2686 fama
512 2629 552 2687 et
564 2610 727 2687 fortunis
744 2612 890 2716 integer
906 2636 1006 2715 agas,
1020 2610 1060 2686 id
1075 2611 1178 2688 dono
1191 2612 1306 2687 datur
1318 2628 1433 2713 attpte
1450 2636 1513 2683 ac·

40 2759 43 2768 ·
126 2730 262 2834 cipitun.
288 2731 469 2810 Consules
480 2758 549 2810 nos
559 2732 711 2825 fecistis,
724 2734 903 2832 Quirites,
915 2733 1021 2809 domi
1033 2734 1202 2838 bellique
1210 2730 1509 2839 impeditissuma

37 2945 39 2958 Ι
127 2856 317 2957 republica.
343 2857 517 2959 Namque
532 2856 775 2961 imperatores
786 2858 980 2961 Hispaniae
995 2858 1248 2961 stipendium,
1272 2858 1429 2949 milites,
1451 2884 1513 2933 ar·

38 2975 40 3032 ἵ
126 3001 194 3069 ma,
212 2980 451 3055 ficmentum
462 2998 690 3084 poscunt3et
703 2980 744 3057 id
761 2980 949 3085 rescogit3
969 2978 1155 3082 quoniam
1168 2980 1379 3055 defectione
1393 2980 1512 3055 socio-
1621 2994 1624 2999 “

38 3139 39 3208 j
126 3124 202 3179 rum
213 3120 251 3179 et
261 3102 416 3181 Sertorii
431 3130 500 3207 per
510 3120 657 3179 montes
672 3104 774 3211 suga,
790 3132 915 3208 neque
930 3128 1050 3177 manu
1063 3120 1206 3179 certate
1216 3121 1374 3207 possunt
1386 3108 1517 3205 neque

38 3215 40 3276 ῑ
125 3225 222 3303 utilia
231 3253 374 3331 parare.
389 3227 586 3305 Exercitus
596 3227 638 3303 in
649 3228 735 3305 Asia
749 3226 959 3330 Ciliciaque
968 3228 1018 3302 ob
1031 3227 1167 3301 nimias
1179 3252 1266 3331 opes
1275 3224 1508 3299 Mithridatis

38 3441 40 3450 Ι
125 3347 288 3426 aluntur:
307 3349 532 3427 Macedonia
545 3351 658 3455 plena
670 3350 838 3426 hostium
849 3368 920 3425 est:
940 3377 1011 3426 nec
1027 3352 1155 3425 minus
1165 3349 1286 3425 Italiae
1298 3348 1504 3424 marituma

38 3459 39 3474 l
124 3488 155 3545 et
164 3474 594 3577 prouinciarum:quum
608 3476 762 3549 interim
774 3473 969 3579 vectigalia
980 3500 1097 3577 parva
1110 3488 1148 3547 et
1158 3472 1268 3547 bellis
1280 3472 1512 3561 incerta,six

126 3652 186 3715 len.
198 3656 232 3731 5,
246 3630 320 3729 524}
342 3655 361 3715 6
367 3696 379 3729 ,
391 3652 509 3735 569.-
518 3654 547 3726 4.
558 3652 655 3715 cer.
667 3653 752 3715 ct'tim
762 3653 868 3713 haccex
879 3652 956 3713 libro
968 3674 994 3712 ι.
1005 3652 1171 3717 laudantur.
1180 3685 1221 3699 -
1243 3652 1270 3711 5.
1280 3650 1358 3710 Don.
1370 3650 1409 3709 ad
1417 3650 1515 3733 dudm

128 3776 156 3831 a,
173 3780 202 3835 2,
223 3762 269 3821 28.
288 3792 331 3808 -
351 3759 385 3825 6.
401 3759 522 3819 Suetou.
534 3756 571 3818 de
584 3759 669 3819 claris
686 3759 820 3823 Gratum.
839 3780 904 3838 cap.
920 3779 966 3817 ιο.
984 3790 1027 3804 -
1054 3779 1082 3839 7.
1102 3756 1207 3821 Isidos.
1222 3776 1276 3829 ιι,
1291 3775 1317 3815 ι.
1337 3754 1416 3816 Serv·
1436 3753 1511 3815 Aen.

129 3882 157 3937 a,
172 3886 214 3949 ¹9·
231 3898 273 3913 -
292 3861 446 3931 &Charis
458 3885 490 3944 p.
509 3884 630 3947 ¹77····
649 3884 680 3945 9.
698 3864 784 3923 Prisc.
801 3862 856 3937 td,
872 3868 908 3937 3,
924 3862 1048 3943 59s-
1071 3882 1117 3920 so.
1137 3860 1237 3921 Senec.
1252 3858 1306 3939 Ep.
1323 3858 1439 3929 nd.-
1462 3880 1510 3920 ιι.

128 3964 242 4034 Itonsd
258 3967 350 4030 Andr.
367 3987 402 4042 ι,
425 3986 460 4043 2,
481 3966 531 4039 34.
554 3999 596 4016 -
619 3944 1067 4040 12.Don.adllunnch.d,l,
1088 3966 1119 4029 8.
1138 3996 1179 4012 -
1202 3962 1249 4023 13.
1262 3963 1332 4022 Isid-
1348 3966 1399 4041 18,
1420 3984 1447 4029 2.
1468 3996 1510 4056 '''.

131 4073 170 4143 sl.
186 4074 287 4135 Seneca
296 4074 353 4154 Ep.
371 4071 439 4143 ιι4.
457 4104 499 4119 ·-
522 4070 567 4131 15.
587 4069 728 4152 hid-19,
750 4070 799 4141 ad.
819 4067 921 4130 Schol-
935 4070 974 4129 ad
994 4070 1126 4133 Iuvenal.
1148 4068 1187 4141 ὕ,
1208 4067 1280 4137 loo.
1298 4100 1339 4115 -
1363 4068 1407 4127 ιδ.
1429 4070 1508 4134 Serv.

131 4174 191 4237 den.
202 4179 234 4255 4,
249 4199 315 4261 27¹·
333 4210 375 4225 -
404 4199 452 4258 ¹7·
465 4175 632 4255 nulita'oeque
643 4177 737 4247 Vatis.
758 4194 813 4254 que
828 4194 890 4237 om.
907 4176 1004 4234 ceteri.
1025 4172 1138 4252 inquis
1156 4171 1289 4233 omnibus
1307 4172 1400 4237 Vatis.
1422 4172 1514 4251 inque

132 4278 171 4342 ts
188 4285 279 4349 ceteri.
298 4302 448 4362 unusquam
467 4281 583 4342 annuus
600 4280 691 4343 Febr.
706 4278 783 4347 Bric.
808 4288 924 4341 aneta
943 4277 1006 4340 iam
1022 4268 1108 4341 etus
1131 4276 1173 4341 sic
1197 4275 1298 4337 Cassio
1317 4256 1484 4341 mondavit
1495 4295 1512 4351 ς·
