4050 5009
1600 435 1621 511 7

219 632 416 693 ventutem
429 641 537 691 suam
559 613 733 690 exercuit.
768 613 914 714 Corpus
934 608 1084 714 patiens
1105 603 1258 692 inediae,
1282 599 1437 709 algoris,
1455 593 1624 700 vigiliae,

218 761 336 842 supra
352 767 469 843 quam
492 739 673 841 cuiquam
690 733 879 812 credibile.
911 733 1073 810 Animus
1093 731 1235 818 audax,
1259 725 1456 814 subdolus,
1475 721 1621 810 rarius,

219 862 330 938 cuius
355 864 411 939 rei
436 863 530 938 libet
554 860 755 937 simulator
776 886 820 934 ac
848 857 1134 952 dissimulator3
1169 853 1286 930 alieni
1321 865 1531 956 appetens,
1561 845 1621 922 sui

219 985 420 1090 profusus,
453 987 588 1062 ardens
613 986 655 1062 in
686 981 987 1088 cupiditatibus:
1020 980 1110 1058 satis
1142 977 1390 1082 eloquentiae,
1427 971 1621 1079 sapientiae

219 1136 367 1214 parum.
404 1113 540 1186 Vastus
560 1110 710 1184 animus
726 1105 998 1198 immoderata,
1026 1103 1284 1194 incredibilia,
1307 1100 1421 1177 nimis
1438 1099 1516 1174 alta
1527 1123 1624 1174 sem·

217 1261 288 1338 per
307 1235 493 1339 cupiebat.
530 1235 646 1309 Hunc
670 1247 754 1336 post
776 1229 1079 1306 dominationem
1099 1227 1207 1304 Lucii
1240 1226 1356 1302 Sullae
1379 1218 1514 1300 lubido
1541 1249 1623 1304 ma·

217 1385 334 1434 xuma
353 1359 540 1434 invaserat
561 1355 782 1460 reipublicae
801 1353 1024 1459 capiundae:
1049 1381 1175 1456 neque
1192 1349 1232 1427 id
1255 1350 1396 1455 quibus
1415 1348 1539 1424 modis
1556 1347 1623 1423 ad·

216 1499 451 1585 sequeretur,
475 1483 571 1558 dum
589 1479 661 1554 sibi
691 1505 852 1584 regnum
875 1494 1047 1582 pararet,
1080 1477 1291 1580 quicquam
1313 1475 1420 1580 pensi
1447 1473 1622 1549 habebat

217 1604 447 1710 Agitabatur
463 1604 581 1710 magis
606 1601 799 1706 magisque
822 1601 863 1677 in
884 1601 963 1678 dies
982 1602 1134 1676 animus
1159 1601 1265 1677 ferox
1287 1599 1419 1704 inopia
1436 1599 1492 1674 rei
1511 1597 1624 1672 lami·

215 1729 319 1805 liaris
342 1747 381 1806 et
397 1727 627 1806 conscientia
647 1725 860 1801 scelerum:
896 1751 982 1830 quae
1008 1740 1172 1829 utraque
1191 1722 1252 1799 his
1277 1724 1424 1799 artibus
1447 1740 1622 1810 auxerat,

214 1879 310 1956 quas
331 1879 447 1958 supra
466 1849 680 1927 memoravi.
706 1850 926 1925 incitabant
948 1865 1128 1954 praeterea
1152 1849 1323 1952 corrupti
1352 1848 1515 1924 civitatis
1541 1875 1622 1923 mo-

214 2003 289 2067 res,
315 2003 410 2080 quos
429 2003 600 2080 pessuma
626 2001 670 2049 ac
691 1973 838 2049 dirorsa
863 1975 963 2050 inter
992 2001 1031 2049 se
1059 1973 1177 2064 mala,
1209 1973 1362 2048 luxuria
1395 1989 1512 2076 atque
1535 2001 1623 2049 ava·

213 2101 303 2176 ritia
318 2101 513 2176 vexabant.
539 2101 609 2175 Res
635 2099 714 2202 ipsa
741 2095 889 2172 hortari
911 2097 1078 2188 videtur,
1103 2099 1289 2202 quoniam
1308 2099 1357 2176 de
1380 2099 1551 2174 moribus
1568 2099 1623 2173 ci·

211 2225 339 2300 vitatis
358 2241 506 2329 tempus
528 2221 751 2312 admonuit,
774 2247 889 2328 supra
908 2239 1095 2329 repetere,
1121 2250 1168 2300 ac
1184 2224 1316 2330 paucis
1334 2223 1509 2300 instituta
1541 2250 1622 2298 ma-

214 2348 342 2424 iorum
362 2349 467 2425 domi
488 2347 729 2452 militiaeque,
748 2347 941 2449 quomodo
953 2349 1233 2453 rempublicam
1248 2347 1476 2437 habuerint,
1496 2375 1623 2452 quan-

213 2490 370 2576 tamque
392 2473 619 2578 reliquerint
635 2505 643 2546 :
667 2486 713 2548 ut
728 2470 933 2574 paullatim
947 2472 1169 2562 immutata,
1188 2499 1234 2548 ex
1250 2471 1523 2577 pulcherruma
1538 2497 1629 2576 pes·-

212 2667 436 2736 &maducat
448 2671 545 2736 Sonat.
560 2692 587 2737 a.
601 2671 663 2740 Ino.
683 2693 711 2737 a.
729 2675 828 2739 Heuss.
846 2673 944 2738 Guell.
958 2672 987 2738 6.
1005 2693 1050 2738 to.
1075 2671 1201 2736 extimo..
1212 2671 1310 2736 Guell.
1330 2671 1452 2736 nullas.
1471 2673 1500 2744 4.

275 2795 348 2880 Cap.
360 2799 386 2864 5.
397 2798 474 2876 suit.
490 2819 592 2860 ornnes
604 2799 701 2868 Godd.
718 2807 854 2870 retinent.
875 2803 1082 2868 αάιιΙεεοωαία.
1100 2802 1175 2862 Bern
1195 2823 1221 2868 r.
1239 2822 1325 2863 suurn
1336 2807 1527 2880 juventutem.
1538 2802 1627 2868 leid..

207 2907 233 2970 l.
249 2902 312 2972 lias.
334 2903 364 2970 3.
376 2911 530 2983 junctam
547 2926 641 2972 suurn.
660 2907 745 2970 uem.
765 2931 791 2976 r.
812 2905 924 2988 algoris
944 2907 1072 2988 vigiliae.
1093 2907 1156 2972 Bas.
1173 2927 1284 2971 omnes.
1302 2906 1420 2989 Erlang.
1440 2907 1538 2974 Turio.
1552 2930 1577 2975 ι.
1589 2929 1628 2972 a..

207 3007 295 3076 Bem.
311 3031 337 3076 r.
352 3031 380 3076 a.
396 3010 425 3076 3.
444 3011 524 3078 Leid.
542 3031 568 3078 a.
583 3033 609 3078 c.
624 3013 655 3080 d.
671 3017 728 3080 ef.
744 3039 772 3100 g.
785 3013 816 3082 h.
834 3015 861 3080 lt.
881 3017 901 3080 l.
924 3013 1069 3079 credibile.
1085 3013 1220 3078 Animm
1232 3013 1313 3078 leid.
1329 3034 1359 3078 a.
1370 3014 1400 3077 d.
1416 3015 1436 3078 l.
1456 3035 1484 3095 g.
1502 3016 1522 3079 i.
1540 3018 1561 3080 l.
1577 3036 1620 3074 m.

206 3134 240 3179 n.
261 3115 785 3204 utiquam.1aeid.a.d.l.g.b.i.l.
806 3119 976 3186 m.n.Bas.
998 3118 1110 3192 r.3.l.
1130 3120 1273 3184 'lurica
1293 3119 1397 3199 cuique
1421 3131 1548 3200 quatuor
1563 3119 1628 3178 Pa·-

207 3221 293 3282 tarini
307 3223 485 3305 antiquiores
501 3235 530 3284 et
541 3223 691 3306 bongarsii
709 3235 830 3309 mscrpt.
845 3224 938 3287 Guell
953 3247 978 3290 1.
997 3225 1026 3297 4.
1041 3226 1069 3290 5.
1083 3225 1179 3288 Senat
1196 3245 1224 3289 a.
1244 3223 1348 3287 Heuss.
1364 3223 1465 3288 Vinar.
1480 3244 1508 3288 a.
1528 3224 1616 3290 Rem.

207 3345 238 3390 a.
251 3325 348 3393 Turio.
369 3349 394 3392 r.
416 3333 498 3406 cujas
517 3327 562 3389 rei
579 3328 656 3396 libet.
670 3331 775 3397 Nazar..
795 3331 892 3395 Sonat.
918 3351 942 3396 r.
963 3330 1078 3390 Nonius
1093 3349 1117 3394 s.
1135 3351 1164 3394 r.
1176 3330 1321 3393 simulare.
1338 3349 1370 3410 p.
1386 3325 1454 3409 731,
1471 3326 1628 3392 eaeor*

205 3425 323 3497 balred.
365 3431 536 3512 loquentine.
553 3433 616 3498 Ine.
641 3454 666 3501 r.
682 3433 854 3500 boranieus.
874 3455 909 3498 ex
927 3434 1001 3501 bibl.
1026 3436 1055 3500 S.
1076 3435 1195 3500 blartin.
1224 3455 1311 3515 quem
1334 3434 1461 3494 contulit
1478 3432 1625 3514 Cypriam.

204 3531 311 3618 Pcpm.
332 3537 365 3597 in
387 3537 485 3606 Gucll.
511 3560 556 3606 rr.
578 3560 608 3604 c.
622 3559 734 3601 erasum
749 3541 845 3606 Senat.
876 3562 902 3607 r.
929 3543 1050 3622 antiqua
1071 3561 1179 3606 manu..
1206 3541 1290 3603 Paris.
1314 3559 1339 3604 e.
1375 3539 1425 3599 sed
1449 3538 1618 3619 eloquentiae

200 3641 345 3722 scriptum
361 3643 446 3724 spisse
460 3644 584 3710 videtur.
600 3665 649 3726 ap.
666 3645 750 3710 Prisc.
775 3647 820 3712 15.
840 3647 867 3710 5.
884 3645 952 3712 631.
970 3644 1024 3706 nbi
1038 3643 1151 3709 Putseh.
1172 3642 1352 3724 loquentiam,
1366 3640 1458 3703 Krehl
1473 3665 1508 3704 ex
1518 3643 1625 3710 codd..

202 3743 292 3812 Lurh.
333 3747 468 3813 Heidelb.
492 3749 595 3815 Zwicc.
619 3770 645 3815 t.
673 3771 701 3816 a.
724 3751 784 3814 Erl.
807 3772 832 3816 ι.
855 3771 884 3816 a.
910 3751 987 3832 Lips.
1011 3771 1037 3815 1.
1056 3771 1084 3815 a.
1110 3750 1183 3829 eloq.
1200 3749 1302 3815 edidit.
1329 3769 1438 3830 perum
1457 3748 1615 3830 sapr‘entt'oe.

202 3847 282 3910 Bem
291 3873 318 3917 1.
332 3871 361 3917 2.
381 3851 597 3932 capiendarum
605 3853 758 3930 omnibus,
770 3875 843 3936 quos
858 3857 966 3937 inspexi
971 3855 1079 3926 ,libris
1092 3854 1332 3937 legitur‚etiamsi
1344 3856 1414 3913 alias
1426 3858 1508 3914 nulla
1520 3856 1617 3937 scrip*

201 3963 284 4016 turae
304 3959 406 4020 veteris
420 3959 538 4042 vestigia
557 3957 772 4042 deprehendar.¹
796 3960 959 4020 incitabant
978 3981 1054 4025 eum.
1072 3959 1158 4024 Bern.
1173 3981 1199 4023 ι.
1215 3978 1243 4025 a.
1254 3959 1290 4025 3..
1313 3959 1486 4023 ammoneat.
1507 3960 1577 4026 Bas.
1588 3983 1621 4026 ι..

200 4059 339 4122 mnomait
350 4061 435 4128 Bern.
457 4084 490 4129 a.
506 4064 686 4126 honorinae
703 4065 829 4131 vitietur.
846 4065 950 4132 Turio..
962 4087 990 4132 a.
1012 4065 1212 4145 relinquerint.
1229 4065 1314 4131 Basil.
1334 4086 1359 4130 r.
1373 4065 1457 4130 bern.
1473 4085 1500 4129 a.
1517 4065 1615 4132 Guell'.

199 4165 235 4239 ἐξ
246 4189 276 4249 9,
298 4168 479 4248 rutccard.
501 4170 572 4235 Seu..
590 4191 618 4235 a.
642 4170 746 4234 lleuss.
759 4171 854 4236 Strur.
876 4183 904 4231 et
921 4155 1055 4240 Romans.
1074 4182 1168 4253 uterq.
1187 4171 1289 4232 eadem
1313 4173 1433 4234 uarietas
1448 4175 1565 4253 passim.
1586 4181 1615 4232 et

198 4273 483 4340 catartaria.
504 4276 660 4341 r.Leid.e.
682 4276 709 4340 k.
739 4277 885 4354 paulatim
904 4277 1070 4342 inminuta.
1091 4277 1242 4342 Martiir.
1261 4276 1614 4343 Fabrio.,1.ltn.3.vi-
1675 4349 1680 4365 ι

198 4400 265 4450 nar.
286 4402 313 4448 r.
328 4380 397 4446 Tur.
411 4403 441 4446 ι..
451 4403 491 4446 m.
503 4402 549 4464 pr.
567 4380 769 4463 pulcherrima
785 4390 814 4440 et
830 4381 951 4464 optimo.
963 4383 1090 4448 Eccard.
1101 4382 1186 4448 Bern.
1199 4402 1230 4447 a.
1244 4381 1339 4447 Strur.
1358 4383 1460 4446 Vinar.
1471 4381 1611 4446 acuat
