4050 5009
271 443 276 450 '
360 409 442 510 ttuss
493 425 500 434 ’

411 633 445 688 ta
465 631 544 687 sunt
568 625 616 687 ι5.
639 641 743 706 penes
765 627 924 706 optumos
945 617 1060 682 forent
1081 625 1130 682 3ι.
1153 617 1445 684 commonefacere
1465 617 1629 687 beneficii
1650 628 1703 690 sui
1724 645 1776 714 49.

407 730 585 794 benefieiis
603 729 714 791 victus
739 747 805 790 toa.
829 747 940 808 neque
961 725 1131 788 beneficio
1152 745 1265 807 neque
1286 734 1380 787 metu
1403 728 1571 792 coercitus
1591 751 1641 811 9¹·

366 836 529 923 Benigne
550 835 726 918 respondit
746 836 776 895 J.
796 858 841 895 ιι.
863 834 922 899 cir.
948 855 1018 918 102.⁴
1037 832 1211 914 appellare
1232 832 1360 894 milites
1384 854 1430 894 ιο.
1453 835 1774 922 habere113.prae-
1885 879 1895 887 ·

306 949 309 956 '
409 943 487 1003 dam
509 949 654 1003 ostentat
676 941 725 1000 68.
748 941 838 1001 dona
862 939 978 1002 omnia
1002 938 1040 998 in
1061 936 1275 1020 benignitate
1296 938 1513 1001 habebantur
1535 948 1601 1005 ιο3.

364 1043 513 1111 Biennii
530 1045 789 1138 inioecunditate
811 1045 851 1106 H.
872 1046 933 1105 III.
956 1059 1003 1103 ra.
1025 1041 1126 1105 binas
1146 1050 1205 1103 aut
1225 1041 1373 1126 amplius
1395 1046 1516 1109 domos
1536 1049 1572 1108 C.
1593 1065 1642 1111 ao.
1672 1051 1774 1116 binos

396 1152 626 1236 imperatores
646 1155 675 1212 6.

365 1260 471 1324 Bona
492 1267 594 1338 atque
614 1258 759 1318 honeste
779 1253 969 1338 permansit
998 1253 1101 1315 nobis
1120 1253 1274 1331 amicitia
1299 1255 1330 1314 J.
1354 1259 1381 1317 5.
1411 1255 1444 1316 8.
1467 1254 1655 1340 fidelesque
1677 1279 1773 1323 man·

404 1383 477 1428 sere
499 1341 545 1446 77.
578 1361 611 1422 8.
635 1359 840 1441 honestique
860 1362 967 1422 vitam
987 1360 1164 1444 exigerent
1182 1361 1235 1422 85.
1263 1360 1294 1421 b.
1315 1381 1430 1423 rerum
1452 1383 1533 1424 cura
1558 1384 1585 1426 ι.
1608 1365 1718 1428 otium
1739 1367 1772 1428 G

404 1460 440 1548 4.
455 1467 632 1566 ingenium
652 1469 681 1528 J.
704 1469 753 1528 82.
785 1466 939 1528 animum
960 1467 1088 1530 habere
1110 1469 1157 1528 85.
1180 1466 1283 1529 bonis
1303 1465 1415 1528 initiis
1435 1467 1470 1528 C.
1496 1489 1540 1530 ιι.
1559 1470 1705 1534 bonisne
1726 1491 1771 1534 an

403 1575 503 1636 malis
524 1573 678 1636 moribus
695 1572 851 1650 vivamus
874 1575 910 1634 C.
935 1580 982 1637 32.
1003 1573 1038 1634 8.
1060 1593 1172 1636 mores
1194 1575 1231 1634 C.
1252 1595 1282 1653 9.
1304 1572 1491 1655 imperator
1511 1577 1559 1637 so.
1579 1575 1618 1636 in
1638 1577 1771 1640 artibus

403 1679 574 1744 civitatem
604 1678 773 1741 retinebat
802 1689 835 1742 J.
866 1684 915 1753 45.
946 1677 1027 1740 vide
1055 1698 1080 1740 s.
1112 1701 1145 1739 v.
1173 1699 1245 1740 ars.
1274 1699 1356 1763 ager
1384 1680 1497 1742 bonus
1524 1681 1642 1764 pecori
1666 1703 1713 1763 ι7.
1734 1683 1769 1744 8.

403 1785 549 1848 oonsilio
571 1806 601 1865 7.
633 1786 667 1846 b.
690 1793 811 1846 contra
829 1783 985 1867 pericula
1005 1787 1048 1845 H.
1070 1785 1138 1847 ine.
1164 1806 1244 1864 ιι9.
1269 1785 1384 1848 bonus
1402 1786 1506 1851 subst.
1529 1789 1564 1847 C.
1590 1808 1636 1866 ¹9·
1667 1799 1696 1854 J.
1719 1791 1768 1862 4²·

401 1889 488 1954 boni
508 1901 610 1971 atque
631 1889 747 1974 ignavi
769 1892 819 1969 57.
851 1909 927 1969 quae
947 1888 1089 1972 pessimi
1110 1899 1144 1953 et
1167 1890 1361 1953 stultissimi
1381 1893 1577 1975 decrevere,
1607 1913 1647 1956 ea
1667 1893 1770 1957 bonis

403 2005 437 2060 et
457 1995 668 2079 sapientibus
689 1995 845 2057 iacienda
865 2004 954 2058 sunt.
977 1999 1022 2058 H.
1042 1997 1069 2058 1.
1093 2018 1140 2076 ι9.
1161 1995 1346 2080 imperium
1368 1999 1411 2058 ad
1443 1997 1584 2082 ignavos
1612 2007 1671 2059 aut
1701 1999 1769 2062 mi·

403 2123 469 2164 nus
489 2103 600 2164 bonos
617 2101 772 2185 pervenit
793 2103 830 2184 J·.
847 2105 895 2162 51.
925 2121 1041 2182 aequos
1060 2104 1241 2183 bonosque
1263 2102 1376 2166 lavere
1396 2103 1446 2164 85.
1471 2123 1571 2166 888ιο
1591 2104 1705 2165 honus
1724 2102 1769 2166 li·
1864 2187 1876 2196 ι

399 2208 566 2272 bertatem
586 2207 655 2270 nisi
675 2228 754 2269 cum
775 2207 892 2270 anima
914 2206 1169 2270 simul-amittit
1190 2210 1228 2269 C:
1249 2212 1300 2271 33.
1326 2229 1390 2292 pro
1410 2209 1503 2272 bono
1525 2211 1606 2273 duci
1628 2210 1673 2271 H.
1695 2211 1718 2270 L
1739 2229 1769 2289 9.

399 2314 484 2376 boni
506 2314 667 2397 malique,
687 2313 818 2376 strenui
840 2321 873 2375 et
894 2311 1055 2376 imbelles
1075 2313 1106 2376 J.
1117 2315 1166 2394 67.
1188 2314 1221 2375 8.
1236 2315 1376 2398 segnior
1394 2313 1443 2399 fit,
1463 2316 1525 2378 ubi
1540 2317 1700 2402 neglegas
1716 2319 1766 2378 3ι.

399 2409 480 2484 vide
501 2441 635 2502 aequus.
658 2419 790 2483 bonum
820 2441 851 2486 8.
873 2420 977 2482 subst.
1000 2420 1045 2482 ob
1067 2417 1202 2504 ingenii
1222 2420 1331 2482 multa
1352 2420 1445 2482 bona
1468 2424 1497 2482 J.
1522 2427 1589 2484 108.
1611 2443 1631 2484 a
1650 2423 1680 2483 b.
1701 2423 1767 2486 ho·

398 2536 561 2607 nestoque
587 2525 626 2586 in
658 2545 802 2607 pravum
832 2525 1019 2588 abstractus
1041 2543 1090 2605 29.
1113 2528 1143 2591 8.
1174 2523 1366 2605 quidboni
1387 2525 1540 2606 utrisque
1568 2537 1628 2589 aut
1649 2513 1767 2590 c'ontr‘a

400 2631 450 2709 87.
479 2650 591 2710 neque
613 2639 703 2692 recte
724 2651 835 2712 neque
855 2653 919 2714 pro
940 2633 1035 2694 bono
1058 2630 1228 2692 iacturum
1250 2646 1299 2692 22.
1326 2650 1425 2710 aequo
1452 2639 1484 2691 et
1505 2631 1538 2697 b.
1559 2641 1768 2698 sustentatus

398 2735 442 2798 Η.
463 2737 488 2796 Ι.
512 2757 558 2816 ι9.
595 2757 635 2799 ex
655 2757 717 2819 aeq.
747 2737 909 2819 bonoque
939 2757 1042 2819 quam
1064 2756 1105 2798 ex
1129 2735 1207 2814 jure
1227 2734 1382 2819 gentium
1403 2737 1433 2796 J.
1456 2713 1506 2797 li.
1532 2735 1625 2798 bona
1645 2737 1767 2801 omnia

398 2840 438 2905 in
459 2862 518 2927 spe
539 2843 666 2907 habere
698 2846 802 2906 031.
832 2846 866 2907 8.
889 2844 979 2930 mala
1001 2844 1121 2909 H.‘IV.
1146 2863 1194 2904 ιι.
1227 2861 1248 2904 a
1268 2861 1351 2905 vero
1370 2842 1532 2921 bonoque
1552 2837 1766 2926 impediebat

295 2961 298 2968 ⁴
398 2950 430 3012 J.
452 2955 501 3016 3ο.
523 2951 556 3012 8.
577 2951 757 3033 publicum
778 2952 814 3011 C.
838 2952 887 3015 38.
912 2951 942 3010 J.
967 2951 1017 3016 25.
1037 2950 1072 3010 b.
1092 2968 1290 3011 maxumum
1311 2949 1349 3011 in
1371 2947 1544 3011 celeritate
1565 2949 1708 3031 putabat
1729 2952 1764 3019 C.

397 3059 446 3117 33.
479 3056 514 3116 8.
537 3063 570 3116 et
590 3075 726 3138 aequum
754 3057 786 3118 J.
811 3061 857 3119 ι5.
891 3077 995 3140 supra
1015 3057 1050 3120 b.
1072 3066 1175 3139 atque
1195 3059 1379 3119 honestum
1400 3056 1449 3118 80.
1477 3053 1535 3134 jus
1564 3054 1764 3136 bonumque

397 3161 432 3220 C.
454 3180 483 3239 9.

355 3262 478 3334 Brevis
499 3265 568 3328 vita
589 3269 626 3330 C.
650 3291 675 3330 r.
696 3266 759 3330 aevi
779 3270 808 3329 8.
835 3288 861 3333 ι.
882 3266 980 3329 brevi
999 3267 1111 3351 spatio
1132 3267 1292 3330 coaluere
1313 3268 1363 3349 87.
1392 3266 1544 3331 breviter
1573 3275 1608 3330 et
1627 3256 1761 3330 modice

394 3374 439 3438 de
458 3393 542 3455 pace
562 3373 721 3440 disseruit
746 3393 812 3432 ιιι.
836 3373 871 3435 C.
889 3375 942 3444 36.
963 3371 1061 3435 brevi
1081 3375 1132 3449 43.
1153 3372 1187 3433 b.
1207 3371 1355 3458 tempere
1374 3373 1404 3432 8.
1429 3377 1475 3436 ι3.

1038 3554 1073 3622 C.

354 3679 541 3748 cadavera
562 3687 714 3750 hostium
742 3697 777 3752 c.
801 3689 849 3750 6ι.
871 3683 1013 3749 hostilia
1031 3683 1207 3747 volventes
1228 3682 1313 3745 ibid.
1334 3683 1453 3748 omnia
1474 3693 1643 3753 constrata
1663 3684 1762 3770 telis,

395 3790 512 3870 armis,
531 3793 752 3854 cadaveribus
772 3795 803 3858 8.
829 3813 896 3854 ιοι.

354 3891 495 3962 Cadere
514 3903 573 3955 aut
593 3896 739 3958 sauciari
758 3899 789 3958 8.
807 3916 856 3979 98.
877 3897 1026 3962 inermes
1047 3899 1173 3960 cadunt
1188 3898 1238 3970 54.
1259 3903 1454 3979 opportuna
1475 3915 1528 3959 res
1547 3893 1638 3956 eadit
1660 3904 1696 3960 c.
1709 3912 1759 3959 ao.

392 3998 604 4084 praeeipitem
625 4004 745 4065 cadere
765 4004 796 4065 J.
818 4004 848 4065 8.
869 4003 907 4066 in
926 4003 1117 4086 perniciem
1136 4001 1375 4065 misericordia
1395 4000 1496 4066 cedit.
1519 4005 1566 4064 31.

353 4099 457 4176 Coeci
474 4105 617 4168 avaritia
636 4108 666 4172 8.
689 4108 738 4170 88.
760 4107 923 4191 cupidine
944 4111 993 4170 25.
1015 4113 1065 4190 37.
1085 4109 1218 4170 nudum
1239 4119 1271 4170 et
1292 4128 1418 4173 caecum
1439 4125 1562 4192 corpus
1582 4109 1626 4169 ad
1647 4105 1756 4170 hostis

255 4293 261 4304 Ι
390 4223 527 4278 vortere
550 4233 617 4294 ιο7.
1208 4262 1211 4268 .

352 4315 459 4395 cade
476 4330 578 4414 atque
594 4323 688 4394 luctu
703 4317 821 4396 omnia
832 4319 1050 4416 complentur
1067 4321 1097 4383 8.
1107 4339 1158 4412 98.
1179 4323 1316 4414 cadem,
1335 4319 1499 4394 incendia
1511 4318 1649 4408 aliaque
1666 4316 1761 4392 belli
1778 4375 1790 4390 ,
