4050 5009
1552 385 1636 494 899

216 619 248 676 J.
277 612 343 672 103.
364 603 466 668 utilia
486 610 545 666 991
563 599 862 666 benevolentiae.
886 601 935 663 65.
953 599 1045 664 inter
1065 597 1224 663 sinistros
1243 603 1375 663 montes
1398 599 1627 662 9199991999

218 733 304 798 supe
327 729 445 797 aspere
464 721 497 776 J.
518 731 548 790 7.
581 709 803 772 vehementer
824 724 920 770 carus
943 741 985 758 —
1009 704 1160 769 maximo
1182 703 1308 769 terrori
1330 721 1377 779 14.
1405 703 1445 766 in
1465 704 1629 769 omuibus

217 817 321 882 bellis
339 854 382 871 —
400 837 464 902 per
484 814 595 880 otium
612 815 649 876 G.
671 835 700 896 9.
727 813 766 876 in
783 811 963 896 suppliciis
982 845 1024 862 -
1043 809 1276 898 9999911191-
1294 809 1392 874 domi
1414 810 1511 894 parci
1525 843 1568 860 -
1588 809 1629 872 in

219 923 345 988 amicos
364 922 484 988 fideles
499 934 530 989 J.
549 943 578 1004 7.
600 919 692 984 dolis
708 953 750 970 —
766 937 828 1001 por
848 915 921 978 vim
941 916 989 977 ib.
1007 917 1129 980 labore
1149 953 1192 970 -
1212 919 1368 1001 parendo
1386 934 1416 994 4.
1439 934 1551 999 neque
1567 933 1630 1000 per

220 1031 339 1094 vim·-
348 1049 460 1110 99999
468 1026 606 1092 insidiis
616 1024 663 1088 ib.
676 1047 701 1086 ι.
712 1021 892 1087 imbecilla
900 1029 1003 1103 atque
1011 1021 1077 1086 aevi
1092 1022 1207 1086 brevis
1215 1026 1266 1099 96.
1275 1021 1417 1086 avidum
1429 1055 1472 1072 -
1486 1020 1631 1106 ingenio

223 1133 601 1211 99919111,19119199961.
622 1133 729 1194 bomo
746 1127 881 1213 inanis,
903 1137 937 1193 et
961 1126 1066 1214 regiae
1084 1127 1253 1212 superbia
1271 1149 1321 1209 7⁰·
1357 1129 1452 1195 hom.
1472 1126 1633 1191 nobilem

222 1275 263 1292 -
279 1239 412 1326 magnis
427 1239 552 1322 opibus
572 1237 608 1300 C.
620 1239 668 1299 96.
688 1237 788 1300 919919
800 1233 926 1299 11119919
940 1269 983 1286 -
999 1234 1202 1319 psallere·
1214 1235 1324 1299 multa
1344 1233 1425 1302 alia.
1442 1230 1465 1300 J
1466 1279 1474 1296 .
1491 1237 1542 1318 78.
1566 1235 1633 1298 im-

200 1421 206 1432 ,
223 1367 319 1430 pares
335 1345 576 1430 magnitudine
594 1377 636 1394 -
654 1341 732 1425 pari
747 1347 870 1405 991999
886 1337 907 1406 J
910 1385 918 1404 .
932 1343 982 1410 69.
1004 1341 1074 1425 ipsi
1089 1349 1398 1427 pares-ceterum
1415 1341 1541 1427 opibus
1559 1340 1633 1405 dis-

223 1453 364 1536 paribus
389 1455 426 1515 c.
456 1473 503 1532 ¹7·
532 1451 665 1513 incerta
685 1467 750 1532 pro
771 1447 892 1524 certis,
919 1446 1055 1511 bellum
1081 1468 1187 1530 quam
1211 1467 1331 1534 pacem
1365 1447 1550 1512 malebant.
1578 1451 1633 1527 ³7·

223 1557 383 1622 homines
401 1565 554 1641 egentes,
576 1553 678 1618 malis
695 1553 852 1620 moribus
875 1553 922 1617 ib.
938 1553 1002 1637 qui
1023 1555 1246 1639 praestabant3
1268 1591 1311 1608 -
1329 1554 1394 1617 alii
1412 1552 1635 1640 patrimoniis

225 1665 360 1728 omissis
373 1670 601 1748 —postremo
618 1681 738 1728 omncs
755 1697 799 1715 -
816 1681 903 1744 quos
920 1670 1306 1744 1999999999919-
1329 1679 1441 1743 neque
1456 1679 1521 1744 pro
1537 1660 1634 1724 bono

224 1770 273 1833 ib.
291 1769 336 1833 ob
358 1771 493 1834 casdem
507 1769 590 1834 artis
606 1807 648 1823 -
671 1791 742 1835 uon
763 1770 911 1854 penuria
925 1769 961 1833 C.
978 1771 1028 1835 86.
1048 1766 1267 1833 voluntarius
1282 1775 1342 1832 991
1361 1786 1403 1832 ex
1417 1764 1521 1830 sociis
1539 1767 1635 1832 ,1.96.

168 1915 170 1920 .
225 1875 385 1938 homiues
407 1875 558 1961 nobiles,
582 1875 706 1960 amplis
727 1875 932 1944 honoribus.
954 1874 1209 1961 8991999999
1230 1873 1381 1952 militie,
1402 1891 1529 1959 paucos
1543 1871 1638 1935 lama

227 1979 383 2064 cognitos
405 1983 516 2046 accire
538 1984 574 2044 C.
596 1985 643 2044 16.
665 1985 885 2046 commodare
907 1989 1009 2044 testes
1028 2018 1072 2034 -
1090 1982 1176 2046 vilia
1193 1983 1324 2046 babere
1347 1991 1379 2047 J.
1397 1983 1449 2044 89.
1470 1977 1639 2044 occidisse

217 2121 268 2150 .-
291 2086 495 2167 quaestiones
528 2086 671 2164 injustas
709 2086 798 2170 (scil.
831 2105 895 2170 pro
927 2085 1146 2149 munimento
1177 2084 1326 2168 babent)
1355 2085 1392 2145 C.
1417 2105 1447 2164 9.
1476 2083 1516 2146 in
1540 2085 1637 2148 bello

227 2225 269 2244 ·-
288 2191 350 2255 ubi
365 2211 432 2276 pax
448 2201 616 2256 evenerat.
636 2199 664 2256 J.
681 2192 731 2254 88.
753 2190 1038 2281 gloriosa-neque
1056 2188 1145 2254 belli
1157 2188 1366 2275 patrandi-
1380 2189 1430 2263 84.
1452 2189 1637 2274 magnifica

228 2317 293 2382 pro
320 2317 355 2362 se
383 2309 418 2362 et
443 2297 516 2362 illis
538 2299 694 2364 dolentia
722 2297 772 2380 89.
799 2317 873 2363 rem
901 2316 972 2360 non
1002 2297 1117 2360 cadem
1146 2293 1343 2380 asperitate,
1367 2299 1519 2360 ceterum
1540 2297 1637 2358 baud

230 2423 325 2468 secus
343 2401 521 2468 difficilem
537 2423 587 2487 99.
606 2405 743 2469 1999199
764 2407 807 2468 919
821 2401 955 2467 inuidia
969 2399 1069 2478 facti,
1084 2399 1427 2485 atqueuticir.7o.1.
1449 2404 1493 2466 de
1514 2411 1639 2467 natura

230 2512 403 2596 queritur,
424 2514 519 2595 quod
535 2515 585 2588 46.
606 2511 668 2575 ubi
687 2510 876 2597 accepit-
895 2509 1001 2574 simul
1022 2507 1149 2574 certior
1159 2507 1269 2573 iactus
1291 2511 1342 2574 68.
1362 2508 1496 2593 petenti
1508 2515 1548 2572 ut
1568 2507 1637 2572 sel·

205 2629 210 2640 ⁴
229 2617 303 2680 lam
318 2657 358 2674 -
377 2619 460 2684 item
481 2627 628 2683 turmam
647 2620 697 2682 98.
726 2619 765 2682 19
790 2618 939 2684 Consule
964 2617 1066 2682 bonae
1091 2627 1179 2682 artes
1200 2615 1311 2680 animi
1329 2649 1371 2666 -
1389 2615 1546 2701 patiens,
1567 2614 1640 2679 acri

231 2723 376 2810 ingenio
413 2735 476 2786 etc.
512 2731 562 2788 95.
601 2727 784 2790 censebant
819 2726 1101 2791 subveniundum
1135 2760 1178 2778 -·
1219 2723 1360 2786 interim
1389 2723 1444 2785 uti
1481 2739 1532 2792 ao.
1586 2741 1642 2788 res

232 2827 273 2890 in
292 2826 407 2891 Africa
428 2835 537 2910 gestas
552 2845 691 2907 quoque
709 2831 813 2888 modo
831 2836 913 2888 actas
933 2827 1065 2905 199991,
1082 2825 1176 2884 fama
1192 2825 1384 2907 divolgavit
1405 2831 1455 2887 89.
1475 2846 1558 2908 opes
1574 2827 1645 2890 199·

234 2930 340 2992 tionis
351 2964 392 2980 -
402 2938 513 2992 cestra
525 2929 801 3014 patientia—jus
816 2930 963 3008 nullum,
979 2948 1019 2990 99
1033 2927 1182 2990 maxime
1190 2929 1392 3012 quod-89.
1414 2950 1522 3011 quum
1536 2950 1643 3014 prop-

235 3045 288 3100 ter
308 3055 406 3099 usum
430 3034 532 3112 belli,
555 3043 629 3098 tum
650 3033 806 3118 quiores
832 3035 879 3098 ib.
902 3034 1000 3097 cibus
1021 3036 1185 3098 adversus
1200 3031 1326 3100 famem
1343 3069 1387 3087 -
1406 3053 1480 3098 nou
1500 3035 1647 3100 libidini

235 3144 279 3206 ll.
302 3146 331 3204 8.
356 3161 404 3206 99.
426 3161 498 3206 999
520 3162 616 3207 arma
642 3143 787 3206 censebo
807 3177 850 3196 -
869 3143 930 3204 sed
947 3161 991 3206 ne
1010 3175 1053 3192 -
1076 3163 1103 3205 t.
1127 3161 1174 3222 99.
1198 3159 1293 3204 arma
1314 3144 1498 3205 advorsum
1526 3141 1647 3208 diviua

236 3255 299 3312 919.
320 3249 467 3334 cepit·
489 3268 561 3314 non
579 3267 642 3335 pro
667 3268 728 3313 999
751 3257 812 3312 991
834 3267 983 3332 quorum
1005 3247 1146 3313 simulat
1165 3246 1310 3333 injuria,
1336 3250 1453 3312 sed-
1475 3246 1647 3310 libertatis

235 3355 480 3420 subvortundae
491 3365 520 3422 J.
532 3373 599 3417 roa.
618 3355 750 3442 populo
759 3355 1036 3418 Romanotutius
1045 3354 1179 3418 9199999
1199 3353 1418 3418 satistuto&
1435 3352 1645 3417 999199999-

237 3479 293 3525 999
308 3467 341 3525 91
351 3462 497 3526 99191919
508 3461 720 3547 speculatum
729 3463 772 3524 Η.
783 3465 809 3524 1.
824 3466 870 3534 15,
881 3462 968 3549 quid
977 3462 1157 3526 defensum
1169 3471 1218 3526 est
1234 3461 1380 3524 aliud-
1393 3479 1498 3542 quam
1505 3461 1649 3522 sedes-

175 3641 180 3654 1
239 3589 307 3632 neu
319 3568 375 3633 cui
387 3576 498 3631 etc.-·-
510 3572 540 3631 8.
554 3585 602 3630 99.
614 3567 726 3631 ultum
734 3567 879 3646 iujurias
890 3567 1060 3631 bortor-
1071 3565 1177 3652 magis
1188 3565 1283 3630 utiJ.
1294 3570 1345 3628 88.
1358 3565 1441 3628 duci
1448 3564 1594 3643 jubebat
1605 3593 1647 3615 ι·-

239 3677 444 3739 sumendum
454 3709 496 3726 —
516 3673 576 3738 919.
591 3695 619 3736 9.
641 3677 692 3737 88.
707 3676 767 3739 fin.
784 3677 832 3738 25.
852 3674 958 3748 verba
969 3673 1104 3736 facit-
1118 3670 1304 3734 missurum
1317 3678 1534 3755 -praeterea
1544 3669 1648 3732 uti-

240 3781 478 3846 deccdcrctab
499 3780 632 3844 litteras
650 3783 845 3845 mittunt—
865 3783 1060 3844 accedat-
1083 3797 1188 3860 seque
1217 3776 1348 3843 missos.
1390 3779 1648 3858 Nonnunquam

241 3889 362 3950 eadem
382 3907 449 3950 vox
469 3894 674 3950 structuram
697 3895 824 3951 mutat:
842 3889 878 3950 G.
897 3890 947 3949 88.
971 3892 1126 3971 expertes
1145 3882 1238 3946 fama
1253 3917 1294 3934 -
1314 3883 1435 3968 patriae
1459 3895 1563 3968 ,1.99.
1585 3881 1649 3943 ali·

242 4003 372 4073 quanto
393 4015 539 4058 numero
556 4032 599 4046 -
618 3993 770 4058 bostium
785 4011 975 4078 paucorum
996 3991 1102 4076 potiti
1116 4028 1159 4045 -
1173 3994 1224 4068 64.
1246 4011 1311 4076 pro
1325 3992 1462 4055 bonore
1474 4023 1516 4040 —
1532 3993 1651 4049 contra

242 4100 421 4162 Metellum
436 4100 704 4165 accendit88.-
723 4121 787 4184 pro
800 4099 958 4164 hostibus
968 4101 1192 4163 etadvorsum
1207 4119 1243 4163 sc
1259 4106 1455 4181 opportuna
1470 4115 1535 4155 roo.
1554 4088 1651 4156 Sulla

243 4226 321 4270 cum
344 4206 496 4288 equitatu
519 4210 610 4292 apud
634 4209 812 4270 dextumos
831 4241 874 4259 -·
904 4205 941 4268 in
958 4205 1095 4268 sinistra
1109 4212 1207 4291 parte
1231 4205 1278 4266 M.
1298 4222 1376 4266 cum
1394 4208 1457 4264 etc.
1487 4204 1654 4282 praeterea

239 4315 402 4379 cobortes
432 4314 601 4376 curabat»
639 4315 724 4398 Ques
768 4313 910 4395 quidem
947 4310 1116 4378 dictiones
1152 4311 1197 4376 ad
1240 4307 1311 4372 alia
1350 4306 1442 4370 viam
1473 4302 1655 4382 muniunt,

1300 4421 1349 4512 49
