4050 5009
390 397 442 489 po

395 606 473 651 cum
496 584 614 649 nullus
628 602 744 649 rerum
759 583 906 669 scriptor
919 583 1023 663 hujus
1043 582 1272 669 expeditionis
1297 582 1336 648 in
1360 584 1651 653 Termestinorum
1676 590 1759 655 fines
1778 610 1798 655 a

394 689 560 775 Pompejo
571 698 734 776 susceptae
745 689 958 755 mentionem
971 689 1091 775 faciat,
1110 688 1185 755 tota
1197 710 1250 757 res
1267 692 1454 755 admodum
1465 691 1614 775 incerta3
1637 702 1672 762 et
1682 696 1798 763 viden·

394 802 496 882 dum,
515 818 600 861 num
622 817 664 861 ex
683 796 888 862 melioribus
905 796 1013 861 Nonii
1033 799 1139 861 codd.
1159 798 1243 863 huic
1264 798 1342 863 loco
1356 798 1493 881 aliquid
1513 802 1637 867 auxilii
1655 812 1798 889 paretur.
1827 866 1838 881 f

394 940 413 954 -
424 921 470 981 ¹4·
480 905 633 986 -Neque
639 899 725 997 jam
736 898 914 967 sustineri
913 910 1081 987 poterat,
1091 898 1303 969 immensum
1313 912 1426 970 aucto
1442 904 1542 973 mari
1550 917 1586 973 ct
1601 919 1704 977 vento
1715 906 1802 1001 glis·

395 1018 566 1073 cente-
595 1008 807 1074 immensum
833 1009 999 1073 adverbio
1026 1008 1107 1074 loco
1134 1009 1286 1095 positum
1314 1011 1438 1096 saepius
1466 1032 1522 1098 ap.
1535 1016 1715 1081 Tacitum.
1743 1014 1802 1079 cfr.

395 1116 519 1180 Annal.
537 1121 566 1180 3.
587 1120 639 1195 5²3
661 1117 691 1181 3.
714 1121 769 1193 3⁰3
791 1133 822 1193 a.
847 1132 898 1199 ²7·
917 1123 952 1182 et
971 1132 1030 1193 403
1053 1118 1083 1184 6.
1104 1121 1161 1198 ³73
1182 1116 1217 1179 h.
1241 1132 1273 1191 t.
1298 1118 1347 1180 28.
1377 1117 1467 1183 ratio
1500 1119 1641 1186 dicendi
1668 1120 1802 1207 poetica

394 1226 455 1287 sed
473 1225 565 1307 apud
581 1222 766 1287 historicos
781 1222 863 1287 satis
879 1222 1052 1305 frequens.
1068 1224 1113 1286 de
1128 1240 1197 1303 qua
1211 1220 1271 1286 cfr.
1284 1221 1435 1289 Gronov.
1455 1228 1498 1289 ad
1516 1227 1590 1295 Lis.
1602 1244 1631 1291 a.
1646 1231 1697 1292 30.
1714 1228 1802 1291 Cort.

396 1331 441 1391 ad
459 1329 585 1393 Lucan.
601 1330 753 1392 Pharsal.
776 1334 890 1406 r.320;
912 1331 988 1407 ³533
1010 1343 1041 1403 4.
1055 1330 1132 1406 4513
1155 1328 1184 1390 5.
1206 1330 1613 1411 107.217;R1'1ddim.11.
1635 1336 1711 1415 ¹⁵9³
1734 1336 1802 1409 304.

396 1456 431 1496 n.
455 1439 484 1497 3.
503 1431 678 1522 gliscenti
693 1437 789 1516 quod
809 1434 914 1499 estin
928 1433 1063 1515 aliquot
1078 1433 1183 1495 Godd.
1196 1430 1282 1496 ferri
1298 1454 1370 1497 non
1389 1440 1518 1517 potest,
1540 1434 1691 1512 etiamsi,
1709 1438 1804 1518 quod

396 1540 514 1604 Carrio
533 1543 671 1625 suadet,
692 1562 770 1605 cum
789 1536 890 1605 mari
899 1539 1076 1627 jungatur.
1097 1540 1191 1602 hunc
1209 1538 1326 1603 locum
1345 1540 1490 1603 Debros.
1514 1540 1558 1601 ad
1575 1560 1729 1627 pugnam
1746 1560 1806 1605 na-

394 1647 508 1711 valem
538 1647 643 1713 refert
671 1668 691 1711 a
719 1646 872 1711 Sertorio
901 1666 980 1709 cum
1007 1644 1124 1709 Annio
1154 1652 1301 1730 praetore
1319 1645 1545 1711 commissam.
1576 1645 1637 1709 cfr.
1658 1646 1805 1733 ΡῙιιιῪ.

395 1752 522 1816 Sertor.
540 1776 567 1815 c.
588 1777 619 1835 7.
639 1753 678 1817 id
692 1756 787 1835 quod
801 1752 879 1817 fieri
896 1771 969 1816 non
985 1758 1120 1836 potest,
1141 1751 1171 1816 si
1189 1752 1332 1834 quidem
1353 1752 1485 1815 Nonius
1504 1752 1543 1816 in
1559 1771 1705 1818 numero
1723 1751 1808 1816 libri

398 1874 471 1917 non
493 1858 628 1920 erravit.
650 1862 734 1920 Cum
754 1857 906 1922 enimin
925 1858 1040 1942 primo
1064 1852 1157 1923 libro
1177 1860 1222 1925 de
1238 1856 1415 1944 prioribus
1435 1858 1581 1925 Sertorii
1601 1858 1687 1922 actis
1704 1877 1808 1944 expo-

397 1960 533 2039 suisset,
555 1982 596 2026 eo
611 1965 690 2027 loco
707 1963 869 2049 proelium
889 1965 1010 2030 navale
1040 1975 1113 2029 erat
1145 1968 1385 2031 enarrandum.
1424 1964 1492 2027 Sed
1515 1964 1619 2027 Debr.
1647 1962 1691 2045 in,
1713 1964 1809 2050 frag·

399 2068 524 2132 mentis
572 2068 798 2153 disponendis
838 2072 1142 2158 grammaticorum
1181 2072 1405 2154 antiquorum
1443 2068 1661 2135 auctoritates
1705 2068 1823 2154 plane·

399 2174 568 2260 negligit;
598 2178 713 2259 neque
736 2180 804 2241 hoc
825 2187 876 2243 est
903 2176 1143 2258 diffitendum,
1173 2197 1232 2243 eos
1253 2196 1375 2263 parum
1407 2196 1478 2241 esse
1511 2174 1695 2263 diligentes
1715 2182 1749 2241 et
1772 2175 1809 2238 in

398 2284 583 2346 verborum
607 2282 731 2348 ordine
759 2292 794 2347 et
822 2284 862 2348 in
883 2286 1038 2371 ipsorum
1059 2283 1233 2349 librorum
1250 2302 1397 2347 numero
1412 2281 1732 2357 commemorando,
1753 2280 1810 2341 sed

401 2408 479 2449 cum
498 2390 563 2451 hoc
588 2388 819 2475 fragmentum
846 2391 952 2455 etiam
978 2394 1023 2451 ad
1055 2388 1277 2472 naufragium
1316 2387 1433 2449 classis
1463 2387 1615 2451 Pontice
1638 2384 1811 2470 pertinere

399 2493 523 2575 possit,
544 2496 618 2560 brec
643 2516 782 2578 quoque
803 2491 1043 2579 interpretatio
1064 2492 1254 2554 admodum
1283 2489 1390 2555 dubia
1408 2498 1442 2554 et
1469 2489 1601 2554 incerta
1621 2499 1693 2556 est·
1711 2494 1813 2554 -15.·
1854 2572 1855 2575 Ἴ

401 2599 460 2663 Ac
480 2581 730 2665 tum'maaetme
743 2638 784 2653 -
806 2608 970 2665 extrema
982 2594 1111 2665 munia
1129 2592 1292 2680 sequi-
1312 2592 1418 2678 sequi
1434 2614 1499 2679 pro
1519 2586 1675 2675 exsequi
1685 2596 1815 2677 aliquis

397 2701 532 2764 'dictum
557 2707 748 2790 putaverit,
767 2710 828 2771 sed
846 2705 952 2769 nimis
975 2725 996 2767 a
1020 2707 1169 2789 pedestri
1192 2703 1350 2768 oratione
1373 2699 1521 2784 recedit,
1539 2719 1647 2781 quare
1664 2700 1817 2782 exsequi

296 2804 313 2831 ⁶
401 2808 667 2875 emendaverim.
689 2821 853 2877 extrema
878 2812 1006 2878 munia
1037 2811 1068 2877 si
1087 2810 1161 2876 vim
1189 2809 1342 2895 oppositi
1377 2816 1504 2892 spectas
1531 2824 1596 2890 pro
1635 2798 1815 2868 vilissima

401 2914 534 2978 dictum
559 2936 632 2983 esse
659 2921 842 3004 putaveris.
873 2920 934 2987 cfr.
960 2921 1089 2985 Seneca
1115 2918 1199 3005 Epp.
1224 2936 1280 3003 70:
1315 2924 1465 2981 extrema
1485 2909 1667 2997 mancipia.
1688 2910 1816 2974 lustin.
1934 2988 1938 2997 ⁸

404 3025 456 3084 35.
482 3043 516 3083 r:
539 3031 695 3088 extremm
717 3026 819 3090 sortis
838 3019 989 3103 juvenis.
1017 3032 1095 3093 Tac.
1123 3030 1212 3091 Ann.
1241 3028 1272 3090 6.
1300 3040 1357 3103 at:
1379 3030 1528 3089 extrema
1549 3016 1629 3083 vitae
1649 3014 1818 3080 alimenta

404 3144 508 3208 supra
524 3127 617 3192 Orat.
632 3130 723 3194 Phil.
742 3131 992 3220 flagitiosorum
1010 3145 1213 3216 postremos.
1237 3131 1486 3209 Cyzicenorum
1498 3124 1661 3184 virtutem
1682 3127 1715 3181 et
1734 3139 1819 3183 con-

393 3231 566 3296 stantiam
585 3235 642 3301 his
672 3237 789 3300 verbis
818 3238 969 3299 describi
995 3231 1186 3295 verisimile
1214 3235 1274 3289 est.
1303 3220 1819 3311 contracertius:,inte11igtt

403 3338 652 3427 obligationem
674 3343 970 3414 testamentorum,
998 3352 1076 3411 quae
1101 3331 1139 3393 in
1161 3329 1323 3416 presenti
1345 3327 1466 3391 mortis
1486 3334 1580 3391 metu
1604 3346 1624 3390 a
1645 3326 1819 3397 militibus

403 3446 502 3511 facta.
520 3449 601 3511 vide
625 3443 715 3505 flor.
731 3440 792 3500 III.
820 3456 868 3499 ro.
891 3457 925 3499 n.
950 3444 1021 3498 m.»
1052 3440 1154 3499 -16.-
1176 3438 1229 3501 Et
1236 3431 1348 3524 sorte
1371 3430 1410 3500 in
1432 3429 1639 3524 navigando
1664 3442 1725 3498 etc.
1749 3438 1818 3501 hoc

404 3552 635 3640 fragmentum
651 3543 786 3611 Nonius
809 3555 881 3607 uno
901 3542 981 3607 loco
1005 3562 1047 3609 cx
1063 3545 1124 3607 111.
1147 3544 1257 3608 altero
1279 3560 1321 3607 ex
1343 3542 1391 3605 IV
1393 3586 1400 3602 .
1425 3539 1515 3605 Hist.
1532 3539 1665 3616 laudat;
1684 3540 1818 3635 phase·

407 3661 464 3721 lus
486 3658 664 3747 navigium
688 3656 900 3742 Campanum
916 3650 1051 3717 Nonius
1080 3650 1237 3735 explicat.
1262 3647 1321 3713 cfr.
1348 3647 1440 3711 Serv.
1466 3648 1511 3709 ad
1537 3646 1661 3734 Georg.
1691 3660 1720 3722 4.
1740 3650 1816 3728 289:

408 3766 547 3829 brevem
562 3766 768 3842 naviculam,
782 3768 947 3829 etAcron.
960 3761 1003 3862 pd
1018 3760 1138 3831 Horat.
1150 3756 1216 3820 Od.
1228 3760 1260 3821 3.
1277 3778 1305 3817 a.
1323 3771 1378 3835 29:
1401 3772 1524 3819 narem
1531 3754 1685 3819 velocem
1701 3759 1734 3816 et
1753 3752 1817 3817 ob-

408 3871 570 3957 longam,
591 3872 685 3934 haud
706 3868 813 3931 dubie
831 3886 853 3929 a
875 3866 964 3930 fabae
980 3863 1213 3930 similitudine
1229 3861 1369 3926 dictum.
1389 3862 1502 3947 Quam
1521 3860 1631 3946 ipsam
1650 3880 1670 3923 a
1691 3860 1817 3921 Phase-

409 3979 447 4043 lo
463 3976 577 4042 insula
596 3974 751 4053 Gracia,
770 3970 833 4034 ubi
846 3992 920 4035 non
939 3970 1062 4055 procul
1078 3968 1249 4055 Olympus
1268 3976 1336 4051 est,
1357 3968 1511 4033 Isidorus
1530 3986 1658 4032 nomen
1677 3964 1817 4029 traxisse

411 4085 539 4149 statuit.
560 4083 637 4145 Lib.
656 4102 703 4160 ¹7·
728 4097 774 4139 re
797 4074 856 4139 cfr.
875 4098 924 4156 ¹9·
950 4097 986 4141 tt
1005 4077 1167 4162 phaselus
1182 4082 1233 4139 est
1252 4074 1446 4162 navigium,
1463 4076 1559 4157 quod
1573 4094 1637 4139 nos
1660 4077 1817 4156 corrupte

413 4190 573 4253 baselum
594 4185 755 4250 dicimus:
777 4185 871 4247 unde
886 4184 1114 4270 Hispanicum
1140 4184 1180 4251 V
1176 4182 1312 4247 ascello
1329 4182 1461 4247 dictum
1481 4188 1579 4266 putat
1592 4176 1741 4243 Wassius
1758 4172 1818 4238 cfr.
1850 4172 1855 4183 “

412 4294 578 4373 Catull.4;
599 4311 787 4383 myoparo.
800 4288 916 4355 Nonio
927 4291 1131 4377 interprete,
1152 4288 1313 4355 navicula
1327 4288 1533 4373 piratarum
1555 4283 1651 4349 addit
1664 4283 1744 4349 lsid.
1761 4279 1817 4345 l.l.
