4050 5009
1604 396 1653 473 49

253 602 352 681 opus
378 592 588 681 antequam
613 574 827 682 aggredior,
860 571 994 679 paucis
1012 596 1201 676 exponere
1222 567 1363 675 placet,
1399 592 1586 673 quasnam
1611 567 1653 643 in

253 695 475 769 auctoribus
496 693 640 769 Graecis
662 708 777 795 atque
792 690 936 765 Latinis
959 688 1194 765 illustrandis
1217 686 1482 763 Grammattici
1504 710 1570 761 seu
1595 684 1655 759 in·

256 810 432 913 terpretis
452 826 578 914 partes
602 835 677 885 esse
708 809 934 897 existimem,
958 824 997 883 et
1026 806 1122 909 quid
1145 806 1223 909 ipse
1253 804 1295 879 in
1320 803 1481 879 Salustio
1507 800 1655 877 edendo

253 927 510 1028 spectaverint
566 926 749 1022 Quamvis
780 925 885 999 enim
909 922 972 997 vir
994 921 1076 997 fieri
1101 946 1205 1027 posse
1227 921 1396 1011 videtur,
1421 936 1467 994 ut
1497 916 1579 993 haec
1598 940 1656 993 res

254 1039 301 1117 in
323 1040 635 1145 disceptationem
658 1042 982 1143 quaestionemque
1001 1055 1175 1127 vocetur,
1201 1038 1356 1142 quippe·
1369 1062 1486 1139 quam
1512 1035 1554 1109 in
1575 1034 1659 1109 vul·
1716 1090 1721 1103 .

253 1182 326 1261 gus
347 1173 478 1233 notam
500 1184 575 1233 esse
599 1157 819 1245 credideris,
844 1173 972 1230 tamen
995 1156 1044 1229 de
1066 1182 1225 1231 munere
1252 1170 1290 1231 et
1317 1152 1438 1228 officio
1475 1152 1660 1254 interpre-

256 1271 306 1347 tis
326 1288 523 1377 tantopere
541 1273 693 1348 variant
714 1272 878 1377 judicia,
907 1289 1052 1348 utnon
1071 1272 1241 1347 alienum
1259 1269 1492 1375 putaverim,
1521 1266 1594 1341 bac
1613 1265 1661 1341 de

254 1414 300 1463 re
320 1416 443 1463 meam
461 1390 770 1491 qualemcunque
790 1415 1004 1493 proponere
1021 1388 1259 1463 sententiam.
1304 1389 1407 1462 Nova
1429 1384 1586 1489 quidem
1605 1398 1663 1457 at·
1732 1389 1737 1400 ‘

256 1530 335 1607 que
351 1504 525 1579 inaudita
551 1532 612 1580 me
639 1505 773 1581 docere
804 1522 956 1579 tantum
983 1505 1112 1595 abest,
1144 1522 1190 1579 ut
1207 1503 1436 1592 existimem,
1468 1516 1514 1576 ut
1534 1500 1662 1607 potius

255 1621 440 1695 memoria
464 1619 560 1695 mihi
585 1621 789 1725 repetenda
817 1647 893 1697 esse
917 1620 1137 1709 videantur,
1167 1646 1253 1724 quae
1286 1620 1519 1723 antiquiores
1540 1615 1662 1693 critici

253 1736 376 1811 secuti
397 1735 553 1815 brerint.
592 1737 772 1833 Quorum
793 1737 945 1842 vestigia
968 1738 1141 1840 quamvis
1169 1765 1250 1812 non
1270 1737 1488 1824 defuerunt,
1512 1733 1581 1839 qui
1610 1733 1663 1808 le·
1765 1730 1772 1745 “

255 1868 412 1955 gerent,
445 1852 559 1927 multi
590 1869 718 1951 tamen
752 1855 794 1929 in
817 1854 893 1929 alia
924 1854 1053 1929 omnia
1078 1854 1267 1931 abierunt.
1317 1854 1468 1950 Quibus
1489 1852 1520 1925 si
1542 1874 1667 1925 meam

254 1968 486 2042 sententiam
507 1997 646 2072 parum
658 1970 917 2072 probaverim,
931 1968 1014 2045 haeo
1030 1997 1074 2045 eo
1085 1970 1245 2045 consilio
1258 1969 1359 2045 dicta
1373 1994 1448 2045 esse
1462 1982 1609 2072 putent,
1620 1978 1665 2040 ut

256 2109 339 2184 quo
350 2083 506 2158 modulo
521 2085 795 2162 metiendisint
806 2087 882 2163 mei
898 2086 1181 2177 commentarii,
1195 2112 1322 2191 aequos
1336 2085 1480 2192 judices
1495 2084 1662 2160 doceam.

339 2351 507 2428 exemplum
524 2351 625 2408 ceteris
642 2354 739 2411 multo
762 2353 913 2432 antiquius
933 2364 963 2411 et
984 2354 1054 2412 satis
1074 2351 1274 2416 emendatum.
1303 2349 1390 2408 llaud
1417 2352 1501 2409 facile
1526 2350 1605 2407 enirn
1627 2346 1664 2405 de

339 2464 408 2503 reso
424 2456 454 2503 et
466 2446 640 2528 incorrupto
658 2460 813 2507 auctorum
828 2468 963 2509 sermone
980 2449 1127 2528 judicium
1149 2450 1252 2523 iacias,
1274 2468 1400 2527 quorum
1413 2450 1622 2528 proprietatem
1635 2456 1665 2505 et

335 2539 531 2622 integritatem
547 2565 710 2625 expressam
733 2566 796 2604 non
811 2544 927 2605 rideris.
959 2546 1062 2626 Neque
1086 2546 1152 2627 quis
1179 2544 1300 2618 dixerit,
1320 2564 1386 2603 vera
1413 2566 1430 2603 a
1455 2547 1533 2604 salsis
1554 2546 1665 2605 distin-

340 2656 446 2717 guere,
456 2643 611 2719 proprium
628 2643 798 2701 criticorum
814 2663 874 2701 esse
894 2663 1027 2715 munus3·
1042 2664 1112 2701 nam
1131 2652 1162 2709 in
1180 2643 1324 2720 scriptura
1340 2645 1486 2717 auctoris,
1503 2646 1555 2724 qui
1570 2648 1667 2703 arul-

341 2734 404 2813 gari
425 2735 569 2813 loquendi
593 2758 648 2796 usu
668 2738 793 2813 recedit,
814 2743 909 2798 multa
928 2739 1094 2819 probabilia
1124 2738 1219 2796 dicero
1242 2740 1320 2799 lieet.
1352 2739 1419 2797 Non
1445 2744 1668 2824 quaeriturque

341 2826 437 2888 Graece
456 2834 502 2889 sel
517 2832 621 2891 Latine
641 2834 702 2892 diei
725 2836 859 2913 possint,
878 2834 929 2895 sed
945 2856 1078 2917 quaenam
1099 2836 1188 2893 lectio
1211 2837 1337 2895 auctoris
1360 2837 1512 2915 cujusdam
1532 2842 1669 2920 proprie-

341 2926 393 2983 tati
414 2929 540 2987 maxime
560 2930 746 3011 respondeat.
773 2932 844 2989 Earn
869 2933 921 2990 alii
933 2934 1023 2990 aliam
1041 2932 1098 2990 sibi
1117 2934 1227 3013 fingere
1246 2936 1360 3007 solent,
1382 2934 1463 3013 quod
1478 2936 1598 3016 quidem
1613 2959 1669 2997 ne-

341 3022 404 3080 scio
418 3042 455 3080 an
473 3023 511 3082 ad
530 3028 627 3085 ullum
647 3030 820 3108 scriptorem
840 3030 934 3109 magis
947 3050 1038 3108 quam
1061 3028 1098 3085 ad
1116 3028 1275 3089 Salustium
1289 3032 1455 3111 pertineat,
1477 3054 1564 3111 quem
1581 3037 1670 3093 multi

342 3117 462 3196 quidem
483 3119 618 3183 admirati
637 3136 706 3183 sunt
715 3164 727 3195 ,
742 3124 792 3183 sed
807 3128 896 3204 pauci
914 3127 1138 3195 intellexerun13
1156 3138 1290 3207 suspecta
1309 3130 1387 3186 enirn
1406 3131 1458 3187 illa
1473 3132 1596 3189 facilitas
1614 3134 1672 3189 sal-

341 3232 388 3271 sos
405 3234 454 3273 eos
475 3214 589 3276 babuit.
612 3218 697 3278 Unde
713 3222 771 3294 fit,
790 3231 842 3295 ut,
863 3223 919 3279 nisi
934 3223 1000 3301 quis
1016 3219 1102 3281 bonis
1122 3222 1217 3281 Codd.
1237 3245 1307 3283 usus
1327 3226 1430 3299 luerit,
1451 3228 1565 3284 acutius
1580 3248 1668 3305 quam

343 3311 438 3369 verius
464 3313 585 3389 judicet.
630 3316 740 3375 Multas
761 3316 855 3376 Cortii
885 3326 1085 3397 conjecturas,
1113 3320 1196 3397 (imo
1224 3322 1316 3400 ipsius
1344 3318 1468 3400 Bentleji
1495 3324 1527 3380 in
1554 3324 1669 3383 Horatii

344 3409 557 3489 carminibus)
579 3414 671 3494 magis
692 3412 854 3473 laudaveris
879 3436 969 3494 quam
995 3416 1171 3494 probareris.
1200 3416 1255 3475 Sed
1276 3438 1344 3475 cum
1366 3422 1467 3477 nullus
1486 3420 1671 3479 salustiano-

346 3521 413 3561 runs
440 3503 536 3565 Codd.
554 3518 623 3566 ante
642 3509 712 3569 sac.
727 3532 754 3570 1.
774 3513 901 3591 scriptus
926 3532 984 3570 esse
1003 3512 1157 3587 rideatur,
1178 3534 1246 3571 cum
1269 3516 1307 3589 ii,
1330 3516 1381 3595 qui
1408 3518 1515 3595 optimi
1531 3537 1589 3576 esse
1613 3538 1673 3597 pu-

344 3609 462 3675 tantur,
481 3600 717 3666 Guelferbitanus
740 3608 962 3686 V-hBasileensis
979 3608 1003 3666 1.
1025 3620 1053 3667 et
1070 3610 1233 3669 Vaticanus
1253 3632 1278 3668 a.
1303 3612 1390 3689 (nans
1410 3612 1445 3670 de
1465 3612 1626 3673 Nazariano
1643 3626 1671 3675 ct

343 3692 552 3758 Commeliano
569 3703 729 3782 ceterisque
753 3708 883 3764 melioris
897 3717 974 3764 notae
990 3706 1073 3765 libris
1091 3705 1168 3765 nihil
1184 3710 1255 3765 certi
1273 3719 1397 3767 statuere
1416 3708 1500 3787 licet)
1523 3732 1584 3769 non
1597 3734 1672 3792 pau-

345 3792 387 3849 cis
411 3796 483 3851 locis
498 3797 576 3855 inter
601 3819 632 3857 se
659 3799 821 3875 differant,
849 3823 905 3861 nec
924 3803 1024 3861 minor
1045 3803 1083 3861 sit
1100 3814 1261 3861 ceterorum
1290 3805 1451 3881 librorum,
1471 3810 1522 3887 qui
1544 3813 1671 3888 amplius

344 3901 465 3947 centum
485 3903 514 3949 et
533 3896 751 3977 quinquaginta
771 3910 981 3973 numerantur,
1004 3899 1171 3973 diversitas,
1185 3922 1248 3980 quae
1263 3912 1344 3960 tanta
1364 3904 1418 3961 erit
1435 3905 1529 3963 critici
1548 3908 1673 3985 alicujus

349 3988 509 4065 sagacitas,
530 3992 583 4069 qui
605 4012 659 4050 nos
680 3992 801 4067 doceat,
820 4014 854 4053 ex
871 4016 1002 4075 quonam
1032 3996 1114 4055 fonte
1136 4008 1217 4055 tanta
1238 4000 1291 4057 ista
1313 4000 1491 4057 variantium
1508 3988 1668 4061 leelionum

348 4081 461 4164 farrago
485 4084 609 4145 fluxerit.
639 4090 725 4147 llaud
747 4089 838 4149 dubie
857 4094 1118 4173 grammaticorum
1139 4096 1329 4173 antiquorum
1351 4115 1440 4175 prora
1468 4097 1622 4177 diligentia
1642 4112 1670 4158 et

346 4176 534 4239 librariorum
558 4204 667 4244 errores
687 4190 782 4245 multa
802 4188 979 4260 turbarunt;
1000 4189 1051 4247 sed
1066 4188 1097 4247 id
1116 4193 1267 4270 quaritur,
1288 4196 1372 4268 cujus
1390 4192 1458 4251 libri
1475 4196 1616 4273 scriptura
1634 4195 1671 4253 ad

1154 4352 1172 4422 7
