4050 5009
1579 394 1650 475 125

249 610 447 664 aronensem
466 588 670 677 Pompeium
691 586 900 653 convenerit.
922 584 983 649 cfr.
1006 586 1097 651 Plut.
1118 586 1238 671 Pomp.
1264 603 1312 665 19.
1333 582 1441 667 idque
1458 587 1563 653 Debr.
1585 596 1655 657 sta·

247 704 330 788 tuit,
352 702 413 767 sed
432 701 505 765 baec
525 716 581 763 res
601 698 694 762 haud
716 694 766 761 ita
786 694 905 782 magni
922 692 1091 757 momenti
1104 699 1165 758 est.
1186 692 1283 753 -ab.-
1307 690 1389 775 Quo
1414 690 1658 778 cupidiusetc.

247 806 307 873 cir.
329 809 404 892 lug.
430 809 480 875 60.
490 804 618 881 initio.
644 804 750 866 -ati-
775 802 816 869 V
812 797 906 867 eatis
924 822 995 885 per
1019 821 1108 865 cava
1132 805 1242 865 terrm
1273 796 1408 864 citatis.
1426 798 1565 867 videtur
1588 803 1658 871 hor

245 922 397 998 spectare
416 914 462 975 ad
491 920 588 976 terrae
614 918 765 989 motum,
789 910 833 971 de
853 924 924 987 quc
955 925 1059 989 supra
1096 902 1289 989 expositum
1321 913 1380 969 est.
1401 928 1436 992 p.
1466 922 1515 985 14.
1551 910 1602 975 rt.
1623 916 1659 977 et

246 1018 370 1106 fragm.
399 1021 457 1084 IV.
484 1021 534 1081 33.
567 1016 695 1079 citatis
729 1007 843 1077 ventis
865 1012 989 1075 eodem
1011 1028 1113 1075 sensu
1135 1010 1282 1093 dictum,
1304 1031 1374 1094 quo
1394 1012 1573 1077 notissima
1588 1014 1660 1080 sor·

248 1128 363 1195 mula:
387 1124 499 1189 citatis
511 1122 621 1203 equis.
643 1120 736 1183 idem
754 1135 775 1180 a
790 1116 916 1181 Seneca
936 1118 1064 1201 Quaest.
1079 1119 1119 1181 N.
1144 1136 1171 1180 r.
1189 1116 1325 1187 dicitur.
1343 1118 1455 1185 ventis
1474 1118 1515 1184 in
1537 1119 1658 1187 abdito

248 1229 555 1295 tumultuantibus.
575 1227 732 1301 Ceterum
748 1224 837 1287 banc
854 1220 1045 1286 multorum
1062 1220 1166 1289 fuisse
1186 1222 1400 1309 opinionem,
1416 1234 1454 1289 ut
1474 1234 1570 1293 terne
1584 1246 1660 1293 mo·

250 1342 308 1400 tus
323 1343 505 1400 ventorum
519 1350 653 1395 causam
663 1335 840 1413 putarent,
853 1326 1006 1411 Servius,
1021 1328 1210 1415 Appuleius
1225 1339 1258 1397 et
1271 1331 1425 1397 Isidorus
1440 1339 1660 1398 monuerunt.

249 1442 303 1505 De
335 1438 490 1503 dictione
516 1429 722 1517 tumulique
739 1433 862 1498 sedere
879 1433 1016 1503 Cortius
1037 1436 1218 1501 Danielem
1241 1436 1427 1502 Heinsium
1448 1445 1483 1502 et
1502 1438 1660 1505 Draken·
1731 1420 1735 1427 ’

250 1546 370 1609 borch.
391 1548 436 1608 ad
456 1543 529 1607 Liv.
554 1544 613 1607 vl.
633 1543 705 1621 647.
727 1538 878 1605 conferri
897 1541 1006 1621 jubet.
1035 1560 1141 1628 ·²7··
1167 1539 1240 1609 Ubi
1256 1540 1367 1609 multi
1386 1538 1548 1632 offenda
1571 1564 1662 1610 eoru

251 1670 360 1733 super
374 1658 435 1713 etc.
455 1650 522 1713 Sed
540 1645 687 1733 plurimi
700 1646 785 1709 libri
803 1639 962 1737 nefande
979 1656 1083 1729 atque
1100 1650 1230 1733 mutto,
1247 1669 1324 1731 quas
1337 1647 1441 1713 lectio
1456 1650 1573 1733 potior
1590 1665 1663 1715 este

252 1755 399 1819 videtur.
424 1764 588 1839 praeterea
602 1773 711 1819 casus
730 1753 837 1838 vulgo
857 1751 1081 1821 scribebatur.
1104 1752 1179 1833 jam
1199 1753 1292 1820 inter
1310 1754 1471 1837 antiquos
1491 1772 1663 1841 mamma-

253 1860 358 1945 ticos,
379 1860 610 1926 controversia
628 1863 782 1943 superb.
800 1860 824 1925 1.
839 1858 1042 1925 adverbium
1058 1878 1103 1923 an
1122 1858 1322 1945 praepositio
1339 1858 1408 1925 sit?
1425 1858 1523 1945 prius
1537 1859 1663 1925 confir-

254 1987 346 2032 mare
366 1968 505 2032 videtur
524 1966 697 2051 Sulpicius
715 1966 805 2029 Hist.
823 1965 912 2031 Sacr-
931 1967 977 2032 IL
999 1970 1057 2029 io:
1075 1964 1185 2048 «quin
1204 1964 1324 2029 omnia
1343 1965 1493 2031 nefanda
1519 1965 1662 2051 insuper

254 2072 346 2155 ausi,
364 2092 408 2135 ne
426 2072 588 2137 humanis
607 2072 750 2154 quidem
771 2071 974 2154 corporibus
985 2080 1243 2154 pepercerunt*
1265 2072 1436 2153 Equidem
1451 2080 1566 2136 tamen
1573 2070 1665 2133 Pris-

257 2176 359 2238 ciano
375 2174 566 2247 adsentior,
587 2182 621 2235 et
639 2192 745 2236 casus
761 2175 904 2235 exitium
919 2174 1054 2254 explico
1070 2182 1104 2236 et
1116 2194 1241 2237 carum
1260 2178 1426 2253 emend03
1442 2178 1538 2254 quod
1554 2194 1667 2252 quan·

256 2288 330 2343 turn
350 2278 516 2360 equidem
527 2276 611 2360 scio,
629 2296 740 2359 super
757 2294 835 2337 cum
848 2274 917 2338 abl.
933 2292 1115 2357 nunquam
1129 2274 1238 2341 simili
1258 2296 1329 2357 quo
1340 2283 1481 2359 proeter
1496 2291 1597 2340 sensu
1612 2276 1668 2341 in·

255 2384 434 2467 veniatur,
454 2402 536 2446 nam
557 2402 614 2467 ap.
637 2381 734 2467 Virg.
756 2384 840 2445 Aen.
863 2382 906 2443 ΙΙ.
926 2384 1000 2461 349.
1021 2398 1130 2463 super
1150 2376 1208 2443 tir
1228 2400 1410 2468 perperam
1434 2381 1598 2455 nonnulli
1618 2381 1669 2447 ita

256 2490 447 2575 explicatum
465 2509 574 2573 super
593 2487 688 2553 enim
709 2489 801 2571 apud
813 2486 971 2552 Tacitum
990 2504 1064 2550 non
1081 2487 1187 2551 modo
1200 2487 1469 2571 pronominibus
1485 2491 1545 2553 sed
1563 2486 1670 2553 etiarn

257 2597 337 2659 aliis
356 2596 472 2659 verbis
490 2593 713 2681 postponitur
735 2592 796 2657 cfr.
815 2590 904 2657 Hist.
922 2596 952 2655 3.
975 2594 1025 2657 ab.
1047 2596 1076 2657 3.
1098 2613 1151 2674 ¹93
1181 2593 1270 2656 Ana.
1291 2596 1320 2657 6.
1339 2596 1390 2659 35.
1412 2598 1442 2659 3.
1466 2596 1523 2671 463
1549 2596 1597 2659 26.
1610 2597 1667 2659 332

257 2700 456 2765 historicam
471 2702 565 2783 quod
581 2699 704 2766 attinet
726 2698 1067 2786 interpretationem,
1091 2700 1158 2765 hoc
1177 2702 1223 2764 ad
1246 2700 1424 2788 Calaguris
1447 2700 1671 2769 obsidionem

258 2805 473 2871 referendum
494 2826 566 2871 esse
586 2806 736 2869 videtur.
756 2803 816 2867 cfr.
833 2824 936 2888 supra
953 2828 989 2889 p.
1011 2827 1061 2887 ²9·
1082 2807 1210 2868 Contra
1227 2806 1332 2869 Debr.
1346 2808 1413 2867 hoc
1435 2805 1475 2865 in
1493 2805 1670 2873 nemetae

260 2911 359 2972 urbis
379 2910 631 2993 expugnatione
657 2908 863 2970 illustranda
896 2908 1040 2972 adhibet
1062 2912 1096 2967 et
1121 2907 1170 2967 ita
1193 2906 1437 2987 interpretatur
1454 2924 1520 2981 «en
1534 2928 1583 2968 un
1599 2912 1673 2976 mot

262 2996 308 3080 ils
321 3013 527 3075 commirent
546 3018 580 3075 et
597 3004 797 3073 souffrirent
818 3008 917 3070 mille
937 3000 1036 3077 ercis¹
1047 3005 1127 3091 plus
1146 3006 1319 3073 borribles
1337 3028 1477 3094 encore,
1499 3030 1566 3093 que
1583 3030 1627 3076 ne
1638 3010 1675 3077 le

262 3117 473 3201 comportoit
501 3118 537 3180 la
567 3114 791 3193 conjoncture
823 3108 937 3177 meme
965 3112 1009 3175 de
1039 3118 1126 3175 cette
1159 3105 1304 3177 affreuse
1340 3119 1584 3201 catastrophe?
1613 3115 1675 3185 cir.

261 3226 306 3291 H.
331 3226 374 3285 tt.
390 3224 440 3291 Ji.
461 3224 498 3285 t.
521 3224 579 3287 IV.
600 3221 671 3301 389.
700 3220 806 3281 -28.·
825 3212 1057 3305 Seguntium.
1077 3236 1142 3301 pro
1164 3218 1435 3303 Saguntinorum
1455 3222 1584 3286 dictum
1603 3240 1676 3291 esse

262 3328 380 3399 statuit
405 3327 595 3407 Charisius3
623 3325 720 3407 quod
747 3322 825 3389 fieri
846 3340 948 3407 posse
963 3325 1279 3409 non'ncgarerim‚
1310 3328 1372 3391 sed
1397 3326 1552 3411 exempla
1572 3324 1676 3405 hujus

212 3482 215 3485 -
264 3434 517 3515 terminationis
532 3432 702 3499 desidero.
723 3434 811 3495 Nam
827 3450 939 3511 neque
957 3431 1086 3497 Aruas
1103 3450 1216 3513 neque
1233 3433 1383 3521 Tagurrs
1400 3439 1492 3497 recte
1509 3428 1673 3517 conferat,

264 3544 361 3623 quod
381 3559 453 3604 non
472 3539 617 3625 gentilia
636 3544 727 3603 sunt.
752 3535 814 3601 ct'r.
834 3534 946 3599 incert
966 3556 1035 3619 ¹¹9·
1059 3537 1134 3621 baec
1149 3538 1244 3599 haud
1260 3537 1367 3603 dubie
1386 3556 1428 3602 eo
1446 3538 1525 3603 loco
1544 3556 1674 3603 memo·

265 3655 355 3722 rata,
375 3644 439 3706 ubi
456 3643 608 3709 Salutius
629 3647 673 3708 de
687 3642 812 3727 proelio
828 3640 1039 3727 Saguntino,
1059 3641 1225 3725 exposuit.
1246 3640 1306 3703 cir.
1326 3664 1360 3726 p.
1385 3664 1432 3725 ¹7·
1451 3660 1550 3724 ·²9··
1578 3645 1675 3711 Tota

267 3759 392 3817 autem
410 3745 580 3812 insula-
593 3749 623 3813 si
635 3748 803 3813 hariolari
816 3746 915 3833 licet,
934 3750 1008 3811 bac
1027 3748 1072 3809 ad
1090 3747 1259 3811 desertam
1272 3746 1423 3812 insulam
1443 3751 1538 3814 haud
1554 3750 1677 3837 procul

266 3854 508 3922 Lemnositam
517 3853 704 3938 retulerim,
713 3852 778 3915 ubi
786 3852 995 3925 Mithridatis
1009 3850 1124 3921 classis
1135 3853 1310 3921 aLucullo
1320 3856 1531 3941 deprehensa
1544 3868 1602 3923 est.
1614 3856 1676 3925 cfr.

268 3981 373 4047 supra
394 3985 430 4047 p.
451 3975 503 4036 at.
523 3961 580 4035 253
602 3967 637 4023 et
651 3959 796 4043 Appiam.
818 3979 869 4040 77.
885 3945 1062 4051 ουωριᾌνδὲ
1071 3942 1339 4055 κωὶΑλέξωνδρον
1357 3948 1583 4043 merovicus
1600 3957 1674 4053 πιρὶ

270 4064 390 4164 Λῆμνον
398 4063 432 4138 ir
449 4049 548 4164 ε’ρῆμη
559 4046 644 4162 sidtu
661 4046 878 4149 καταλαβᾶν
889 4114 932 4135 -·
950 4096 991 4143 ex
1002 4079 1124 4142 eodem
1135 4079 1215 4145 loco
1227 4080 1446 4148 manifestum
1456 4084 1514 4167 fit,
1534 4077 1679 4143 Salusti-

271 4207 334 4251 um
359 4188 402 4251 de
424 4185 526 4266 hujus
553 4184 677 4251 insula
706 4184 972 4268 antiquitatibus
1006 4184 1197 4249 accuratius
1225 4187 1431 4271 exposuisse.
1465 4190 1568 4251 -³1.-
1595 4182 1674 4250 Pro

274 4288 377 4363 amai
393 4292 486 4362 betto
500 4295 535 4358 h.
550 4292 576 4361 l.
587 4311 664 4376 pro
685 4286 806 4363 omine
819 4286 907 4363 betti
923 4293 1179 4363 emendandum
1198 4312 1270 4365 csse
1286 4291 1433 4363 videtur.
1452 4293 1552 4359 -3a-
1571 4290 1677 4373 ‚aaa
