4050 5009
403 330 474 432 ¹128

397 524 562 593 Priscian.
571 546 606 610 p.
622 523 693 607 778.
704 525 865 589 Burman.
877 526 923 591 ad
936 527 1090 614 Propert.
1103 551 1138 615 p.
1152 550 1228 613 119:
1246 530 1422 616 multaque
1431 541 1689 631 exemplaapud
1701 547 1801 617 plau.

396 644 471 699 tum
498 640 532 696 et
552 631 759 695 Lucretium.
784 650 813 695 e.
837 634 998 717 gr.'Asin.
1022 652 1051 699 a.
1072 653 1101 700 a.
1125 638 1174 702 5ο.
1203 660 1271 703 usu
1291 642 1424 705 Lucret.
1445 644 1474 704 3.
1495 646 1572 725 984:
1602 648 1676 719 imo
1695 658 1799 721 Casa.

394 744 489 824 rem,
515 736 699 823 Virgilium
733 737 916 821 ipsumque
943 739 1145 807 Ciceronem
1168 746 1233 809 hac
1252 744 1363 811 forma
1390 747 1514 833 sepius
1540 774 1620 821 usos
1637 758 1711 837 jam
1738 762 1798 825 diu

395 851 560 911 notarunt
586 841 826 906 Grammatici.
848 845 959 929 Igitur
985 846 1139 910 dativum
1160 868 1232 915 esse
1250 858 1285 920 et
1305 852 1379 936 ipse
1397 858 1609 944 putaverim,
1628 867 1687 928 sed
1709 866 1799 931 anti·

394 951 553 1035 quierem
572 946 719 1012 formam
740 947 957 1013 retinendam
980 970 1052 1016 esse
1067 972 1207 1040 censeo,
1228 976 1304 1038 quae
1323 959 1417 1021 haud
1435 960 1539 1029 dubie
1554 966 1657 1030 etiam
1679 970 1797 1037 multis

394 1057 476 1123 aliis
494 1055 580 1121 locis
599 1061 651 1120 est
671 1055 892 1121 restituenda.
922 1065 1057 1122 curata
1077 1063 1172 1142 quod
1192 1063 1315 1147 saepius
1331 1083 1385 1147 ap.
1406 1065 1593 1133 Salustium
1614 1072 1652 1135 in
1673 1074 1796 1139 remi·

393 1162 490 1229 litari
526 1168 726 1245 usurpatur,
756 1181 830 1225 non
859 1163 1033 1227 debebant
1058 1164 1099 1227 in
1117 1167 1263 1231 dubium
1283 1190 1406 1235 vocare
1426 1169 1639 1257 interpretes.
1656 1185 1798 1261 paratu

393 1269 453 1335 cir.
469 1270 547 1333 Tac.
570 1267 661 1330 Hiet.
681 1290 709 1330 a.
739 1270 789 1346 84.
807 1270 958 1355 pange.
985 1272 1036 1334 25.
1054 1272 1279 1356 scriptorum
1302 1274 1395 1359 Lips.
1420 1278 1543 1362 Queat.
1566 1281 1670 1365 Epist.
1692 1299 1722 1359 4.
1739 1299 1793 1360 rt:

386 1370 683 1460 proscriptorum
712 1373 876 1460 conjecit,
905 1384 1003 1441 acute
1033 1378 1194 1463 quidem,
1227 1382 1287 1443 sed
1322 1381 1407 1445 citra
1434 1386 1687 1465 necessitatem
1712 1406 1794 1449 nam

389 1482 507 1566 plures
528 1480 710 1565 scriptores
729 1479 851 1565 fuisse,
884 1481 947 1563 qui
966 1484 1071 1563 hujus
1095 1486 1259 1571 temporis
1275 1490 1329 1551 res
1348 1487 1575 1591 illustrarent,
1599 1492 1672 1575 ipse
1692 1492 1792 1555 Salu-
1852 1498 1858 1513 ¹

383 1586 476 1655 stius
496 1588 596 1651 docet
615 1587 693 1672 Jug.
720 1588 770 1667 95.
802 1585 944 1661 sortasse
972 1590 1104 1653 Sullam
1124 1590 1237 1675 ipsum
1261 1600 1295 1657 et
1317 1592 1497 1658 Sisennam
1527 1595 1645 1661 innuit
1663 1606 1790 1667 auctor.

389 1691 510 1757 minus
534 1690 720 1756 celebrata
749 1694 992 1779 Harercampii
1024 1704 1073 1759 est
1111 1697 1300 1782 scriptura,
1341 1718 1418 1781 quae
1448 1702 1619 1785 particula
1652 1714 1792 1791 propter

386 1799 492 1863 finem
514 1806 694 1882 postremae
724 1798 819 1862 vocis
854 1798 956 1864 facile
988 1801 1105 1865 omitti
1136 1810 1282 1887 poterat.
1318 1824 1399 1886 quar
1426 1801 1565 1871 eminus
1585 1804 1694 1898 facie
1719 1828 1790 1871 sua

388 1904 609 1971 ostentabat.
644 1903 793 1987 pessima
827 1907 900 1970 baec
926 1905 1033 1972 lectio
1040 1933 1050 1985 ς
1082 1909 1199 1990 quasi,
1230 1929 1308 1992 qun.
1340 1911 1511 1976 Sertorius
1539 1914 1702 1997 praeclara
1736 1910 1790 1975 la-

387 2010 508 2075 cinora
526 2017 795 2095 perpetraverat,
820 2013 894 2075 baec
914 2011 988 2090 ejus
1006 2012 1078 2077 oris
1104 2016 1268 2098 adspectu
1287 2016 1360 2095 jam
1382 2037 1401 2081 e
1424 2017 1617 2103 longinquo
1638 2016 1790 2081 divinari

384 2118 592 2203 potuissent3
613 2119 674 2182 scd
686 2107 831 2204 sociem
848 2124 1038 2183 ostentare
1062 2119 1242 2207 dicuntur,
1269 2123 1392 2206 quiea
1412 2123 1606 2211 gloriantur
1622 2132 1702 2189 etse
1716 2122 1791 2202 jac·

386 2231 477 2303 tant;
498 2220 585 2306 qnia
603 2208 747 2307 reliqua
765 2218 929 2312 glorians
947 2220 1141 2291 retinebat.
1158 2210 1359 2317 gloriosius
1378 2232 1522 2295 Harerc.
1541 2230 1696 2309 conjecit.
1717 2230 1790 2294 berc

385 2330 489 2394 Debr.
522 2329 573 2392 ita
604 2327 866 2413 interpretatur:
897 2337 952 2405 «et
981 2332 1161 2416 regrettoit
1188 2352 1256 2415 peu
1291 2352 1329 2396 ce
1356 2330 1441 2414 qu’il
1472 2336 1567 2397 avait
1594 2337 1723 2417 perdo,
1744 2355 1791 2399 au

384 2435 464 2520 prix
484 2436 582 2498 dece
602 2434 665 2515 qui
684 2434 738 2495 lui
759 2453 803 2498 en
820 2435 1005 2503 revelon.»
1025 2438 1092 2499 hoc
1114 2442 1164 2499 est
1182 2433 1298 2499 verbis
1318 2444 1431 2521 tegere
1447 2434 1691 2521 ignorantiam.
1713 2460 1791 2503 ver·

384 2541 428 2603 tit
458 2540 553 2602 enim
583 2539 683 2620 quasi
707 2539 846 2625 legisset
878 2538 1089 2606 redimebat.
1116 2542 1177 2605 sed
1205 2560 1370 2623 quaenam*
1390 2550 1469 2605 sunt
1500 2538 1675 2622 reliqua?
1700 2562 1790 2605 num

383 2644 564 2709 membra?
584 2664 630 2707 an
658 2644 907 2713 inuniversum
932 2648 1079 2732 dictum,
1100 2649 1218 2723 decus,
1238 2648 1366 2729 bonor,
1387 2644 1485 2711 laus?
1511 2648 1571 2710 sed
1589 2644 1789 2728 appositum

371 2747 569 2841 'gloriosas
589 2771 634 2816 ne
655 2754 722 2817 hoc
741 2753 882 2836 quidem
904 2752 1046 2839 patitur.
1067 2753 1184 2834 itaque
1204 2752 1287 2817 huic
1310 2753 1389 2817 loco
1409 2752 1545 2817 medela
1570 2750 1788 2817 adhibenda:

381 2877 447 2942 pro
472 2854 655 2923 retinebat
682 2862 829 2925 emendo
857 2860 1009 2949 agebat;
1039 2857 1183 2942 reliqua
1216 2868 1255 2923 ut
1285 2868 1419 2925 catera
1446 2860 1481 2921 h.
1510 2858 1534 2922 l.
1555 2856 1789 2923 accusativum

382 2984 547 3049 grecum,
578 2985 683 3045 quem
700 2967 837 3045 dicunt,
858 2986 931 3031 esse
949 2976 1075 3033 statuo.
1096 2967 1144 3031 ita
1165 2966 1347 3052 reliquum
1371 2955 1463 3051 apud
1479 2965 1639 3029 Plautum
1662 2983 1785 3027 occur·

379 3068 531 3133 rit‘rrue.
541 3070 675 3157 Prolog.
686 3074 733 3137 15.
748 3074 808 3137 cfr.
825 3073 917 3138 infra
931 3072 974 3137 fr.
991 3076 1058 3135 180.
1064 3074 1138 3154 jam
1154 3074 1262 3159 igitur
1276 3073 1396 3137 omnia
1406 3069 1603 3134 manifesta:
1615 3070 1788 3135 Sertorius

251 3167 257 3179 '
381 3172 555 3241 cicatrices
564 3186 597 3242 et
607 3172 767 3243 effossum
779 3182 918 3245 oculum
928 3198 999 3243 non
1006 3176 1136 3260 pudori
1145 3178 1304 3261 habebat,
1312 3177 1395 3259 quia
1405 3174 1538 3256 reliqua
1547 3175 1619 3255 ejus
1632 3174 1703 3240 vita
1712 3182 1786 3239 erat

365 3280 492 3348 'laudis
509 3283 719 3367 plenissima.
752 3288 848 3347 -66.-
866 3282 1016 3350 Primos
1040 3282 1242 3349 Cretenses.
1262 3284 1329 3346 hoc
1348 3281 1566 3345 hauddubie
1588 3284 1633 3343 ad
1651 3280 1788 3350 bellum

378 3389 550 3453 Creticum
569 3388 720 3473 pertinet
742 3390 785 3453 ab
803 3390 955 3455 Antonio
976 3396 1109 3454 motum
1131 3386 1191 3451 cfr.
1208 3406 1311 3471 supra
1329 3404 1406 3472 pag.
1432 3402 1481 3447 aa.
1503 3383 1656 3450 Curetes
1671 3388 1714 3450 de
1728 3386 1788 3451 his

378 3492 438 3560 cfr.
469 3494 579 3559 Hock.
605 3497 721 3561 Kreta.
745 3499 805 3560 Bd.
831 3520 857 3561 ι.
877 3511 1027 3561 ceterum
1055 3502 1135 3558 ante
1162 3494 1252 3557 bane
1273 3511 1393 3557 vocem
1416 3488 1528 3569 major
1548 3490 1787 3576 interpunctio

378 3598 542 3665 tollenda.
562 3609 779 3669 vetustatem
802 3604 826 3674 i.
849 3625 878 3669 e.
904 3601 1145 3684 antiquitatem
1154 3616 1169 3682 ,¹
1184 3596 1316 3683 priscos
1341 3596 1502 3662 homines
1519 3597 1581 3680 qui
1601 3598 1720 3663 omnia
1742 3596 1786 3659 in

376 3700 489 3778 majus
506 3707 740 3792 celebrabant,
760 3711 836 3793 vel,
855 3709 909 3773 uti
924 3707 1015 3772 Livii
1031 3704 1145 3770 verbis
1157 3714 1249 3789 utar,
1272 3702 1390 3767 divina
1403 3704 1565 3767 humanis
1577 3702 1785 3766 immiscent.

376 3809 482 3887 -67.-
511 3808 638 3873 Italr'oe
656 3809 821 3895 Siciliam
848 3812 910 3876 cfr.
934 3794 1035 3896 supra
1070 3810 1143 3872 Lib.
1173 3812 1229 3881 lv.
1253 3812 1303 3873 38.
1342 3810 1420 3895 Ine..
1437 3812 1487 3892 98.
1514 3810 1581 3891 195.
1606 3822 1673 3870 220.
1702 3827 1783 3888 quar

376 3912 495 3980 omnia
517 3914 611 3976 haud
640 3914 746 3979 dubie
769 3925 849 3979 sunt
878 3918 1120 4004 conjungenda
1148 3924 1181 3978 et
1205 3934 1246 3980 eo
1275 3916 1354 3979 loco
1391 3915 1483 3979 dicta
1512 3917 1626 3999 erant,
1650 3911 1715 3975 ubi
1736 3914 1783 3981 de

374 4020 522 4088 consilio
546 4018 772 4106 fugitivorum
797 4021 836 4085 in
858 4024 1014 4087 Siciliam
1037 4021 1232 4104 trajiciendi
1250 4021 1407 4107 exposuit
1429 4022 1493 4084 lih.
1512 4020 1569 4084 IV.
1591 4014 1780 4103 cin'supra

371 4150 406 4213 p.
428 4135 478 4193 So.
500 4138 578 4193 tam
600 4149 747 4193 curvum
770 4123 829 4196 sit.
859 4128 909 4192 ita
926 4132 1197 4193 emendandum:
1219 4135 1297 4190 tum
1318 4150 1382 4212 per
1399 4124 1570 4193 incuriam
1588 4144 1610 4189 a
1624 4122 1780 4190 librariis

374 4252 569 4319 expressum
589 4243 648 4302 est.
662 4236 706 4299 de
718 4254 756 4299 re
770 4235 844 4318 ipsa
855 4233 915 4297 cfr.
926 4237 1042 4304 Barth.
1056 4238 1099 4299 ad
1117 4234 1235 4298 Claud.
1254 4236 1354 4319 Rapt.
1374 4236 1467 4297 Pror.
1485 4234 1513 4295 I.
1535 4247 1604 4309 ¹4⁰·
1626 4234 1777 4313 Interpp.

373 4340 419 4404 ad
429 4340 492 4411 Sil.
504 4360 553 4421 ¹4·
565 4344 613 4409 15.
632 4336 947 4433 -tib-Pompejur.
965 4343 1033 4441 hoc
1044 4360 1181 4424 quoque
1197 4338 1266 4409 fine
1282 4339 1358 4404 Lib.
1374 4340 1430 4406 1v.
1443 4337 1595 4426 positum
1614 4342 1696 4403 erat.
1716 4332 1776 4400 cfr.
