4050 5009
440 378 487 450 16

424 566 487 629 tide
504 600 524 616 -
541 567 662 629 lenitur.
692 572 763 635 112.
777 578 808 627 ct
821 588 856 627 ex
869 568 943 628 Silla
960 600 980 615 -
998 578 1030 628 et
1044 568 1164 629 nuntiat
1181 568 1219 635 ei.
1250 572 1320 636 113.
1334 572 1482 632 occultare
1499 583 1530 633 et
1544 573 1604 633 oris
1620 573 1832 636 immutatione

429 664 539 727 dicitur
557 667 725 746 patefecisse
742 698 762 714 -
780 668 914 726 accersiri
933 698 952 713 -
970 668 1017 725 uti
1034 666 1146 725 dictum
1165 678 1216 727 est.
1239 668 1307 734 114.
1323 670 1427 749 illique
1443 682 1472 729 et
1485 669 1603 735 deinde.

532 853 622 928 cod.
642 854 713 928 IV.
765 853 1211 954 (Class.rcCod.xxv1.)
1250 855 1495 950 Chartaceus3
1518 856 1583 932 sed
1595 856 1834 933 emendatior

427 995 547 1071 quam
568 969 684 1043 multi
703 969 770 1043 alii
789 970 942 1044 codices.
990 972 1087 1043 Nota
1107 972 1212 1044 verbi
1234 974 1459 1047 substantivi
1482 990 1634 1047 estnon
1661 972 1749 1045 satis
1774 972 1834 1047 di-

427 1084 577 1174 lucida,
609 1084 662 1158 ita
688 1102 734 1159 ut
753 1084 862 1160 baud
885 1085 997 1160 facile
1030 1085 1251 1177 constituas,
1298 1088 1437 1190 quibus
1472 1086 1562 1161 locis
1584 1088 1833 1163 retinendum

426 1198 494 1295 sit;
523 1200 723 1275 nonnullis
746 1202 788 1276 iu
811 1202 903 1277 locis
927 1198 1210 1277 emendationes
1240 1201 1386 1277 librarii
1411 1204 1611 1307 leguntur,
1642 1204 1711 1305 qui
1742 1204 1833 1307 plus

428 1315 574 1421 ingenii
599 1318 770 1392 acumini
790 1346 910 1420 quam
928 1321 1119 1399 librorum
1140 1319 1359 1395 auctoritati
1394 1319 1560 1394 tribuere
1582 1318 1742 1394 videtur.

513 1486 605 1549 caut.
624 1510 689 1570 cap.
707 1487 738 1556 4.
758 1491 939 1551 detonuerat.
959 1495 991 1559 5.
1005 1494 1103 1555 nobili
1123 1512 1228 1577 genere
1238 1495 1295 1551 suit
1314 1490 1333 1569 (
1340 1490 1389 1550 sed
1407 1492 1544 1571 primitus
1559 1490 1675 1549 ridetur
1685 1491 1831 1569 scriptum

430 1587 516 1645 inisse
536 1594 624 1645 nausa
648 1598 678 1645 et
700 1588 823 1647 uerbum
842 1591 1001 1668 omissum)
1021 1624 1039 1638 -
1057 1593 1124 1651 satis
1147 1590 1304 1670 loquentiae
1324 1585 1399 1668 (sed
1420 1608 1473 1667 per
1493 1583 1764 1665 emendationem.)
1800 1584 1834 1651 6.

430 1684 539 1742 auxilia
553 1694 679 1762 portare.
695 1684 717 1750 7
718 1728 726 1742 .
735 1704 850 1764 semper
863 1685 908 1743 bis
927 1719 947 1734 ·
965 1690 1054 1747 simul
1065 1708 1100 1746 ac
1108 1688 1217 1746 laboris
1232 1728 1240 1745 .
1255 1728 1265 1743 .
1284 1725 1316 1743 ..
1336 1684 1455 1763 paciens
1473 1716 1493 1729 -
1511 1703 1545 1741 ea
1561 1682 1697 1757 divitias,
1717 1683 1833 1741 bonam

430 1779 552 1839 sarnam.
580 1786 610 1849 9.
623 1781 656 1838 in
669 1783 780 1839 amicos
800 1782 850 1858 (cx
866 1782 1091 1861 emendatione)
1110 1816 1130 1832 -
1148 1782 1331 1843 vindicatum
1348 1781 1381 1838 in
1402 1800 1461 1845 eos.
1490 1781 1540 1844 25.
1563 1778 1644 1838 baud
1668 1778 1753 1838 facile
1776 1778 1817 1838 de

430 1894 562 1936 comeres
582 1876 636 1954 (ex
652 1877 893 1955 emendatione).
925 1878 976 1944 26.
991 1900 1064 1958 quas
1082 1881 1190 1938 lecerat
1204 1879 1330 1938 consuli.
1359 1881 1410 1941 30.
1423 1878 1505 1935 missi
1519 1886 1597 1935 suut.
1618 1876 1745 1955 Utrique
1764 1908 1783 1923 -
1803 1888 1838 1936 et

431 1972 560 2031 ducenta
579 1974 725 2030 sestercio.
756 1972 806 2037 36.
821 1974 853 2030 in
874 1994 944 2054 agro
960 1974 1080 2032 Aretino
1099 2007 1118 2021 -
1138 1984 1220 2031 tanta
1238 1974 1281 2033 vis
1302 1974 1398 2032 morbi
1417 1975 1461 2031 uti
1481 1972 1567 2033 tabes
1596 1972 1649 2041 402
1667 1972 1835 2031 Gabinium

429 2070 581 2128 accersivit
601 2069 654 2146 (ex
671 2069 904 2147 emendatione).
931 2069 981 2134 44.
997 2073 1063 2150 quis
1081 2070 1146 2128 sim.
1178 2068 1230 2135 47.
1250 2069 1401 2129 abdicatus
1420 2070 1600 2151 magistratu.
1631 2067 1683 2133 48.
1694 2078 1835 2127 senatum

429 2164 535 2225 edocet
552 2199 572 2213 -
591 2184 629 2222 ne
645 2164 786 2223 Lentulus
799 2188 879 2235 eum,
906 2166 956 2236 49.
971 2166 1152 2226 exercebant.
1182 2168 1232 2230 51.
1251 2168 1368 2225 lortuna
1382 2213 1390 2229 .
1405 2208 1433 2230 ..
1454 2185 1536 2245 pares
1552 2175 1620 2222 sunt
1641 2163 1756 2242 (media
1775 2184 1839 2225 rou

430 2261 538 2339 masa).
571 2265 792 2332 52,malelacta
812 2263 1118 2343 (aemendatione).
1149 2265 1199 2327 55.
1220 2263 1380 2321 ascenderis
1401 2262 1453 2339 (ex
1478 2260 1713 2338 emendatione).
1742 2248 1793 2325 61.
1817 2280 1838 2317 a

430 2358 530 2418 dextra
548 2380 635 2440 rupes
650 2380 759 2440 aspera.

511 2454 664 2536 «Iugurtha
680 2462 843 2538 cap.11.ea
862 2458 954 2516 modo
970 2458 1003 2516 in
1021 2457 1122 2515 animo
1144 2452 1263 2515 habere.
1285 2454 1334 2522 17.
1343 2454 1476 2535 plerique
1493 2464 1606 2534 partem
1627 2450 1839 2512 tertiamAfri-

431 2574 498 2613 cam
521 2574 643 2633 posuere
662 2587 682 2602 ··
706 2556 818 2614 arboris
838 2554 1015 2613 infecundus
1034 2586 1053 2599 -
1073 2557 1148 2612 cmlo
1166 2564 1195 2612 et
1212 2563 1296 2611 terra.
1328 2557 1377 2620 19.
1391 2552 1425 2610 in
1439 2571 1490 2609 ora
1507 2551 1665 2619 maritima.
1693 2555 1744 2614 20.
1771 2548 1838 2609 dis-

429 2669 548 2709 cessere.
571 2656 621 2715 23.
638 2651 676 2710 ad
689 2654 825 2710 virtutem
841 2654 958 2732 erigere.
979 2652 1031 2715 25.
1047 2649 1096 2709 sed
1107 2650 1144 2708 ab
1161 2649 1251 2708 isdem
1266 2649 1340 2729 regis
1351 2647 1536 2706 fautoribus·
1546 2644 1626 2725 quod
1642 2665 1691 2705 rex
1707 2646 1740 2703 in
1753 2646 1839 2705 inri-

432 2745 493 2805 dia.
502 2746 552 2812 26.
563 2750 607 2807 uti
624 2751 749 2830 quisque
766 2759 895 2806 armatus
906 2748 1008 2806 suerat.
1029 2752 1079 2811 30.
1087 2754 1254 2826 tempestate
1264 2730 1317 2803 Gai
1325 2744 1458 2802 Memmii
1473 2742 1619 2801 ineundis.
1634 2740 1684 2805 34.
1696 2741 1838 2802 discemit.

431 2842 483 2908 36.
497 2844 624 2904 Romam
646 2848 771 2905 recessit.
792 2844 843 2912 37.
857 2847 932 2919 alia,
945 2866 1011 2924 quae
1028 2846 1157 2923 incepto·
1178 2847 1228 2907 38.
1240 2844 1370 2902 clausum
1387 2849 1507 2902 teneret.
1533 2837 1584 2903 43.
1598 2836 1635 2895 G.
1650 2838 1784 2896 Metellus
1806 2848 1839 2897 et

432 2938 475 2997 Μ.
493 2940 608 2999 Silanus
625 2973 645 2988 -
664 2944 773 3001 auxilia
791 2943 916 3000 mittere·
937 2946 988 3004 52.
1002 2953 1032 2999 et
1044 2940 1104 2999 diei
1118 2959 1219 3025 uesper
1236 2938 1346 3005 aderat.
1367 2935 1417 3003 64.
1432 2938 1455 2995 si
1473 2936 1596 2993 dimidia
1611 2955 1678 3014 pars
1695 2935 1839 2996 exercitus

431 3034 500 3096 sibi.
521 3036 571 3105 74.
586 3060 668 3118 spem
686 3041 833 3097 inarmis.
854 3037 905 3105 75.
917 3044 979 3113 ejus
997 3037 1102 3117 oppidi
1123 3038 1146 3095 si
1164 3038 1273 3115 potitus
1293 3036 1368 3094 soret
1385 3064 1405 3081 ··
1431 3042 1513 3091 tanta
1530 3041 1651 3111 repente
1662 3032 1733 3090 celo
1744 3032 1840 3089 ernia-

432 3153 474 3198 sa.
493 3134 544 3203 78,
557 3142 673 3214 jacere,
694 3136 837 3214 impositis
854 3134 983 3193 turribus
1002 3154 1078 3213 opus
1097 3143 1126 3190 ct
1145 3132 1292 3189 ministros
1307 3129 1408 3197 tutari,
1429 3135 1480 3197 80,
1495 3130 1614 3207 incepto
1628 3137 1838 3206 opportunum

432 3229 523 3296 bello.
545 3236 593 3297 81.
610 3232 674 3313 quis
689 3278 717 3301 .,
735 3234 796 3291 sint
816 3232 869 3311 (ex
887 3229 1121 3307 emendatione).
1142 3227 1192 3293 84.
1206 3228 1296 3286 arcire
1316 3257 1335 3273 -
1353 3224 1439 3305 plebe
1451 3225 1563 3283 volenti
1580 3224 1692 3282 militia
1714 3224 1764 3286 85.
1777 3224 1840 3280 eis-

434 3326 503 3388 dem
523 3362 542 3376 ·
562 3327 621 3389 boc
638 3330 699 3409 peti
718 3329 823 3388 debere
841 3360 862 3375 ··
879 3329 967 3386 tutari
982 3329 1089 3387 virtute
1109 3345 1206 3405 requos
1222 3335 1250 3383 et
1269 3322 1362 3381 bonos
1382 3351 1401 3368 -
1421 3342 1486 3379 mea
1502 3320 1645 3380 beneficia
1662 3349 1683 3367 ι·
1701 3319 1841 3399 spueri-

434 3424 476 3483 tia
496 3427 540 3483 lui
551 3426 671 3484 edoctus
691 3456 711 3471 -
728 3426 751 3483 is
771 3427 978 3506 imperatorem
1005 3424 1168 3503 -posteris
1198 3422 1279 3501 quasi
1301 3422 1427 3477 lunien:
1452 3438 1549 3497 neque
1570 3416 1651 3481 bona
1669 3444 1690 3462 ··
1708 3416 1733 3473 si
1757 3414 1840 3475 mibi

434 3524 545 3581 vellent
563 3521 738 3603 respondere
757 3553 777 3568 -
795 3524 853 3580 illis
869 3522 995 3580 artifieio
1011 3539 1097 3599 opus,
1116 3529 1151 3576 ut
1170 3549 1189 3564 -·
1208 3516 1394 3589 divitiarum,
1409 3534 1489 3571 arma
1510 3544 1529 3559 -
1549 3512 1662 3570 bouum
1679 3509 1840 3571 deNumi-

434 3616 486 3676 dia
519 3616 657 3677 habetote
687 3622 822 3678 animum
855 3650 876 3665 ·
903 3617 1043 3676 exereitus
1080 3614 1121 3672 ibi
1148 3618 1281 3672 locorum
1303 3614 1393 3670 sciens
1427 3643 1446 3658 -
1477 3612 1585 3668 attritu.
1618 3608 1839 3679 Quamobrem,

437 3719 488 3777 88.
503 3718 686 3794 exploratum
711 3715 730 3794 (
738 3726 777 3774 cst
794 3714 968 3791 omissum).
989 3715 1040 3780 91.
1055 3709 1251 3770 coercebatur.
1275 3713 1323 3777 93.
1338 3710 1397 3767 dies
1405 3748 1416 3779 ,
1431 3719 1532 3777 noctes
1548 3715 1679 3765 aestuans.
1710 3707 1762 3774 95.
1774 3724 1841 3783 pu·

438 3809 489 3868 det
507 3812 600 3891 magis
619 3832 658 3869 an
687 3814 777 3893 piget.
810 3808 859 3880 97.
884 3810 997 3888 accepit
1016 3810 1102 3867 illum
1124 3807 1260 3871 dubium.
1295 3808 1444 3875 98.duccs
1465 3808 1670 3863 seroceserant
1689 3830 1708 3848 ··
1737 3802 1789 3859 sed
1803 3823 1840 3861 ea

436 3904 589 3965 Romanis.
622 3913 690 3972 101.
702 3928 853 3987 percussos
875 3905 1026 3963 Romanos
1044 3934 1064 3949 ··
1082 3902 1244 3983 profligatis
1259 3902 1306 3961 lais
1325 3935 1344 3949 -
1363 3902 1490 3960 occurrit
1507 3901 1615 3957 auxilio
1635 3930 1655 3946 ·-
1670 3898 1769 3957 ridere
1788 3919 1842 3957 so-

438 3994 502 4084 qni.
525 4009 594 4068 102.
610 4026 678 4064 cum
706 4006 741 4063 iis
763 4004 899 4063 disserere
917 4034 937 4048 -
956 4003 1105 4079 tutiusque
1125 4002 1179 4057 rati
1198 4032 1218 4045 -
1235 4011 1334 4057 nostra
1351 3997 1548 4077 opportunior
1569 3996 1698 4055 amicitia
1717 4022 1738 4041 -
1756 3994 1844 4054 seili-

439 4109 487 4159 cet
505 4104 619 4181 placuit
638 4136 658 4149 -
677 4113 807 4162 nostram
822 4101 944 4181 experiri
964 4130 983 4144 -
1009 4097 1160 4155 beneficii-s
1183 4098 1313 4167 victum3
1345 4114 1415 4153 nam
1434 4090 1651 4173 -.Jugurtbam
1672 4093 1842 4171 expulerat,

440 4201 510 4262 103.
536 4219 611 4279 quos
627 4200 660 4257 in
693 4210 846 4278 corruptos
871 4198 1028 4273 reliquerat
1046 4225 1066 4240 ·
1084 4195 1294 4273 consultorque
1320 4190 1396 4249 adsit
1413 4221 1432 4237 -
1459 4191 1531 4247 Silla
1552 4190 1652 4247 omnia
1673 4189 1844 4268 pollicitus.

442 4291 511 4358 104.
531 4295 565 4354 in
583 4296 690 4376 quibus
704 4294 832 4353 Romam
855 4323 875 4339 ·
894 4301 924 4350 et
935 4290 1074 4353 Consule.
1096 4289 1167 4355 106.
1181 4290 1269 4347 simul
1283 4286 1417 4369 prasidio
1434 4316 1455 4333 ·
1473 4288 1589 4345 intento
1607 4288 1690 4346 voltu
1709 4313 1730 4333 ·
1748 4286 1847 4347 audi·
