4050 5009
602 366 671 467 ιιι

592 551 770 655 Numidae
812 528 930 656 magis
961 574 1080 653 quam
1106 546 1306 657 mortalem
1339 546 1495 624 timere:
1528 553 1718 654 pestremo
1744 570 1874 623 omnes
1905 539 1993 623 accii

593 692 708 779 atque
730 675 853 752 hostea
880 675 1049 765 credere,
1073 672 1139 749 illi
1169 690 1238 748 aut
1262 688 1430 751 mentem
1455 673 1626 750 divinam
1648 671 1724 748 esse
1745 664 1815 747 aut
1840 668 1995 745 deorum

592 782 694 876 nutu
717 796 1063 902 cunctaportendi.
1102 796 1175 872 Sed
1195 785 1354 888 Consul,
1372 780 1440 872 ubi
1454 822 1498 873 ea
1515 822 1574 874 ree
1588 794 1686 873 bene
1697 794 1840 883 evenit,
1858 793 1906 868 ad
1921 792 1992 867 alia

592 910 734 1029 oppida
750 923 874 1028 pergit
892 954 899 995 :
919 946 1064 1025 pauca,
1081 920 1382 1025 repugnantibus
1399 920 1589 1011 Numidia,
1603 919 1727 1023 capit,
1744 918 1857 1022 plura
1876 916 1994 992 deser-

592 1034 812 1153 lapropter
843 1045 1090 1149 Capsensium
1109 1043 1313 1132 miserias,
1351 1044 1429 1148 igni
1462 1043 1707 1147 corrumpit:
1743 1042 1853 1116 luctu
1881 1056 1993 1142 atque

593 1172 694 1250 coede
731 1169 861 1247 omnia
893 1168 1143 1273 complentur.
1192 1168 1371 1270 Denique
1394 1168 1524 1242 multis
1553 1165 1644 1241 lucia
1665 1164 1822 1269 potitus,
1850 1190 1895 1238 ac
1914 1163 1993 1266 ple-

593 1297 719 1399 risque
744 1294 912 1371 exercitu
934 1293 1157 1379 incutiente,
1181 1290 1298 1366 aliam
1320 1317 1400 1365 rem
1423 1290 1664 1395 adgreditur,
1688 1314 1768 1363 non
1789 1286 1921 1361 eadem
1940 1310 1992 1359 aa·

592 1420 772 1525 peritate,
798 1444 875 1519 qua
901 1414 1167 1519 Capsensium,
1192 1429 1360 1490 ceterum
1378 1412 1486 1487 haud
1507 1438 1611 1487 secus
1632 1410 1834 1485 difficilem.
1883 1410 1992 1483 Nam-

593 1568 668 1645 que
695 1538 818 1615 haud.
838 1539 991 1643 lengea
1021 1537 1183 1614 flumine
1204 1535 1390 1613 Mulucha
1406 1595 1416 1627 ,
1430 1535 1547 1640 quod
1563 1532 1763 1639 -Iugurthae
1782 1531 1992 1636 Bocchique

593 1662 1039 1769 regnum-disiungehat,
1064 1666 1149 1770 erat
1170 1662 1271 1735 inter
1292 1677 1455 1735 ceteram
1478 1658 1679 1763 planitiem
1709 1682 1818 1733 mons
1842 1682 1993 1768 saxeus,

593 1786 775 1863 mediocri
794 1785 945 1860 castello
969 1784 1057 1859 satis
1074 1800 1238 1887 patens,
1262 1782 1305 1857 in
1337 1783 1562 1856 immensum
1584 1780 1726 1870 editus,
1749 1806 1830 1855 unu
1860 1808 1991 1885 peran-

592 1926 702 2015 gusto
718 1908 827 1985 aditu
851 1908 985 1982 relicto'
998 1939 1026 1985 -ε,
1041 1933 1133 1981 nam
1151 1907 1273 1981 omnis
1292 1923 1431 1981 natura
1459 1904 1564 1979 velut
1580 1931 1692 2007 opere
1713 1921 1829 2006 atque
1842 1904 1989 2000 consul·

593 2048 632 2108 to
661 2034 837 2137 praeceps.
879 2030 1013 2125 Quem
1038 2028 1167 2105 locum
1180 2019 1347 2117 Mariua,
1364 2026 1478 2131 quod
1503 2027 1558 2102 ibi
1575 2027 1669 2131 regis
1686 2025 1853 2102 thesauri
1872 2042 1987 2116 erant,

588 2181 736 2232 summa
756 2155 794 2229 vi
821 2179 955 2257 capere
974 2151 1162 2261 intendit
1200 2152 1271 2229 Sed
1287 2178 1330 2227 ea
1353 2177 1409 2227 rea
1429 2150 1844 2256 funuernum-consilio
1857 2151 1987 2226 melius

591 2296 701 2384 gesta.
751 2280 849 2353 Nam
870 2275 1023 2351 castello
1036 2275 1214 2373 uirorum
1233 2292 1349 2376 atque
1372 2274 1690 2364 annorumsatis,
1705 2300 1852 2378 ,magna
1873 2276 1929 2350 vis
1952 2281 1986 2349 et

590 2402 775 2478 frumenti
798 2416 837 2476 et
855 2398 939 2474 fons
959 2423 1080 2502 aqum
1103 2432 1111 2472 :
1135 2398 1329 2503 aggeribus
1358 2398 1602 2501 turribusque
1619 2413 1658 2472 et
1678 2397 1762 2471 aliis
1792 2397 1985 2475 machina-

591 2597 727 2660 divinam
740 2598 828 2657 inerte
847 2596 955 2658 'Vinan
973 2618 998 2655 1.
1019 2617 1059 2655 m.
1068 2596 1162 2655 'inesse
1174 2594 1235 2655 da'v.
1265 2592 1362 2654 Guell.
1374 2593 1403 2665 l.
1423 2574 1620 2658 verbum-om.
1643 2592 1750 2654 ‘Gnelss
1763 2594 1792 2659 ὅ.
1811 2598 1863 2656 sat
1878 2596 1983 2666 camut,

472 2692 479 2699 ’
591 2702 662 2763 bene
672 2722 707 2761 eu
719 2722 763 2762 res
780 2701 830 2761 ubi
843 2700 936 2763 euertit
952 2698 1055 2766 Bam.
1075 2701 1163 2759 etiam
1177 2701 1209 2757 in
1222 2700 1285 2758 aliis
1300 2698 1455 2761 verborum
1469 2699 1577 2779 positio
1594 2700 1694 2762 variat.
1716 2700 1785 2760 beru
1797 2720 1858 2765 om.
1868 2699 1982 2760 Corum.

588 2806 678 2886 plura
694 2808 807 2866 deserta
827 2807 867 2864 itu
884 2825 918 2865 ax
933 2802 1027 2863 Curtii
1037 2803 1118 2862 libris
1133 2806 1182 2865 vix
1202 2813 1266 2862 tres.
1288 2805 1373 2864 ceteri
1390 2824 1493 2865 omnes
1511 2806 1626 2864 detentu
1639 2823 1701 2864 non
1715 2818 1877 2887 agnoscunt
1892 2824 1982 2885 neque

592 2908 692 2969 romb.
713 2908 891 2974 Marum.
911 2907 996 2967 Bodl.
1017 2906 1089 2967 Bul.
1110 2904 1178 2989 Teg.
1198 2906 1260 2968 Bur.
1275 2907 1339 2979 ud.
1359 2907 1428 2967 Tur.
1449 2908 1534 2968 Bem.
1549 2930 1574 2967 ι.
1588 2914 1616 2971 3.
1636 2907 1701 2988 igni
1713 2911 1865 2970 comburit.
1885 2912 1945 2971 Bu.
1961 2932 1983 2969 1.

591 3014 755 3094 corrumpit
767 3015 799 3072 in
816 3014 954 3095 margine.
968 3013 1010 3071 ud
1023 3010 1116 3070 ulium
1127 3032 1190 3072 rem
1201 3014 1326 3091 adgred.
1346 3011 1442 3073 Guels.
1452 3014 1481 3074 6.
1502 3016 1545 3074 ud
1558 3015 1644 3073 ctiam
1660 3013 1727 3074 Ecc-
1747 3014 1901 3077 Mulucha
1913 3033 1981 3076 unus

589 3120 679 3193 nivii,
693 3120 759 3183 Naz.
774 3118 833 3181 Pal.
848 3138 875 3177 2.
891 3115 971 3180 Fabr.
987 3136 1011 3179 ι.
1023 3112 1160 3181 cnut-u
1176 3116 1322 3177 Mulucha
1335 3119 1456 3197 plurimi
1466 3118 1711 3178 librircdflodd.
1724 3120 1837 3180 variant
1843 3118 1979 3180 Muliuhu

589 3224 651 3287 Bas.
664 3245 689 3282 1.
699 3221 875 3293 Muluccha,
885 3218 1006 3279 Mulucu
1012 3260 1024 3291 ‚
1033 3218 1156 3280 Mulchu
1164 3224 1224 3279 alii.
1239 3240 1348 3281 nomen
1356 3220 1488 3281 fluminis
1499 3221 1664 3283 om.Guelf.
1676 3228 1703 3285 3.
1718 3223 1805 3283 aditu
1814 3224 1922 3286 rclr'cto.
1936 3244 1979 3283 ro-

590 3329 660 3390 licto
674 3348 735 3388 om.
745 3325 841 3385 Guelf.
855 3346 899 3385 ιο.
910 3324 1012 3384 omnia
1022 3334 1132 3384 nutura
1151 3323 1248 3385 Guelf.
1263 3337 1325 3385 net
1335 3346 1412 3387 am.
1424 3347 1469 3405 pr.
1488 3325 1550 3386 Bas.
1565 3350 1589 3386 1.
1608 3328 1677 3392 vin.
1689 3348 1716 3388 2.
1736 3328 1817 3388 Lcid.
1826 3332 1847 3387 1.
1866 3327 1977 3388 Comm.

591 3456 631 3494 m.
643 3454 689 3513 pr.
704 3431 772 3517 Naz-
789 3432 846 3489 Pal.
857 3451 883 3489 2.
892 3439 984 3509 purte
996 3428 1080 3488 omni
1089 3450 1119 3487 n.
1136 3430 1234 3502 Baud.
1257 3450 1328 3491 uum
1344 3430 1517 3509 omnipurle
1530 3432 1609 3491 Vrat.
1626 3454 1651 3491 ι.
1672 3452 1709 3491 ea:
1719 3434 1891 3513 omnipurte
1899 3430 1975 3492 Febr.

593 3556 621 3598 a.
641 3536 723 3596 omui
737 3544 846 3595 nutura
855 3534 923 3594 Vin.
939 3554 964 3592 ι.
981 3533 1065 3594 Febr.
1080 3554 1104 3591 ι.
1125 3534 1216 3594 Marl.
1229 3549 1258 3600 r.
1270 3547 1305 3598 Λ.
1326 3536 1393 3617 Teg.
1404 3535 1471 3594 Tur.
1480 3555 1533 3614 per
1543 3536 1643 3595 omniu
1658 3536 1720 3595 aliu
1732 3538 1919 3599 retusum.
1927 3555 1975 3617 pa·

591 3640 653 3701 ulia
671 3638 814 3723 omniun.
836 3636 933 3696 Guell.
940 3658 972 3717 9.
991 3637 1052 3696 Erl.
1072 3637 1166 3698 anuuit
1190 3629 1275 3700 mona
1290 3638 1398 3721 Regius
1416 3640 1528 3700 Wasaii.
1552 3660 1623 3700 num
1635 3662 1690 3721 per
1703 3632 1805 3702 omniu
1820 3651 1882 3701 net.
1901 3642 1973 3722 Berg.

591 3744 658 3806 Eue.
675 3742 732 3827 dc.
753 3743 811 3801 inc.
833 3741 930 3804 Guelf.
942 3740 972 3811 A.
989 3764 1018 3821 7.
1036 3761 1081 3805 ιι.
1092 3762 1145 3815 ιι.
1166 3742 1246 3802 Leid.
1255 3765 1281 3802 a.
1293 3764 1318 3802 e.
1332 3766 1360 3825 g.
1372 3764 1403 3807 n.
1423 3746 1598 3825 antiquiores
1608 3746 1695 3809 nivii.
1724 3747 1850 3808 Pauca.
1862 3748 1891 3813 6.
1910 3746 1973 3804 Ball.

591 3846 706 3935 l’amlu.
724 3865 850 3927 praceps
864 3854 928 3904 erat
954 3845 1035 3909 Laid.
1053 3866 1080 3904 a.
1094 3844 1236 3934 Ιο.1ι.ὶ.ιι.
1266 3848 1397 3931 tlusuuri
1411 3838 1496 3908 erunt
1515 3849 1636 3911 verbum
1661 3871 1721 3910 om.
1749 3852 1817 3911 Ecc.
1844 3862 1923 3933 gutte
1939 3856 1973 3909 ut

591 3950 674 4016 Laid.
685 3950 715 4010 d.
726 3950 788 4011 ul.
797 3972 838 4009 m.
849 3970 880 4013 n.
895 3949 1023 4029 *Bem.3.
1043 3951 1236 4028 etsrumtntr'.
1252 3961 1280 4010 ct
1292 3971 1352 4011 om.
1365 3951 1461 4013 Guell.
1473 3958 1501 4014 3.
1522 3954 1555 4013 iu
1570 3954 1686 4014 castello
1706 3954 1826 4016 Iride.
1836 3955 1896 4016 th.
1906 3958 1925 4014 i.
1936 3973 1970 4010 ιιι.

593 4078 624 4117 n.
651 4054 769 4139 Vratgd.
790 4054 886 4113 Guelf.
901 4053 930 4123 Δ.
942 4055 970 4117 6.
983 4076 1011 4134 7.
1025 4076 1053 4134 9.
1068 4075 1113 4117 ιο.
1127 4074 1171 4112 ιι.
1191 4053 1236 4114 vit
1249 4064 1312 4114 erat
1332 4057 1412 4116 Leid.
1424 4058 1453 4117 d.
1462 4079 1503 4116 m.
1515 4080 1546 4118 n.
1567 4060 1698 4125 Manlur.
1718 4060 1864 4138 utrimque
1876 4055 1970 4142 pruci-

592 4161 637 4223 ιω,
647 4158 740 4221 alneu
754 4161 799 4219 ita
810 4156 1025 4238 plurimitlibri.
1041 4156 1185 4236 utrimque
1193 4177 1310 4239 praees.
1330 4178 1363 4218 eo
1380 4160 1473 4221 vinea
1491 4162 1587 4223 Guels.
1597 4165 1626 4224 3.
1642 4162 1799 4242 prucisum
1814 4168 1855 4226 ita
1870 4164 1968 4234 carrio,

592 4264 749 4340 Gruterus,
770 4262 890 4328 Havete.
909 4260 1211 4343 edideruntpruc'uu
1228 4262 1463 4350 nuvemWauii.
1483 4251 1776 4349 utrinqu-praem*
1789 4270 1890 4344 nac.
1908 4284 1968 4329 nm
