4050 5009
1392 454 1397 467 .
1534 392 1608 487 269

93 395 102 622 i
184 531 188 537 .
214 584 291 664 qne
304 561 354 639 de
371 562 504 642 futuro
520 569 724 671 quisquam
738 569 828 646 satis
845 568 1006 645 callidus
1022 570 1185 673 satisque
1205 572 1371 673 prudens
1390 570 1447 645 sit
1497 568 1606 666 Quin

211 684 327 762 etiam
347 714 445 793 soepe
473 718 590 793 prava
616 691 734 796 magis
751 720 869 791 quam
887 694 989 767 bona
1017 694 1173 769 consilia
1197 718 1372 797 prospere
1392 692 1573 767 eveniunt
1597 726 1605 767 ε
1651 708 1654 715 “

208 808 302 910 quia
322 810 523 915 plerasque
542 840 599 891 stes
622 814 777 890 fortuna
798 842 844 891 ex
864 815 1040 893 lubidine
1053 842 1121 891 sua
1140 816 1265 921 agitat.
1314 814 1386 891 Sed
1404 812 1501 890 mihi
1522 832 1602 891 stu·

90 927 95 1051 2
207 930 318 1009 dium
339 934 417 1011 fuis
432 936 717 1015 adulescentulo
742 940 1020 1042 rempublicam
1041 964 1256 1041 capessere:
1282 954 1397 1042 atque
1418 938 1461 1013 in
1482 964 1525 1013 ea
1544 966 1606 1015 co-

91 1101 95 1111 ·
205 1057 420 1159 gnosoenda
438 1060 601 1136 multam
624 1088 878 1167 magnamque
895 1088 1027 1137 curam
1044 1060 1189 1135 habui:
1215 1060 1386 1151 nonita,
1414 1062 1472 1137 uti
1489 1065 1607 1167 magi.

203 1194 368 1255 suatum
381 1182 495 1259 modo
512 1210 685 1285 caperem
700 1211 838 1286 ,quem
851 1184 965 1259 multi
984 1184 1093 1259 malis
1106 1184 1252 1259 artibus
1263 1184 1390 1287 adepti
1404 1202 1529 1261 erant:
1540 1186 1605 1263 sed

201 1302 337 1393 etiam,
359 1305 418 1379 uti
440 1306 717 1409 rempublicam
739 1308 1042 1397 domi,militiae,
1058 1323 1324 1411 quantumque
1345 1309 1480 1397 armis,
1496 1309 1599 1400 viris,

201 1427 402 1529 opulentia
429 1444 578 1531 posset,
602 1432 793 1533 cognitam
821 1430 1034 1505 habuerim.
1085 1434 1219 1533 ltaque
1243 1429 1339 1503 mihi
1362 1430 1483 1505 multa
1514 1458 1603 1507 cum

201 1552 334 1627 animo
358 1553 517 1657 agitanti
541 1554 745 1629 consilium
770 1554 863 1644 suit,
888 1554 1030 1627 famam
1056 1552 1352 1654 modestiamque
1372 1580 1494 1629 meam
1519 1572 1604 1657 post

91 1661 95 1672 ¹
201 1692 311 1753 tuam
327 1675 553 1781 dignitatem
566 1674 730 1768 babere,
752 1692 792 1751 et
807 1678 916 1752 cuius
933 1676 985 1751 rei
1002 1676 1108 1751 lubet
1127 1675 1343 1779 periculum
1357 1676 1497 1767 iacere,
1507 1677 1603 1753 dum

200 1798 299 1902 quid
321 1799 392 1874 tibi
413 1826 459 1875 cx
480 1826 525 1875 eo
545 1800 675 1905 gloriae
696 1800 885 1875 acciderit
929 1800 1051 1902 quue
1070 1826 1150 1873 non
1172 1814 1311 1873 temere
1334 1815 1403 1873 aut
1416 1824 1462 1875 ex
1480 1800 1603 1877 fortud

199 1951 250 1999 na
273 1940 342 1999 tua
361 1922 532 2013 decrevi3
554 1924 619 1999 sed
642 1924 733 2026 quia
749 1922 792 1997 in
813 1938 866 2012 te,
890 1939 1029 2025 praeter
1046 1938 1203 2010 ceteras,
1228 1937 1349 1997 artem
1364 1950 1485 1997 unam
1503 1952 1604 2029 egre-
1632 1964 1645 1977 α

199 2050 258 2152 gie
276 2048 496 2123 mirabilem
508 2048 692 2150 comperi,
717 2070 865 2148 semper
883 2046 953 2119 tibi
968 2046 1151 2119 maiorem
1169 2044 1210 2118 in
1232 2044 1397 2120 advorsis
1415 2074 1533 2149 quam
1559 2049 1601 2123 in

198 2170 376 2247 secundis
405 2170 519 2244 rebus
554 2170 729 2243 animum
752 2194 836 2243 esse
887 2168 959 2242 Sed
985 2194 1054 2270 per
1086 2183 1225 2243 ceteros
1259 2167 1428 2243 mortalis
1455 2168 1520 2243 illa
1544 2194 1601 2245 res

196 2296 342 2371 clarior
357 2310 429 2383 est,
457 2290 562 2396 quod
583 2294 691 2396 prius
710 2290 841 2367 defessi
862 2291 941 2365 sint
960 2288 1134 2365 homines
1172 2289 1365 2367 laudando
1391 2307 1506 2392 atque
1533 2292 1600 2367 ad-

197 2418 377 2494 mirando
390 2416 696 2491 munificentiam
709 2432 834 2505 tuam,
859 2442 978 2517 qimm
998 2430 1042 2487 tu
1062 2412 1249 2501 faciendo,
1274 2438 1359 2513 quae
1379 2413 1497 2517 gloria
1516 2414 1598 2519 ‹lig-

197 2572 247 2619 na
272 2556 405 2617 essent
456 2540 647 2642 Fquidem
666 2536 763 2613 mihi
787 2538 983 2613 decretum
1000 2552 1078 2626 est,
1101 2532 1200 2609 nibil
1223 2550 1300 2609 tam
1321 2563 1367 2611 ex
1388 2536 1465 2611 alto
1491 2566 1624 2642 repe-2

196 2666 265 2741 riri
299 2690 423 2770 posse,
446 2662 553 2768 quod
573 2690 654 2737 non
675 2660 857 2765 cogitanti
877 2659 948 2733 tibi
974 2658 1017 2732 in
1042 2673 1227 2761 promptu
1243 2658 1299 2733 sit
1348 2660 1478 2760 Neque
1507 2688 1597 2765 ego,

196 2786 375 2891 quaevisa
395 2803 511 2878 suat,
531 2784 580 2863 de
593 2784 791 2891 republica
813 2783 884 2857 tibi
903 2781 1054 2884 scripsi,
1081 2781 1172 2883 quia
1198 2778 1295 2855 mihi
1317 2783 1520 2857 consilium
1540 2801 1597 2857 ate

196 2936 273 3013 que
289 2905 489 3011 ingenium
505 2929 635 2979 meum
657 2906 821 3007 amplius
841 2930 952 3007 aquo
968 2904 1196 3006 probaretur
1216 2936 1224 2977 ε
1249 2902 1314 2977 sed
1336 2904 1436 2979 inter
1452 2905 1598 2983 labores

194 3032 356 3120 militia,
373 3030 550 3130 interque
560 3025 692 3130 praelia
704 3082 716 3115 ,
729 3028 920 3117 victorias,
938 3026 1161 3129 imperium,
1177 3026 1292 3101 statui
1310 3025 1597 3105 admonendum

197 3171 234 3231 te
254 3154 304 3231 de
320 3150 481 3255 negotiis
502 3150 670 3225 urbanis
719 3152 894 3251 Namque
914 3148 985 3223 tibi
1013 3149 1045 3223 si
1076 3148 1116 3223 id
1138 3148 1252 3223 modo
1280 3149 1320 3223 in
1340 3167 1491 3259 pectore
1505 3178 1597 3228 com

192 3278 269 3353 sitii
290 3292 369 3365 est,
394 3273 456 3349 uti
473 3289 511 3349 te
539 3273 590 3347 ab
627 3271 874 3347 inimicorum
906 3271 1054 3372 impetu
1088 3269 1284 3361 sardinas,
1304 3282 1458 3375 quoquo
1482 3275 1600 3351 modo

195 3418 331 3477 sonu-a
354 3399 559 3474 advorsum
568 3395 772 3471 Consulem
792 3392 975 3469 beneficia
992 3391 1133 3495 ροριιΙί·
1141 3392 1301 3467 retineas
1319 3428 1327 3468 ε
1353 3396 1596 3499 indigna-vir-

195 3540 278 3600 tute
299 3540 365 3598 tua
383 3522 529 3625 cogites.
580 3518 708 3593 Sinin
728 3534 765 3593 te
782 3517 848 3591 ille
872 3516 1023 3591 animus
1054 3530 1125 3602 cst,
1151 3515 1224 3617 qui.
1251 3515 1327 3591 iam
1356 3544 1376 3591 a
1404 3518 1596 3623 principio

195 3646 409 3723 nobilitatis
425 3642 631 3719 factionem
650 3640 894 3729 disturbavit,
918 3638 1074 3742 plebem
1095 3640 1308 3713 Romanam
1331 3666 1376 3715 ex
1393 3641 1496 3745 gravi
1521 3668 1595 3719 ser-

195 3772 315 3846 vitute
329 3768 373 3844 in
392 3766 608 3843 libertatem
633 3764 817 3853 restituit,
842 3763 884 3837 in
900 3778 1066 3865 praetura
1090 3760 1339 3839 inimicorum
1354 3790 1458 3839 arma
1495 3766 1594 3841 iner-

197 3894 268 3970 mis
289 3891 459 3985 disiecit3
480 3887 589 3964 domi
601 3886 824 3989 militiaeque
849 3900 955 3958 tanta
976 3898 1016 3958 et
1041 3898 1118 3957 tam
1143 3884 1324 3989 preclara
1348 3886 1518 3965 facinora
1542 3888 1594 3965 se-

802 4110 840 4149 er
870 4108 916 4149 το
926 4107 969 4148 aa·
1006 4087 1061 4149 Π..

279 4202 352 4284 Cap.
368 4222 396 4263 r.
414 4198 499 4260 ἀοηιί
514 4198 627 4261 militia
644 4199 685 4259 its
697 4090 830 4257 sauia
841 4108 916 4253 liris.
936 4212 991 4271 qus
1002 4194 1120 4252 omino
1148 4190 1297 4271 cognitam
1318 4192 1470 4255 imbuerint
1491 4215 1599 4258 unnss·

199 4308 277 4369 tuit.
296 4308 436 4369 tatmm
447 4306 547 4385 volgo
566 4300 680 4383 glorios
696 4300 846 4363 condect
860 4299 961 4379 vales.
981 4295 1125 4359 occiderit
1144 4295 1228 4362 rur.
1249 4316 1338 4377 neque
1352 4302 1528 4375 sajonum
1548 4301 1589 4361 id.
