4050 5009
603 360 671 434 ¹90
694 390 696 397 ·

597 516 771 593 laborare
790 534 861 609 ,ut
890 516 950 592 illi
979 544 1098 619 quam
1121 517 1280 621 plurimi
1301 516 1510 593 delerent:
1536 518 1617 594 ioca
1645 534 1761 621 utque
1786 514 1987 591 seriarum

595 638 837 717 humillumis
855 668 980 747 agere:
1005 642 1047 715 in
1062 624 1314 745 operibus,'in
1331 643 1480 747 agmine
1494 660 1609 746 atque
1627 642 1677 717 ad
1694 640 1839 747 vigilias
1853 636 1988 712 multus

595 765 743 843 edente:
775 790 900 868 neque
931 764 1103 856 interim,
1128 764 1234 866 quod
1258 792 1373 867 prava
1400 766 1558 840 ambitio
1588 765 1699 854 solet,
1724 764 1895 841 Consulis
1927 774 1989 834 aut

596 890 822 992 cuiusquam
842 888 935 964 honi
962 890 1104 963 famam
1120 888 1279 963 loedere:
1306 888 1571 967 tautummodo
1596 915 1721 991 neque
1740 886 1898 964 consilio
1917 910 1989 957 ne·

595 1038 671 1115 que
699 1038 817 1087 manu
838 1012 1004 1115 priorem
1028 1012 1149 1085 aliurn
1175 1012 1284 1115 pati:
1309 1012 1508 1118 plerosque
1535 1012 1760 1087 antevenire„
1812 1008 1909 1107 Quis
1934 1034 1986 1081 m·

545 1166 583 1227 97
596 1137 668 1212 bus
696 1152 735 1211 et
768 1136 913 1211 artibus
939 1135 1044 1209 brevi
1073 1135 1196 1209 Mario
1228 1134 1488 1237 militibusque
1516 1136 1740 1211 carissumus
1768 1135 1898 1209 laetus.
1946 1137 1989 1205 At

593 1258 1019 1365 Iugurtha‚postquam
1039 1259 1227 1364 oppidum
1260 1262 1420 1363 Capsam
1447 1259 1616 1361 aliosque
1639 1258 1739 1333 locos
1764 1247 1932 1334 munitos
1957 1274 1989 1332 et

591 1385 664 1460 sibi
695 1383 827 1471 utiles,
859 1381 1038 1457 simulet
1071 1408 1249 1487 magnam
1278 1382 1483 1485 pecuniam
1506 1383 1698 1470 amiserat,
1722 1382 1772 1457 ml
1804 1382 1989 1458 Bocchum

544 1520 548 1529 ’
593 1507 756 1585 nuncios
786 1506 923 1595 mittit,
957 1533 1075 1608 quam
1106 1508 1277 1610 primum
1302 1507 1344 1581 in
1372 1505 1594 1581 Numidiam
1619 1507 1745 1610 copias
1769 1506 1988 1582 adduceret:

594 1630 718 1734 praelii
749 1629 921 1705 faciundi
955 1645 1102 1733 tempus
1140 1630 1273 1705 adesse.
1324 1630 1451 1727 Quem
1481 1630 1550 1716 ubi
1579 1631 1753 1705 cunctari
1783 1631 1930 1735 accepit
1957 1645 1989 1704 et

592 1753 756 1829 dubium
771 1753 861 1828 belli
882 1769 997 1855 atque
1016 1753 1120 1856 pacis
1142 1754 1305 1829 rationes
1325 1752 1494 1829 trahere:
1512 1779 1659 1844 rumas,
1676 1754 1735 1828 uti
1751 1770 1884 1846 antea,
1899 1781 1990 1858 upro·

591 1904 723 1953 xumos
745 1877 825 1953 eius
853 1874 963 1951 donis
994 1877 1227 1979 corrumpit,
1253 1877 1400 1982 ipsique
1422 1879 1559 1952 Mauro
1581 1877 1786 1981 pollicetur
1805 1879 1987 1953 Numidiae

576 2018 740 2104 ,purtem
761 1999 929 2089 tertiam,
962 1999 994 2073 si
1026 2015 1096 2075 aut
1120 2002 1283 2076 Romani
1306 2001 1434 2079 Africa
1459 2000 1626 2105 expulsi,
1651 2018 1720 2076 aut
1741 2002 1897 2108 integris
1918 2002 1987 2077 suis

590 2126 754 2214 linibus,
779 2122 926 2198 bellurn
952 2124 1203 2227 compositum
1224 2124 1330 2201 foret
1372 2127 1430 2201 Eo
1462 2124 1619 2228 praemio
1641 2125 1804 2201 inlectus
1828 2124 1988 2202 Bocchus

589 2277 680 2327 cum
695 2274 833 2351 magna
853 2246 1104 2322 multitudine
1127 2247 1352 2353 Iugurtham
1372 2249 1524 2323 aceedit
1563 2252 1620 2325 Ita
1634 2248 1836 2324 amborum
1855 2248 1987 2326 exerci-

591 2392 639 2451 tu·
651 2375 874 2461 coniuncto,
899 2371 1166 2447 Mariumiam
1186 2372 1227 2449 in
1248 2371 1743 2475 hibernaproficisoentem,
1766 2374 1829 2449 vix
1847 2374 1984 2451 decima

589 2514 697 2602 parte
728 2496 791 2571 die
819 2494 991 2597 reliqua,
1013 2496 1220 2585 invadunt,
1259 2496 1332 2571 rati
1361 2512 1530 2585 noctem,
1560 2523 1647 2599 quoe
1674 2498 1750 2571 iam
1779 2498 1928 2588 aderat,
1952 2514 1985 2571 et

590 2622 697 2698 victis
722 2620 795 2694 sibi
823 2619 1064 2695 munimento
1089 2619 1187 2711 sore3
1212 2636 1265 2710 et,
1290 2620 1321 2694 oi
1350 2620 1542 2709 vicissent,
1567 2620 1677 2696 nullo
1700 2620 1982 2725 impedimento,

591 2748 683 2848 quia
713 2745 885 2818 locorum
913 2742 1070 2817 scientes
1093 2759 1229 2818 erunt:
1254 2760 1387 2831 contra
1412 2743 1590 2817 Romanis
1620 2748 1828 2846 utrumque
1862 2774 1981 2821 cesum

592 2867 818 2945 intenebris
850 2866 1102 2942 difficiliorem
1129 2866 1218 2942 fore.
1263 2866 1383 2969 {gitur
1403 2864 1517 2940 simul
1543 2867 1685 2941 Consul
1716 2894 1762 2941 ex
1785 2868 1915 2944 multis
1938 2869 1980 2943 de

589 3090 724 3153 ‹rt-nullo
742 3108 843 3171 rapere
861 3089 930 3171 leg.
951 3088 1048 3149 Turic.
1070 3108 1167 3169 nupr.
1189 3088 1272 3151 Fabr.
1284 3110 1309 3153 ι.
1330 3112 1370 3148 m.
1385 3111 1430 3171 pr.
1449 3089 1613 3155 2.''l'rat.3.
1633 3090 1700 3151 Eec.
1722 3091 1820 3158 Guell.
1835 3095 1864 3165 l.
1879 3115 1924 3161 ro,
1937 3115 1977 3154 ιι.

587 3198 717 3280 priorem
728 3196 829 3258 alium.
850 3195 942 3253 olium
961 3214 1023 3253 orn.
1042 3193 1066 3251 F
1066 3193 1156 3252 ebrie.
1176 3192 1276 3271 probus
1289 3194 1373 3253 rebus
1390 3204 1418 3252 et
1429 3195 1547 3254 ortibus
1560 3193 1646 3255 brevi.
1658 3197 1698 3254 itu
1710 3202 1812 3279 vulgo.
1830 3200 1893 3277 quis
1906 3199 1978 3259 rebus

589 3304 688 3363 Guell.
701 3306 728 3365 3.
747 3300 875 3378 (omissis
886 3307 916 3356 et
931 3296 1063 3373 artibus.)
1085 3296 1185 3375 quibus
1195 3298 1306 3356 artibus
1323 3297 1428 3358 Frunc.
1449 3298 1655 3359 duol'utselrii.
1674 3301 1743 3361 libri
1758 3302 1848 3385 Cypr.
1863 3306 1976 3386 Popme⁴

587 3411 684 3489 pleros
706 3404 876 3466 antevenire
895 3402 978 3461 Bern.
997 3422 1022 3467 ι.
1033 3402 1210 3478 sactusfitit
1229 3403 1325 3462 Guell.
1339 3423 1364 3461 ι.
1376 3412 1417 3461 est
1437 3423 1538 3462 omnes
1551 3404 1628 3465 llirii
1645 3407 1791 3485 ignorant.

672 3532 746 3613 Cap.
761 3556 810 3613 97.
832 3534 949 3591 (hereret
970 3530 1116 3590 Commel.
1137 3529 1285 3591 mlducerc
1304 3530 1401 3594 Guell.
1421 3554 1445 3590 ι.
1468 3533 1566 3591 Nazar.
1583 3534 1669 3592 Palat.
1687 3554 1713 3593 u.
1727 3558 1754 3615 7.
1776 3540 1910 3598 cunctari
1922 3560 1973 3596 om.

590 3660 666 3701 unus
679 3639 791 3697 Wnssii.
808 3634 949 3696 cunctari
969 3633 1081 3715 accepit
1101 3644 1130 3693 et
1143 3636 1212 3695 decb.
1232 3636 1300 3695 vin.
1322 3636 1384 3694 Bes.
1404 3658 1428 3694 ι.
1452 3635 1541 3695 Aead.
1562 3636 1643 3719 Berg.
1665 3637 1762 3697 Guell.
1778 3640 1809 3701 3.
1826 3662 1974 3721 proxumos

590 3746 757 3823 eiurpron.
778 3763 839 3799 orn.
861 3738 971 3801 Febric.
991 3740 1071 3799 Vrat.
1087 3759 1114 3797 2.
1134 3741 1265 3819 corrupit
1285 3742 1417 3801 meliores
1435 3740 1561 3800 Gruteri.
1581 3742 1755 3806 llark.r.A.
1776 3745 1895 3807 inlectus
1919 3748 1970 3806 Bau

594 3872 621 3909 1.
641 3847 749 3927 ipson
761 3844 878 3905 nomn
898 3835 1412 3924 nu.‹te.r.g.t.1.m.n..0nm
1438 3823 1530 3904 coin
1553 3847 1675 3926 aequor.
1706 3848 1761 3927 uo·
1776 3850 1821 3909 m
1835 3852 1899 3935 reg.
1919 3862 1973 3911 ro-

591 3954 664 4013 liom
681 3958 796 4031 portem
816 3946 915 4018 Book.
937 3946 1006 4027 Τις.
1026 3945 1122 4005 Turio.
1144 3948 1227 4011 Bern.
1249 3970 1274 4007 ι.
1289 3950 1356 4007 oie
1370 3950 1484 4009 decima
1498 3960 1584 4030 porte
1599 3949 1649 4008 dic
1670 3950 1781 4030 reliqua
1803 3956 1897 4043 Guell.
1911 3964 1934 4020 5.
1945 3978 1970 4035 9.

595 4078 641 4117 ιι.
668 4056 748 4115 Leid.
764 4075 791 4111 u.
806 4052 837 4111 b.
849 4075 874 4114 c.
888 4052 918 4109 d.
930 4072 955 4108 e.
971 4051 999 4114 l.
1011 4053 1032 4109 1.
1046 4072 1087 4109 m.
1109 4053 1161 4111 elr.
1190 4052 1256 4111 lut.
1282 4052 1358 4112 Gell.
1377 4076 1407 4134 9.
1425 4056 1470 4123 ¹4·
1500 4055 1641 4117 Markll.
1663 4078 1764 4137 nnpr.
1786 4060 1971 4142 Popnroeom-

591 4183 651 4228 net.
672 4170 699 4219 et
720 4159 803 4221 vietis
823 4156 885 4215 Bas.
897 4177 921 4214 ι.
944 4160 1045 4215 Frauc.
1067 4156 1126 4214 inc.
1144 4177 1169 4215 r.
1191 4156 1274 4215 Rem.
1294 4158 1389 4218 Strur.
1405 4158 1657 4241 Berg.Guell.12.
1678 4162 1754 4220 nulli
1766 4164 1872 4244 impul.
1885 4168 1968 4227 Gucll.

593 4291 622 4353 7.
643 4266 730 4347 (ἧψε.
743 4282 800 4323 csse
822 4258 968 4321 taonem.
989 4259 1091 4322 inoere
1106 4279 1134 4318 a.
1146 4259 1252 4319 Guell.
1266 4282 1311 4321 ιι.
1325 4280 1446 4323 1²..nec
1459 4264 1534 4339 sere
1548 4284 1605 4324 uec
1620 4286 1684 4325 este
1697 4283 1859 4349 agnoscunt
1876 4275 1935 4335 Seu.
1946 4294 1967 4329 ι.
