4050 5009
490 304 561 375 236

488 480 619 581 Neque
640 480 744 555 enim
765 477 980 584 ignorantia
1001 504 1058 555 res
1078 479 1231 554 claudit
1264 482 1409 555 Verum
1434 473 1632 579 occupavit
1652 470 1776 547 nescio
1808 494 1887 571 qua

489 629 553 679 vos
572 602 747 707 torpedo,
771 602 839 705 qui
862 628 940 677 non
963 602 1083 707 gloria
1103 582 1307 677 movemini
1330 626 1455 703 neque
1479 597 1644 701 flagitio,
1665 608 1891 692 cunctaque

491 727 667 835 praesenti
692 726 841 829 ignavia
870 725 1104 815 mutavistis,
1135 725 1290 800 abunde
1310 723 1524 799 libertatem
1545 719 1634 808 rati,
1659 718 1749 820 quia
1775 716 1892 819 tergis

492 849 707 924 abstinetur
729 866 768 923 et
787 846 866 922 buc
887 849 942 922 ite
972 848 1061 923 licet
1084 866 1121 923 et
1146 850 1257 939 illuc,
1281 852 1440 923 munera
1465 845 1604 920 ditium
1627 840 1890 917 dominorum.
1989 842 1990 937 l

492 976 618 1075 Atque
638 970 718 1046 haec
735 972 866 1047 eadem
887 998 967 1045 non
979 988 1070 1046 sunt
1086 973 1309 1075 agrestibus3
1333 969 1396 1044 sed
1412 968 1613 1042 oaeduntur
1633 965 1734 1039 inter
1753 980 1895 1069 poten·

495 1096 593 1171 tium
611 1094 833 1170 inimicitias
849 1094 1027 1196 donoque
1051 1093 1196 1169 dantur
1217 1095 1258 1168 in
1281 1090 1495 1196 provincias
1512 1088 1802 1192 magistratibus.
1838 1088 1896 1160 Ita

493 1232 692 1324 pugnatur
711 1234 749 1293 et
772 1217 941 1292 vincitur
953 1218 1100 1321 paucis:
1115 1217 1257 1321 plebes,
1273 1214 1541 1319 quodcumque
1561 1210 1715 1301 accidit,
1730 1236 1805 1313 pro
1820 1210 1898 1283 vic·

495 1343 542 1417 tis
567 1358 678 1416 estet
698 1341 739 1413 in
764 1339 843 1414 dies
862 1341 979 1446 magis
1004 1341 1101 1415 erit:
1126 1341 1157 1413 si
1185 1339 1341 1443 quidem
1370 1338 1511 1412 maiore
1543 1363 1634 1413 cura
1664 1335 1898 1411 dominatio·

495 1491 584 1540 nem
608 1464 666 1538 illi
688 1463 935 1554 retinuerint,
961 1490 1078 1565 quam
1100 1488 1162 1537 vos
1186 1462 1430 1565 repetiveritis
1449 1462 1669 1537 libertatem.

584 1593 640 1661 23.
667 1590 870 1687 Postquam
886 1590 1052 1690 egressus
1075 1586 1271 1689 angustias.
1288 1630 1338 1645 -·
1364 1592 1419 1678 24.
1444 1584 1503 1659 Ad
1530 1582 1707 1685 Cyzicum
1725 1581 1900 1686 porrexit

499 1709 670 1783 firmatus
688 1708 817 1781 animi.
842 1752 892 1765 —
920 1707 974 1782 25.
1000 1710 1053 1782 Ut
1070 1708 1253 1783 sustinere
1281 1734 1438 1810 corpora
1459 1706 1632 1811 plerique
1660 1722 1900 1808 nequeuntes
1989 1716 1990 1793 l

499 1831 632 1929 [sessi]
658 1857 763 1905 arma
785 1856 852 1904 sua
872 1829 1034 1931 quisque
1056 1846 1157 1904 stans
1178 1829 1424 1906 incumberet.
1448 1874 1499 1890 -
1524 1831 1580 1902 26.
1609 1832 1661 1905 Ac
1684 1830 1816 1904 statim
1839 1828 1899 1903 fu·

501 1954 624 2057 giuti,
650 1970 785 2029 contra·
804 1968 1038 2057 proeceptum
1053 1952 1179 2042 ducis,
1203 1980 1335 2056 rapere
1354 1953 1404 2028 ad
1428 1958 1605 2055 stuprutn
1632 1952 1796 2055 virgines
1821 1980 1900 2026 ma-

503 2092 715 2178 tronasque.
740 2124 791 2137 --
815 2101 873 2172 27.
897 2073 1049 2171 Quibus
1068 2101 1089 2148 a
1117 2074 1467 2178 Sertoriotriplices
1489 2074 1635 2151 insidiae
1656 2101 1725 2178 per
1743 2075 1900 2151 idoneos

501 2178 618 2273 saltus
643 2199 773 2303 positae
788 2213 924 2271 erantr
948 2196 1088 2299 prima,
1115 2196 1183 2299 qui
1203 2196 1299 2272 forte
1323 2198 1512 2273 venientes
1533 2198 1820 2301 exciperent-
1847 2202 1898 2273 28.

420 2324 426 2331 ’
502 2326 641 2426 Ingens
663 2321 741 2424 ipse
758 2319 909 2396 ¹virium
942 2335 1057 2421 atque
1085 2318 1213 2395 animi.
1237 2362 1288 2376 ·-
1312 2314 1368 2415 2'9.
1389 2322 1533 2395 Locum
1556 2320 1727 2413 nullum,
1756 2322 1832 2398 nisi
1859 2323 1898 2395 in

505 2471 583 2549 quo
606 2443 744 2519 armati
769 2442 1001 2517 institissent
1024 2486 1075 2503 -
1108 2448 1164 2517 to.
1190 2446 1239 2515 At
1263 2442 1412 2545 Oppius
1437 2458 1639 2546 postquam
1658 2470 1771 2520 orans
1799 2442 1897 2523 nibil

505 2564 751 2671 proficiebat,
788 2563 921 2639 timide
940 2579 1041 2638 veste
1072 2578 1213 2639 tectum
1238 2564 1445 2669 pugionem
1466 2564 1642 2668 expedire
1670 2585 1846 2658 conante,
1877 2594 1897 2639 a

508 2693 618 2766 Cotta
653 2687 869 2790 Vulcioque
898 2686 1116 2790 impeditur.
1159 2728 1207 2745 -
1243 2688 1536 2789 51.Castrisque
1566 2687 1738 2779 collatis,
1773 2716 1898 2796 pugna

509 2828 637 2886 tamen
666 2810 818 2913 ingenio
848 2808 923 2883 loci
946 2805 1230 2912 prohibebatur.
1256 2854 1307 2868 —
1338 2814 1393 2883 52.
1419 2810 1491 2884 Sed
1510 2812 1708 2915 Pompeius
1733 2841 1754 2887 a
1779 2815 1897 2918 prima

373 3032 378 3043 Ι
510 2931 784 3024 adulescentia,
806 2956 978 3009 sermone
1005 2931 1202 3007 fautorum
1224 2930 1386 3008 similem
1406 2932 1487 3009 fore
1510 2958 1548 3008 se
1569 2934 1724 3012 credens
1741 2938 1896 3015 Alexan·

509 3176 561 3219 vot
581 3155 677 3218 nescrb
698 3160 874 3239 querutgo.
894 3155 964 3235 quia
977 3153 1147 3235 maglorio
1164 3155 1257 3216 vatic.
1277 3154 1331 3235 qui
1347 3155 1505 3217 nonFabr.
1525 3154 1600 3218 Bric.
1627 3156 1735 3219 scilicet
1756 3158 1824 3239 qrtio
1842 3168 1897 3217 ter·

508 3262 554 3341 gia
571 3261 732 3323 abstinetur
748 3263 789 3320 ita
811 3260 986 3321 baclaudat
1001 3259 1162 3323 simler.
1177 3261 1296 3335 15215.
1316 3259 1445 3321 uincitur
1456 3280 1475 3319 o
1484 3261 1597 3340 paucis.
1614 3261 1755 3325 adolevit
1773 3264 1895 3331 Cortirm

510 3376 586 3427 recte
603 3366 713 3425 iactum
732 3363 843 3424 iudice.
1829 3376 1849 3394 ‘

513 3469 562 3529 rt.
583 3468 619 3529 C.
631 3474 677 3530 Fr.
690 3488 878 3551 optumum·
900 3467 946 3538 ad.
966 3466 1011 3526 id.
1026 3470 1112 3543 firm.
1132 3498 1174 3515 -
1196 3468 1243 3528 25.
1264 3467 1306 3534 id.
1328 3468 1455 3529 irteumb.
1475 3469 1525 3530 ted
1543 3469 1655 3531 butant
1671 3469 1779 3544 habet,
1799 3489 1896 3554 perpe-

511 3592 591 3645 ram3
603 3572 680 3648 sessi
695 3593 783 3633 ormo
797 3592 851 3632 rua
864 3571 981 3650 quoque
993 3580 1102 3632 stantes
1120 3568 1284 3631 ineuntem
1302 3571 1380 3636 Serv.
1401 3571 1519 3653 Aenq,
1540 3592 1608 3655 ²²9·
1629 3606 1670 3623 -
1701 3576 1750 3635 26.
1770 3576 1844 3639 Non.
1862 3574 1893 3644 6,
1989 3548 1990 3643 l

513 3676 614 3747 kl..-
637 3694 684 3756 ²7·
704 3675 936 3754 quibua-prima
954 3676 1033 3737 Serv.
1048 3670 1153 3756 Georg-
1168 3692 1204 3747 2,
1222 3675 1278 3757 983
1289 3686 1380 3736 cetera
1398 3676 1479 3755 apud
1495 3674 1621 3737 eundem
1640 3679 1760 3740 adden.
1773 3702 1804 3741 rr
1814 3677 1892 3759 ,89t
1989 3658 1990 3675 Χ

513 3783 660 3861 leguntur.
678 3778 729 3838 sed
742 3776 840 3839 Codd.
866 3800 956 3861 quam
977 3778 1103 3839 maxime
1124 3778 1250 3851 variant,
1278 3777 1385 3859 primo.
1399 3780 1490 3855 sonte
1511 3784 1617 3861 passim
1635 3786 1781 3863 leguntur.
1809 3784 1894 3868 primo

513 3883 601 3943 antae
620 3901 721 3945 rerum
738 3902 805 3956 erte,
826 3881 896 3941 inde
911 3892 1010 3962 patet,
1030 3881 1111 3962 quod
1127 3881 1240 3944 Servius
1257 3879 1341 3943 hunc
1357 3885 1458 3943 locum
1478 3882 1619 3961 laudarit,
1636 3897 1669 3947 ut
1685 3887 1794 3949 insidia
1806 3893 1893 3970 singu·
1989 3946 1990 3977 p

515 3987 570 4046 lari
587 4004 710 4045 nurnero
728 3985 883 4047 esuritio
906 3986 1018 4046 dictum
1032 4003 1090 4045 etse
1108 3984 1321 4066 comprobaret.
1340 4018 1382 4035 ·-
1404 3986 1451 4049 28.
1472 3985 1509 4048 C.
1522 3988 1570 4048 Fr.
1591 3989 1652 4070 ing.
1666 4024 1708 4040 -
1729 4014 1777 4075 ²9·
1785 3994 1824 4056 id.
1836 3994 1891 4055 tut

433 4124 439 4135 ·
516 4087 901 4181 -3o.Non.18,9.-
930 4094 978 4153 31.
999 4087 1171 4162 td.t,235.
1190 4122 1231 4138 -
1260 4089 1308 4154 32.
1329 4089 1372 4150 id.
1392 4090 1431 4166 4,
1456 4096 1502 4156 25.
1523 4092 1576 4155 ubi
1599 4108 1736 4178 corrupte
1759 4098 1891 4161 emrtlolut
1989 4148 1990 4155 ,

518 4194 625 4277 legitur
641 4192 740 4275 cinq,
757 4194 804 4256 rb.
823 4225 865 4245 ·-
885 4194 934 4257 tt.
955 4190 991 4253 C.
1006 4196 1054 4255 Fr.
1074 4193 1144 4254 dub.
1161 4225 1203 4247 -ι
1223 4192 1273 4265 34.
1300 4192 1342 4255 id.
1359 4202 1440 4275 grot‘.
1459 4227 1502 4259 -a
1529 4198 1578 4263 st.
1598 4198 1677 4263 Nou.
1691 4202 1727 4278 d,
1742 4200 1782 4279 ὅς
1801 4198 1888 4267 sedibi
