4050 5009
439 373 509 423 222
591 436 595 443 Ι

437 526 596 603 hortor:
621 553 699 603 neu
714 526 960 632 prolatandis
978 522 1226 603 seditionibus
1252 528 1517 634 inquies'ipse,
1532 555 1611 607 ‘nos
1623 529 1676 605 'in
1688 524 1835 605 sollici·

437 650 574 727 tudine
596 652 766 726 attinens.
804 651 935 753 Neque
957 650 1233 753 teprovineiae,
1259 678 1382 754 neque
1408 655 1521 759 leges,
1545 679 1670 757 neque
1703 652 1744 728 di
1769 677 1836 757 pe·

434 789 542 853 notes
561 774 914 878 cirempatiuntur.
953 778 1086 879 Perge,
1111 802 1186 877 qua
1208 793 1371 877 coeptas,
1395 787 1576 873 utquam
1597 786 1836 845 maturrume

434 897 570 972 merita
596 898 774 972 invenias.
821 901 898 971 Vos
925 914 1073 986 autem,
1098 900 1223 971 Patres
1250 896 1472 999 conscripti,
1498 921 1696 998 quousque
1717 919 1838 969 cunc·

436 1020 554 1095 tando
576 1021 855 1125 rempublicam
883 1021 1051 1095 intutam
1061 1020 1287 1122 patiemini,
1310 1036 1348 1095 et
1367 1018 1488 1095 verbis
1510 1046 1615 1092 amna
1637 1016 1839 1121 temptabi-

436 1142 508 1219 tis?
523 1143 1012 1220 'Delectusadvorsumvos
1030 1141 1179 1217 babiti:
1208 1143 1380 1247 pecuniae
1410 1141 1561 1244 publice
1595 1158 1634 1217 et
1655 1142 1839 1245 privatim

433 1282 606 1355 extortae;
629 1266 803 1370 praesidio
825 1267 987 1343 deducte
1011 1281 1127 1367 atque
1151 1264 1344 1368 imposita3
1367 1292 1414 1340 ex
1437 1263 1612 1340 lubidine
1639 1264 1735 1371 leges
1767 1266 1840 1341 im-

425 1371 634 1493 ¹peruritur3
662 1418 785 1493 quum
806 1390 961 1465 interim
981 1413 1045 1463 vos
1064 1388 1202 1491 legatos
1228 1404 1267 1464 et
1283 1384 1432 1465 decreta
1451 1388 1600 1493 parutis.
1625 1389 1676 1463 Et
1688 1406 1839 1492 quanto

433 1511 669 1603 mehercule,
706 1512 850 1588 avidius
879 1538 1012 1615 pacem
1030 1511 1236 1615 petieritis,
1272 1527 1379 1587 tanto
1403 1512 1551 1587 bellum
1580 1512 1703 1589 acrius
1732 1516 1836 1605 erit,

433 1663 557 1739 quum
576 1636 782 1738 intelleget,
804 1661 844 1711 se
863 1651 969 1711 metu
990 1633 1107 1737 magis
1126 1661 1244 1735 quam
1258 1660 1369 1737 ecquo
1393 1652 1432 1711 et
1450 1637 1554 1713 bono
1572 1654 1837 1715 sustentatum.

433 1760 531 1833 Nam
553 1758 621 1860 qui
641 1759 782 1833 turbas
807 1773 848 1833 et
871 1758 1013 1833 caedem
1039 1757 1182 1832 civium
1214 1758 1332 1834 odisse
1358 1760 1431 1850 uit,
1454 1777 1493 1836 et
1526 1761 1576 1835 ob
1604 1762 1659 1849 id,
1686 1782 1839 1838 armato

431 1880 594 1985 Ilepido,
617 1906 680 1956 vos
693 1881 865 1955 'inermos
884 1880 1047 1955 retinet:
1071 1881 1275 1982 queerictis
1297 1882 1493 1959 toleranda
1515 1903 1622 1973 sunt,
1637 1912 1698 1976 ea,
1711 1914 1858 1989 quum.

424 2003 557 2081 ¹fucere
568 2004 744 2109 possitis,
772 2003 974 2106 patiamini
999 2003 1130 2107 potius
1150 2020 1294 2080 censet
1349 2010 1406 2081 Ite
1428 2007 1487 2082 illi
1510 2036 1533 2083 u
1553 2010 1657 2085 robis
1676 2037 1837 2113 pacem,

421 2128 537 2203 robis
562 2128 612 2203 ab
644 2126 711 2201 illo
737 2126 884 2201 bellum
902 2126 1056 2201 ssuadet.
1108 2129 1198 2203 Haec
1224 2129 1255 2203 si
1275 2129 1457 2231 *placent3
1489 2133 1520 2205 si
1545 2150 1651 2207 tanta
1678 2137 1837 2239 torpedo

418 2252 579 2329 ‚animos
601 2250 811 2355 oppressit,
836 2265 883 2325 ut
902 2249 1013 2325 obliti
1032 2250 1215 2325 scelerum
1245 2253 1395 2344 Cinnae,
1420 2256 1529 2330 cuius
1553 2257 1594 2331 in
1612 2258 1747 2333 urbem
1778 2288 1837 2335 re·

416 2375 518 2450 dim
540 2374 653 2449 decus
677 2370 822 2449 ordinis
845 2370 962 2447 buius
989 2372 1155 2485 interiit,
1191 2371 1443 2451 nihilominus
1472 2404 1534 2452 vos
1562 2395 1678 2481 atque
1699 2383 1836 2459 coniu-

419 2523 492 2600 gges
511 2513 549 2572 et
567 2497 705 2572 liberos
722 2494 865 2598 Lepido
877 2495 1096 2609 permissuri
1116 2495 1212 2588 sitis3
1228 2497 1323 2599 quid
1339 2524 1433 2603 opus
1450 2501 1629 2579 decretis?
1654 2504 1835 2607 quidcu-

430 2621 524 2695 xilio
550 2620 701 2695 caralit
741 2618 840 2721 quin
867 2618 897 2692 is
922 2634 961 2694 et
991 2619 1058 2693 alii
1085 2619 1179 2693 boni
1210 2623 1483 2725 rempublicam
1510 2625 1649 2702 frustm
1674 2650 1833 2706 :curant

432 2744 556 2847 Agite,
578 2744 637 2819 uti
662 2742 789 2835 lubet3
810 2756 942 2845 parate
964 2742 1073 2817 robis
1088 2741 1250 2847 ,Cethegi
1273 2761 1388 2849 atque
1405 2746 1481 2822 alia
1495 2750 1741 2852 proditorum
1756 2782 1835 2859 pa-

422 2866 618 2953 trocinia,
655 2866 724 2967 qui
744 2865 898 2969 rapinas
924 2880 964 2939 et
996 2866 1176 2941 incendia
1199 2866 1410 2946 instaurare
1431 2873 1596 2976 cupiunt
1629 2891 1667 2950 et
1701 2903 1832 2955 rursus

422 2989 634 3065 advorsum
655 2988 743 3064 deos
763 3005 917 3093 penates
934 3014 1070 3063 manus
1102 3016 1259 3066 armare.
1297 2991 1364 3069 Sin
1383 2992 1592 3071 libertaset
1609 3024 1694 3073 vera
1714 3004 1833 3105 magis

422 3114 602 3217 ·plocent;
626 3112 815 3188 decernite
840 3111 956 3215 digna
981 3113 1154 3203 nomine,
1177 3128 1216 3189 et
1242 3131 1373 3218 augete
1395 3116 1591 3223 ingenium
1608 3121 1697 3199 viris
1720 3124 1831 3203 forti·

429 3238 516 3313 bue.
563 3235 677 3311 Adest
704 3260 824 3311 novus
853 3235 1052 3327 exercitus,
1078 3232 1128 3311 ad
1151 3235 1226 3313 boc
1250 3238 1410 3315 coloniae
1429 3258 1608 3319 ueterum
1633 3246 1829 3344 militum,

435 3444 470 3501 in
486 3441 682 3502 sollieitudine
693 3440 817 3501 ottr'nccr
833 3450 917 3502 retus
928 3438 1014 3499 'Edit
1036 3450 1065 3501 et
1080 3440 1190 3503 Fabric.
1212 3442 1336 3504 retineas
1354 3446 1449 3505 ceteri.
1466 3465 1554 3527 perge
1578 3470 1636 3528 quo
1656 3463 1769 3533 coeptas
1788 3460 1829 3517 sic

434 3566 539 3607 omncs
561 3544 639 3604 libri.
660 3544 777 3624 coepisti
788 3544 883 3604 odiu.
903 3543 945 3602 Et
961 3553 1081 3622 munio.
1102 3554 1130 3605 et
1145 3544 1222 3607 deest
1247 3558 1361 3611 vetusto
1386 3550 1509 3611 editioni
1530 3554 1615 3615 Febr.
1635 3568 1664 3618 ot
1682 3557 1757 3621 bric.
1777 3561 1827 3623 in-

432 3668 529 3711 ermos
557 3647 651 3710 Vstic.
681 3650 801 3728 torpedo
820 3647 934 3709 oru'mos
953 3648 1078 3729 obrepsit
1092 3648 1179 3737 ¹Non.
1198 3650 1288 3712 Marc.
1305 3652 1347 3727 3,
1365 3656 1433 3715 250.
1467 3666 1494 3716 et
1514 3676 1585 3719 vera
1604 3662 1698 3741 magis
1710 3664 1826 3744 placent

335 3812 339 3819 ,
432 3756 473 3814 itu
484 3753 583 3812 Ursini
598 3764 630 3812 et
650 3751 800 3813 Ciacconii
819 3750 896 3811 libri.
917 3750 1001 3811 Febr.
1019 3761 1049 3812 ct
1066 3751 1142 3813 Brie.
1154 3762 1192 3813 -ct
1204 3754 1278 3815 bello
1290 3754 1379 3819 Ediu.
1401 3758 1496 3839 digito
1517 3764 1632 3825 nomini
1642 3766 1733 3829 fabr.
1753 3770 1824 3835 lirin.

432 3876 470 3917 cc
484 3856 580 3917 colon.
600 3853 714 3916 Febric.
734 3854 809 3915 Bric.
828 3874 919 3934 quere
929 3852 1030 3916 Carrio
1047 3866 1075 3915 ct
1090 3860 1237 3937 expunxit.

444 3954 448 3975 ²
512 3980 560 4021 ro.
581 3956 693 4019 Charin
705 3980 737 4040 p.
751 3960 817 4029 184.
831 3990 876 4005 -
896 3959 1149 4022 audiendiam.
1163 3962 1228 4027 inL
1238 3960 1323 4024 libet.
1332 3962 1395 4027 Cic.
1409 3988 1441 4048 p.
1457 3968 1585 4031 istud.
1600 3972 1760 4058 copem,
1774 3992 1822 4069 qui

323 4058 328 4065 .
429 4065 549 4150 quidem
560 4062 622 4124 hm
638 4062 854 4137 yorbabudat,
869 4062 918 4123 eod
931 4082 1035 4123 eorum
1053 4074 1201 4126 auctorem
1219 4086 1283 4126 non
1303 4072 1455 4147 nominum
1469 4072 1583 4137 salusti
1601 4100 1658 4140 csse
1679 4106 1713 4145 cx
1725 4088 1820 4153 Servio

430 4172 567 4232 discimus
574 4167 612 4229 sd
627 4168 698 4230 Aen.
716 4190 728 4229 r
739 4166 840 4242 Mo,
854 4168 906 4248 qui
917 4171 1040 4229 altorum
1050 4166 1163 4250 periodi
1178 4168 1343 4233 membrum
1352 4175 1572 4257 “gerionem
1585 4204 1618 4244 α
1630 4186 1688 4250 521·
1702 4187 1821 4257 him&

352 4278 355 4285 '
429 4271 935 4337 taumt.-22.com.rrontom.
953 4272 1374 4362 commnffinjffiffip
1389 4280 1458 4355 ²²⁴·
1477 4316 1519 4334 -.
1539 4286 1769 4363 gfflomffim
1782 4303 1815 4375 4,
