4050 5009
527 413 596 464 120

525 567 671 651 indicio
698 567 813 673 regis,
828 568 960 644 Scauri
978 584 1017 643 et
1042 566 1303 667 reliquorum,
1327 589 1420 666 quos
1440 561 1611 668 pecuniae
1626 577 1749 666 captoe
1767 587 1925 639 accerse·

523 692 634 781 bant,
660 692 800 768 deliota
822 690 1052 796 patefierent
1102 692 1209 764 Dum
1232 684 1313 764 haec
1330 691 1457 764 Romae
1476 702 1680 792 gerrmtur,
1705 686 1775 788 qui
1794 685 1835 762 in
1849 688 1924 764 Nu·

523 815 643 893 midia
658 815 781 891 relicti
802 815 955 889 aBestia
973 812 1154 888 exercitui
1171 827 1374 915 praeerant,
1393 809 1510 886 secuti
1526 835 1671 886 morem
1688 810 1923 914 imperatoris

523 939 584 1015 sui
605 938 774 1043 plurima
794 955 832 1012 et
848 937 1145 1041 flagitiosissuma
1161 935 1331 1010 facinora
1352 933 1479 1009 fecere.
1503 935 1634 1024 Fuere,
1651 933 1720 1036 qui
1736 961 1832 1011 auro
1847 961 1926 1010 cor·

526 1063 634 1167 rupti
650 1061 872 1164 elephantos
898 1058 1093 1165 Iugurthae
1110 1058 1324 1151 traderent3
1347 1057 1413 1132 alii
1434 1056 1610 1162 perfugas
1634 1057 1815 1148 vendere,
1840 1083 1924 1163 pars

524 1213 572 1264 ex
589 1185 733 1291 pacatis
751 1185 896 1289 praedas
913 1183 1094 1288 agebant3
1121 1198 1226 1256 tanta
1250 1181 1303 1259 vis
1336 1181 1503 1257 avaritiae
1525 1181 1567 1256 in
1587 1179 1733 1258 animos
1775 1208 1926 1270 eorum,

523 1309 642 1387 veluti
667 1309 791 1398 tabes,
821 1308 1015 1383 invaserat.
1046 1309 1114 1382 'At
1143 1305 1305 1396 Cassius,
1334 1304 1522 1409 (prator)
1551 1305 1696 1408 perlata
1732 1305 1924 1411 rogatione

524 1463 548 1510 a
568 1437 606 1511 C.
630 1433 829 1520 Memmio,
848 1459 893 1508 ac
920 1429 1092 1534 perculsa
1110 1429 1216 1504 omni
1240 1429 1462 1518 nobilitate,
1488 1429 1537 1504 ad
1563 1427 1790 1535 Iugurtham
1811 1427 1924 1534 profi-

525 1556 706 1644 ciscitur,
732 1554 844 1656 eique
870 1554 1004 1628 timido
1023 1570 1060 1626 et
1084 1579 1129 1627 ex
1154 1552 1382 1628 conscientia
1410 1551 1595 1627 diffidenti
1619 1553 1729 1632 rebus
1746 1554 1823 1628 suis
1844 1578 1925 1656 per·

515 1679 680 1768 suadet,
699 1703 777 1781 quo
794 1702 832 1752 se
853 1677 998 1780 populo
1016 1677 1186 1750 Romano
1204 1674 1382 1764 dedisset,
1407 1700 1456 1750 ne
1476 1675 1554 1749 vim
1578 1701 1696 1777 quam
1717 1676 1927 1750 misericor-

528 1803 633 1878 diam
650 1802 730 1878 eius
751 1801 913 1904 experiri
935 1799 1074 1873 mallet
1126 1797 1305 1870 Privatim
1326 1813 1504 1900 praeterea
1532 1795 1658 1886 fidem,
1674 1825 1783 1874 suam
1812 1800 1926 1875 inter-

528 1925 656 2031 ponit,
683 1951 800 2027 quam
829 1922 895 1996 ille
920 1949 1000 1996 non
1022 1922 1180 2004 minoris
1206 1947 1324 2024 quam
1351 1920 1546 2023 publicam
1566 1921 1751 2017 (lucebat3
1776 1923 1861 1998 talis
1883 1949 1924 2000 ea

529 2063 750 2153 tempestate
767 2046 869 2121 fama
889 2045 937 2119 de
961 2045 1084 2120 Cassio
1102 2061 1191 2120 erat.
1693 2039 1701 2054 ”

481 2194 517 2254 33
627 2171 750 2276 Igitur
765 2167 970 2273 Iugurtha,
995 2185 1128 2243 contra
1155 2169 1267 2242 decus
1288 2169 1450 2273 regium,
1474 2169 1583 2244 cultu
1609 2196 1727 2272 quam
1750 2197 1924 2248 maxume

528 2294 751 2379 miserabili,
776 2318 865 2366 cum
888 2291 1011 2366 Cassio
1041 2291 1332 2378 Romamvenit.
1382 2295 1436 2368 Ac
1454 2309 1581 2368 tamen
1602 2295 1669 2369 etsi
1688 2295 1730 2370 in
1749 2296 1832 2400 ipso
1849 2285 1926 2370 ma-

527 2446 604 2524 gna
636 2417 690 2490 vis
726 2414 848 2489 animi
875 2430 975 2505 erat;
1000 2413 1245 2507 confirmatus
1272 2415 1320 2487 ab
1348 2413 1924 2522 omnibus,i1uorumpotentia

529 2557 598 2616 aut
625 2538 762 2615 scelere
789 2552 928 2612 cuncta
954 2562 997 2611 ea
1030 2553 1201 2642 gesserat,
1225 2563 1310 2640 quae
1331 2563 1445 2642 supra
1475 2540 1661 2634 diximus,
1689 2547 1727 2620 C.
1758 2543 1926 2622 Baebium

529 2723 616 2803 gitur.
639 2718 765 2779 dicendo
786 2715 884 2776 Guelf.
897 2716 925 2777 3.
940 2739 969 2797 9.
998 2717 1093 2777 senat.
1115 2719 1268 2780 Fabrie.a.
1296 2717 1399 2781 Fraue.
1427 2721 1527 2782 Heuss.
1554 2721 1633 2787 Laid.
1650 2722 1767 2787 b.f.rn.
1790 2725 1875 2784 Paris.
1896 2725 1924 2783 b.

528 2825 614 2884 Bam.
631 2844 656 2880 1.
683 2821 790 2902 populo
802 2820 937 2880 Romano
965 2821 1005 2879 ita
1022 2821 1105 2882 Grut.
1119 2834 1148 2882 et
1167 2843 1269 2884 omnes
1284 2824 1364 2886 Laid.
1389 2826 1467 2903 (exe.
1484 2827 1525 2905 s.)
1554 2828 1739 2887 revertebant
1767 2830 1853 2888 etiam
1868 2827 1925 2890 boe

528 2931 597 2988 loeo
611 2927 733 3007 plurimi
750 2924 827 2989 libri.
848 2934 942 3003 capte
955 2945 1016 2984 om.
1030 2926 1109 2986 Vrat.
1124 2948 1155 2988 2.
1173 2938 1297 3009 acceptae
1322 2928 1391 3011 Τις.
1418 2930 1503 2990 Fabr.
1531 2932 1600 2996 Tur.
1614 2951 1750 3010 ,eumque
1765 2953 1826 2993 om.
1844 2931 1923 2996 leid.

527 3032 562 3094 h.
583 3032 651 3093 Ecc.
670 3031 767 3090 Guell.
781 3051 827 3089 ιι.
848 3038 877 3089 et-
892 3049 959 3088 eum
977 3028 1079 3102 ΒΜ.
1101 3031 1197 3092 Guelf.
1210 3035 1239 3104 4.
1259 3035 1445 3095 interlineas.
1465 3037 1675 3116 wercituprae.
1695 3039 1737 3097 ita
1755 3037 1807 3098 Ae.
1829 3059 1868 3098 m.
1879 3059 1924 3118 pr·

530 3135 601 3219 imp.
620 3135 667 3198 sui
684 3155 772 3217 pron.
791 3136 823 3193 in
838 3135 937 3192 multis
951 3138 1051 3194 locum
1065 3147 1170 3196 mutat.
1182 3158 1243 3202 om.
1260 3138 1344 3204 Bern.
1364 3162 1388 3199 ι.
1398 3145 1436 3202 5.-
1446 3143 1605 3201 venderent
1618 3144 1741 3222 plurimi
1755 3141 1833 3202 libri.
1852 3163 1924 3203 van-

441 3313 444 3316 ,
529 3243 600 3303 dere
618 3240 822 3301 unusWassii.
841 3239 882 3320 pl.
900 3247 929 3296 at
947 3239 1054 3319 flagit.
1064 3242 1133 3317 saa.
1149 3253 1176 3302 et
1193 3263 1253 3302 om.
1272 3243 1488 3306 Caelitum.
1499 3247 1568 3322 sac.
1588 3246 1666 3306 delet
1681 3248 1785 3307 ineert.
1799 3269 1826 3308 a.
1854 3267 1924 3328 ago-

529 3355 597 3408 rant
610 3345 690 3404 leid.
703 3349 724 3402 l.
745 3361 834 3421 agera
850 3343 1048 3408 unusWassii.
1068 3343 1152 3404 Rern.
1166 3367 1190 3410 ι.
1212 3346 1245 3404 ἰη
1258 3347 1372 3409 animos
1386 3350 1425 3409 ita
1438 3361 1467 3410 et
1480 3348 1561 3416 Cort.
1582 3353 1725 3412 meliores.
1745 3354 1795 3414 sed
1804 3373 1921 3434 praepos.

529 3472 590 3515 om.
619 3448 701 3508 Laid.
715 3469 741 3507 e.
754 3469 782 3528 g.
795 3447 822 3505 lr.
832 3449 854 3504 l.
883 3446 945 3504 Bas.
960 3467 985 3506 1.
1012 3445 1139 3509 Bermi.
1155 3448 1251 3511 Turia.
1276 3472 1353 3513 erasa
1380 3455 1412 3514 in
1431 3455 1542 3518 Fabrie.
1557 3478 1582 3516 ι.
1610 3457 1749 3529 ΟιιοΙῑ.4.
1776 3459 1876 3519 Vinar.
1898 3481 1922 3518 1.

532 3552 649 3616 Cassius
662 3559 782 3631 pretor.
806 3558 918 3629 prator
937 3568 997 3608 om.
1019 3550 1081 3616 Bae.
1094 3573 1119 3611 1.
1150 3553 1248 3614 Guell.
1259 3577 1288 3636 9.
1309 3555 1392 3616 Beru.
1408 3579 1433 3623 1.
1458 3581 1514 3640 pro
1532 3562 1756 3624 comerrien.
1777 3564 1875 3626 autR.
1888 3563 1922 3622 P.

529 3668 581 3717 aut
593 3654 694 3735 populi
703 3653 834 3712 Romani
845 3651 964 3712 babent.
980 3655 1021 3715 sie
1036 3655 1103 3717 Eee.
1123 3659 1182 3718 inc.
1194 3678 1221 3718 a.
1241 3659 1325 3726 llam.
1340 3682 1366 3720 ι.
1387 3667 1489 3723 Franc.
1509 3665 1606 3726 Guelf.
1622 3687 1650 3728 ι.
1668 3667 1698 3729 3.
1724 3669 1807 3732 Laid.
1818 3693 1845 3732 a.
1856 3671 1884 3730 b.
1895 3692 1921 3750 a,

531 3756 733 3819 b.m.n.c.d.
754 3757 813 3814 Erl.
835 3755 919 3814 Paris.
929 3779 957 3816 a.
966 3756 1030 3818 be.
1041 3759 1071 3818 d.
1091 3759 1192 3832 Basa.
1210 3773 1322 3843 prator
1335 3765 1436 3846 populi
1449 3767 1581 3830 Romani
1599 3771 1698 3833 Guell.
1714 3795 1760 3835 10.
1787 3777 1881 3838 Senat.
1895 3797 1919 3840 ι.

454 3871 464 3879 “
522 3863 628 3926 strar.
647 3860 751 3922 Vina.
773 3859 853 3917 laid.
867 3860 887 3917 s.
901 3861 922 3918 i.
936 3861 964 3919 k.
985 3861 1129 3923 eitirnido
1148 3865 1216 3926 Eae.
1243 3867 1367 3930 uerna.
1385 3881 1414 3929 et
1426 3891 1463 3932 aa
1476 3892 1572 3936 corase.
1587 3879 1768 3950 allomllac.
1789 3881 1882 3944 Guelt.
1890 3903 1919 3964 9.

535 3987 582 4026 ιο.
596 3983 641 4023 ιι.
668 3983 706 4024 aa
722 3964 821 4023 delent
832 3963 899 4023 Ecc.
924 3964 1042 4024 Vrata.
1069 3967 1129 4028 Erl.
1156 3968 1239 4030 Bern.
1253 3971 1282 4032 3.
1308 3974 1431 4036 demeat
1450 3997 1554 4040 omnes
1567 3980 1648 4041 laid.
1663 3994 1692 4044 et
1712 3984 1825 4048 Wassii.
1854 3987 1917 4069 Teg.

471 4081 473 4085 ’
531 4067 672 4137 Βιε.ι..4.
697 4067 827 4127 natvim
855 4067 957 4138 Rasa.
977 4067 1060 4128 Bern.
1079 4092 1104 4135 1.
1130 4075 1214 4133 malit
1232 4077 1273 4135 ita
1286 4077 1401 4140 Gruter.
1416 4083 1551 4144 confirm.
1568 4085 1730 4149 Leid.a.b.
1744 4111 1771 4154 c.
1786 4093 1917 4175 deig.

532 4193 566 4238 ιι.
594 4191 651 4250 quo
670 4190 699 4230 se
710 4171 816 4251 poprdo
835 4172 957 4251 plurimi
981 4171 1059 4232 libn'.
1081 4175 1145 4236 mia.
1165 4177 1225 4239 arira
1247 4201 1335 4262 pron.
1355 4204 1415 4245 om.
1429 4187 1496 4252 Eae.
1518 4189 1601 4254 Febr.
1625 4213 1653 4256 a.
1675 4193 1774 4259 Guelt.
1787 4219 1833 4262 ιι.
1853 4197 1917 4260 Tar.

530 4295 639 4344 mm.
659 4274 801 4358 adpinut
815 4273 1083 4359 privatoproeteraa
1096 4279 1165 4352 Tur.
1184 4273 1355 4366 Castabsur't
1373 4287 1423 4356 Ac.
