4050 5009
594 370 665 453 136

589 553 822 660 loci,·quam
841 576 1037 630 maxumas
1060 565 1184 658 potest
1210 550 1336 658 copias
1362 554 1537 631 omnium
1569 579 1751 660 generum
1782 568 1913 659 parat,
1942 578 1982 631 ac

588 702 657 781 per
677 678 843 753 tramites
862 678 1029 753 occultos
1048 676 1256 752 exercitum
1274 676 1418 753 Metelli
1440 678 1641 754 antevenit,
1676 680 1771 753 Erat
1787 678 1830 755 in
1842 703 1888 753 ea
1902 704 1981 781 par-

588 814 624 877 te
648 801 854 889 Numidiae,
880 827 997 904 quam
1019 798 1212 874 Adherbal
1228 800 1270 874 in
1286 799 1471 875 divisione
1490 800 1718 904 possederat,
1744 800 1893 876 tlumen
1913 800 1981 875 ori·

587 930 692 1000 ensa
714 922 891 1014 meridie,
924 922 1081 997 nomine
1109 920 1286 1016 Muthu13
1311 947 1428 1025 aquo
1447 924 1579 999 aberat
1597 948 1707 998 mons
1723 921 1843 998 ferme
1867 924 1980 998 millia

589 1070 768 1151 passuum
793 1044 927 1151 viginti
952 1060 1078 1119 tractu
1106 1044 1213 1149 pari,
1233 1060 1358 1121 vastus
1385 1045 1435 1119 ab
1455 1061 1594 1120 natura
1619 1061 1658 1120 et
1678 1044 1851 1121 humano
1870 1047 1981 1122 cultu.

585 1167 659 1245 Sed
679 1196 724 1244 er
742 1194 786 1246 eo
809 1167 932 1244 medio
952 1167 1061 1271 quasi
1086 1167 1194 1243 collis
1214 1168 1425 1258 oriebatur,
1447 1168 1491 1243 in
1511 1168 1740 1243 immensum
1754 1170 1980 1273 pertingens,

585 1292 737 1369 restitus
756 1293 914 1367 oleastro
940 1318 985 1366 ac
1003 1290 1163 1366 mirtetis
1181 1289 1341 1395 aliisque
1361 1290 1560 1395 generibus
1585 1291 1784 1379 arboM,
1809 1318 1898 1393 quae
1915 1292 1981 1367 hu·

584 1415 639 1492 mi
661 1414 769 1491 arido
792 1430 908 1518 atque
928 1440 1085 1491 arenoso
1104 1412 1324 1520 gignuntur.
1355 1414 1483 1489 Media
1503 1427 1632 1489 autem
1644 1412 1827 1518 planicies
1842 1414 1980 1491 deserta

580 1539 744 1641 penuria
764 1564 895 1641 aquae,
920 1553 1059 1643 praeter
1080 1536 1235 1626 {lumini
1258 1536 1478 1640 propinqua
1494 1537 1602 1627 locas
1626 1562 1670 1612 ea
1690 1536 1834 1613 consita
1856 1540 1979 1614 arbus-

535 1660 649 1763 t9tis,
670 1687 805 1767 pecore
828 1676 943 1764 atque
969 1660 1182 1736 cultoribus
1202 1658 1556 1761 frequentabantur.
1600 1658 1723 1764 Igitur
1746 1658 1787 1735 in
1806 1686 1852 1735 eo
1872 1662 1980 1751 colle,

553 1858 558 1869 ,
581 1810 699 1888 quem
721 1800 931 1861 transvorso
953 1784 1089 1859 itinere
1112 1797 1332 1886 porrectum
1355 1781 1574 1871 docuimus,
1599 1779 1806 1885 Iugurtha,
1828 1800 1979 1860 extenu-

580 1924 643 1983 ata
662 1932 820 1984 suorum
839 1907 940 1995 acie,
965 1902 1160 1981 consedit:
1183 1902 1403 2008 elephantis
1415 1920 1454 1979 et
1473 1904 1575 2008 parti
1591 1904 1790 2007 copiarum
1804 1907 1978 2008 pedestri·

580 2054 649 2105 um
671 2030 919 2105 Bomilcarem
942 2026 1130 2131 praefecit,
1156 2053 1321 2131 eumque
1344 2026 1492 2115 edocet,
1518 2052 1604 2129 quae
1623 2044 1770 2131 ageret:
1794 2029 1875 2133 ipse
1896 2056 1978 2133 pru·

580 2152 668 2257 pior
684 2166 855 2227 montem
876 2178 965 2225 cum
978 2150 1085 2225 omni
1097 2150 1272 2252 equitatu
1282 2165 1320 2225 et
1335 2149 1525 2254 peditibus
1539 2149 1692 2227 delectis
1704 2178 1790 2229 suos
1801 2153 1975 2228 collocat:

549 2278 554 2289 '
581 2272 672 2351 dein
692 2273 859 2377 singulas
883 2290 1026 2347 turmas
1042 2288 1081 2347 et
1098 2272 1317 2376 manipulos
1335 2273 1560 2348 circumiens
1577 2290 1709 2350 monet
1728 2292 1844 2378 aque
1861 2278 1977 2353 obses·

581 2412 706 2484 tatur,
742 2396 800 2472 uti
819 2416 1002 2470 memores
1024 2394 1195 2497 pristinae
1217 2390 1368 2470 virtutis
1388 2410 1427 2469 et
1455 2394 1624 2472 victorioe
1648 2421 1726 2472 sese
1745 2424 1976 2504 regnumque

579 2542 694 2596 suum
710 2519 760 2593 ab
777 2520 1041 2593 Romanorum
1058 2516 1216 2593 avaritia
1235 2515 1465 2592 defendant:
1490 2516 1655 2592 cumbis
1674 2536 1865 2598 certamen
1880 2524 1977 2612 fore,

581 2664 676 2743 quos
704 2656 815 2715 antea
841 2640 958 2715 victos
976 2639 1048 2715 sub
1072 2640 1205 2745 iugum
1226 2639 1419 2714 miserint:
1444 2639 1581 2715 ducem
1600 2640 1676 2715 illis
1701 2670 1781 2719 non
1803 2647 1975 2721 animum

581 2776 798 2836 mutatum:
824 2786 910 2864 quae
926 2762 976 2836 ab
996 2762 1223 2866 imperatore
1243 2760 1461 2850 decuerint,
1487 2761 1616 2838 omnia
1637 2762 1713 2841 suis
1733 2768 1900 2870 prorisa3
1923 2770 1975 2845 lo·

581 2909 671 2969 cum
687 2866 939 2987 superiorem,
972 2900 1019 2960 ut
1038 2884 1242 2989 prudentes
1264 2910 1355 2961 cum
1372 2884 1572 2988 imperitis,
1599 2913 1649 2962 ne
1670 2890 1866 2991 pauciores
1887 2920 1973 2967 cum

579 3007 757 3111 pluribus
794 3022 863 3083 aut
894 3006 1007 3082 rudes
1035 3031 1125 3115 cum
1153 3006 1254 3082 bello
1281 3007 1500 3083 melioribus
1526 3036 1686 3085 manum
1717 3034 1970 3113 consererent3

661 3182 735 3263 Cap.
755 3186 803 3256 48.
832 3182 953 3244 Mrdlrul
973 3186 1012 3243 ita
1032 3195 1197 3245 constanter
1217 3187 1323 3265 optimi
1345 3184 1423 3246 libri.
1448 3186 1543 3246 millio
1569 3187 1645 3249 delet
1660 3189 1757 3251 Gueli.
1777 3213 1824 3257 ss.
1852 3218 1893 3254 m.
1913 3196 1970 3275 vig.

575 3306 713 3367 pusuuvn
732 3288 817 3348 Febr.
834 3308 860 3347 1.
887 3286 955 3369 Teg.
982 3286 1071 3347 lead.
1098 3288 1196 3348 Turio.
1216 3310 1237 3347 o
1256 3308 1313 3367 quo
1341 3310 1431 3369 prop.
1446 3311 1506 3350 om.
1519 3291 1587 3351 Nar.
1616 3293 1697 3353 Leid.
1711 3316 1738 3353 a.
1752 3296 1782 3357 b.
1794 3321 1820 3359 c.
1834 3300 1864 3359 d.
1876 3322 1899 3359 c.
1913 3302 1969 3381 tg.

577 3400 672 3451 vestm
682 3399 744 3455 nat.
764 3391 833 3451 Vin.
846 3410 873 3449 a.
894 3390 973 3479 Vrat.
986 3410 1013 3449 a.
1034 3390 1068 3449 in
1081 3389 1134 3449 im.
1146 3383 1322 3473 pertingens.
1343 3391 1376 3451 in
1393 3397 1532 3454 nonnulli
1550 3394 1619 3455 libri
1637 3418 1698 3463 om.
1712 3402 1776 3460 aliis
1788 3424 1855 3483 gen.
1874 3404 1968 3469 Turia.

580 3492 665 3552 humi
688 3493 775 3554 arido
799 3502 886 3570 utque
908 3512 1038 3553 arenoso·
1050 3492 1111 3553 Bas.
1127 3515 1152 3553 ι.
1172 3497 1272 3557 Vinar.
1287 3516 1313 3557 r.
1332 3496 1413 3557 leid.
1428 3498 1456 3557 t.
1470 3502 1491 3558 1.
1511 3499 1597 3560 Fabr-
1615 3502 1702 3566 llirii.
1722 3505 1822 3567 Nurar.
1842 3510 1926 3568 Palat.
1943 3530 1968 3567 a.

579 3594 664 3654 Paris.
678 3616 705 3654 a.
715 3617 741 3657 c.
761 3595 828 3654 Ere.
850 3594 946 3660 Guelf.
961 3617 987 3661 s.
998 3596 1027 3667 4.
1048 3599 1134 3659 Prisc.
1150 3600 1196 3660 all.
1207 3600 1256 3660 31.
1275 3622 1307 3682 p.
1319 3620 1386 3684 ²7¹·
1406 3602 1460 3663 Ed.
1471 3603 1523 3663 Kr.
1544 3606 1629 3666 brari
1637 3607 1670 3667 in
1678 3608 1765 3669 orello
1779 3632 1809 3672 a.
1821 3634 1866 3673 or.
1886 3612 1967 3675 Paris.

578 3696 609 3755 d.
629 3696 710 3758 Laid.
725 3719 754 3779 g.
770 3698 789 3757 i.
809 3698 898 3758 humo
913 3697 1002 3759 arido
1019 3719 1048 3758 a.
1061 3719 1185 3761 arenoso
1204 3704 1326 3785 plurimi
1342 3704 1420 3767 libri.

662 3820 734 3905 Cup.
747 3824 794 3903 49.
815 3824 886 3901 qtu‘d
902 3834 1001 3903 ageret
1022 3826 1105 3888 Febr.
1126 3828 1222 3890 Guelf.
1232 3853 1262 3911 9.
1281 3831 1363 3892 Leid.
1374 3854 1399 3893 e.
1419 3835 1492 3914 qtuii
1507 3839 1594 3897 ctiam
1609 3839 1691 3901 Laid.
1701 3862 1728 3906 r.
1746 3844 1868 3924 propior
1877 3845 1966 3904 monti

578 3926 630 3987 lc.
657 3924 740 3986 llam.
754 3946 781 3985 a.
809 3927 905 3986 Gueli.
922 3928 952 3987 3.
980 3938 1007 3987 et
1021 3927 1164 4009 peditibus
1183 3934 1300 3995 delectis
1316 3954 1382 3997 suos
1402 3936 1464 4000 base
1480 3923 1714 4020 plurim.⁸Codd.
1734 3949 1831 4007 lectio.
1850 3948 1963 4009 dilectos

577 4022 643 4091 suos
670 4030 764 4088 Sonat.
779 4052 804 4091 1.
832 4033 889 4089 inc.
905 4051 932 4095 a.
958 4032 1055 4104 Guelf.
1070 4034 1136 4094 ai.
1163 4056 1252 4117 pron.
1270 4058 1332 4097 om.
1351 4039 1459 4101 Fabric.
1479 4064 1504 4101 r.
1524 4044 1642 4107 Moeris
1657 4046 1715 4107 swa
1735 4053 1863 4137 quinque
1874 4053 1961 4112 Curtii

578 4132 655 4196 libri.
676 4132 789 4192 dilectis
809 4125 891 4193 Febr.
909 4154 934 4191 ι.
956 4132 1053 4193 Guelf.
1065 4156 1094 4215 9.
1114 4138 1173 4203 Erl.
1200 4140 1373 4201 circumiens
1392 4142 1453 4210 Bes.
1468 4167 1494 4206 s.
1508 4149 1568 4209 ine.
1582 4170 1608 4209 ι.
1628 4150 1773 4215 cs'rottr'm
1786 4158 1878 4217 ceteri.
1906 4176 1961 4216 asse

576 4252 756 4327 trguurnque
767 4236 868 4298 omnes
876 4238 935 4298 lere
946 4236 1022 4305 libri,
1044 4240 1094 4302 sub
1108 4240 1287 4323 ingmarus
1305 4244 1384 4309 Vtut.
1398 4266 1425 4307 a.
1435 4246 1538 4312 Fraus.
1549 4250 1633 4313 bem.
1650 4274 1675 4315 ι.
1688 4256 1785 4319 ines.
1805 4259 1957 4321 leidbm.
