4050 5009
1548 434 1597 509 63

210 597 325 680 Nolite
342 607 584 702 existumare,
607 611 769 690 maiores
795 629 942 690 nostros
975 610 1089 688 armis
1112 611 1392 716 rempublicam
1410 635 1456 688 ex
1479 637 1597 716 parva

210 753 379 834 magnam
402 733 536 810 fecisse.
571 736 610 811 Si
626 737 680 812 ita
710 762 768 813 ms
782 753 893 850 esset,
918 737 1043 813 multo
1062 733 1392 840 pulcherrumam
1415 761 1499 812 eam
1528 761 1598 814 nos
1668 743 1674 762 ”
1696 747 1703 762 “·

208 848 455 932 haberemus:
481 859 627 964 quippe
652 861 842 968 sociorum
867 879 982 966 atque
1014 858 1176 950 civium,
1201 877 1380 964 preterea
1402 887 1600 950 armorum

207 993 316 1080 atque
335 1008 525 1084 equorum
545 985 669 1059 maior
685 986 796 1062 nobis
814 986 923 1090 copia
940 1011 1058 1089 quam
1074 983 1159 1060 illis.
1191 984 1264 1060 Sed
1281 984 1355 1058 alia
1375 983 1499 1078 suere,
1512 1011 1599 1087 quae

209 1103 286 1177 illos
303 1131 462 1210 magnos
484 1107 624 1200 fecem
649 1133 736 1210 quae
754 1110 864 1184 nobis
887 1108 997 1184 nulla
1022 1125 1134 1184 sunt:
1156 1107 1260 1184 domi
1285 1107 1492 1198 industria,
1509 1108 1600 1184 soris

208 1229 343 1304 iustum
356 1231 579 1336 imperium:
603 1233 755 1308 animus
772 1232 814 1308 in
827 1231 1062 1309 consulendo
1083 1231 1199 1321 liber,
1219 1257 1345 1334 neque
1361 1231 1513 1324 delicto,
1534 1259 1599 1309 ne·

208 1380 277 1454 que
292 1355 460 1430 lubidim
473 1357 669 1432 obnoxius.
704 1361 777 1432 Pro
793 1355 853 1432 his
873 1383 944 1432 nos
965 1355 1150 1432 habemus
1168 1355 1362 1430 luxuriam
1376 1373 1491 1460 atque
1513 1384 1598 1434 ava·

206 1477 926 1586 ritiam,publiceegestatemprivatim
942 1481 1202 1586 opulentiam
1218 1479 1419 1556 laudamus
1432 1481 1598 1574 divitias,

205 1604 395 1706 sequimur
407 1604 605 1697 inertiam3
618 1607 720 1680 inter
736 1607 857 1681 honos
869 1621 909 1681 et
921 1605 1041 1680 malos
1056 1604 1260 1681 discrimen
1279 1605 1436 1680 nullum
1447 1637 1458 1700 3
1471 1605 1599 1682 omnia

204 1727 348 1802 virtutis
372 1730 530 1837 praemia
554 1730 715 1803 ambitio
736 1731 906 1836 possidet
942 1732 1073 1832 Neque
1095 1729 1257 1821 mirum,
1281 1729 1349 1803 ubi
1367 1755 1430 1805 vos
1452 1755 1601 1833 separa-

206 1851 270 1925 tim
299 1853 372 1926 sibi
402 1855 563 1956 qaaisque
592 1854 795 1928 consilium
818 1855 968 1958 capitis,
992 1853 1061 1930 ubi
1089 1852 1193 1928 domi
1223 1852 1502 1956 voluptatibus,
1535 1851 1601 1928 hic

204 1978 387 2078 pecunia,
423 1994 490 2051 aut
515 1978 646 2081 gratim
674 1978 837 2070 servitis3
860 2003 906 2052 eo
927 1977 983 2068 fit,
1020 1991 1065 2051 ut
1091 1975 1253 2079 impetus
1275 1975 1342 2049 fiat
1368 1977 1409 2051 in
1439 2003 1600 2052 vacuam

205 2101 485 2205 rempublicam
529 2100 601 2178 Sed
625 2127 692 2205 ego
712 2099 795 2175 heo
815 2101 960 2176 omitto.
1002 2099 1258 2176 Coniuravere
1280 2097 1517 2174 nobilissumi
1546 2101 1602 2176 ci·

204 2251 259 2299 res
278 2225 444 2329 patriam
468 2223 692 2300 incendere:
726 2224 931 2326 Gallorum
955 2240 1106 2329 gentem
1133 2222 1424 2300 infestissumam
1449 2225 1599 2300 nomini

204 2349 370 2425 Romano
392 2349 442 2423 ad
462 2325 609 2424 bellum
632 2365 853 2442 accersunt3
878 2349 959 2424 dux
976 2347 1145 2422 hostium
1165 2373 1280 2452 supra
1301 2365 1419 2452 caput
1439 2363 1516 2424 cst:
1535 2375 1600 2426 vos

205 2474 436 2550 cunctamini
457 2474 573 2548 etiam
591 2501 717 2564 nunc,
742 2472 838 2575 quid
859 2471 961 2546 intra
985 2471 1130 2548 moenia
1159 2469 1403 2574 adprehensis
1429 2471 1601 2566 hostibus

206 2598 373 2675 faciatisl
397 2596 652 2672 Misereamini
665 2599 817 2670 censeo:
830 2595 1025 2697 deliquere
1042 2592 1216 2670 homines
1236 2593 1512 2672 adulescentuli
1533 2625 1601 2702 per

206 2722 472 2814 ambitionem
496 2737 612 2822 atque
632 2720 749 2794 etiam
774 2711 937 2792 armatos
955 2717 1164 2792 dimittatis
1202 2718 1257 2793 Ne
1277 2717 1344 2792 ista
1370 2719 1475 2794 vobis
1491 2748 1601 2796 man-

205 2847 358 2922 suetudo
378 2861 418 2920 et
445 2843 719 2934 misericordia,
744 2843 775 2916 si
801 2842 858 2915 illi
882 2869 987 2914 arma
1012 2839 1207 2944 ceperint,
1232 2841 1273 2913 in
1300 2842 1490 2917 miseriam
1516 2872 1602 2921 ror-

207 2989 262 3047 tet
299 2969 449 3047 Scilicet
471 2994 528 3044 res
550 2950 628 3072 ipsa
648 2993 778 3072 aspera
805 2951 877 3059 dst3
902 2965 966 3039 sed
986 2989 1051 3039 ros
1081 2989 1160 3038 non
1186 2963 1324 3040 timetis
1347 2991 1439 3041 eam.
1478 2971 1601 3046 Immo

203 3195 267 3278 Τις,
285 3173 355 3260 Tur.
372 3216 397 3253 1.
414 3213 441 3255 a.
461 3191 546 3253 Beru.
562 3214 587 3251 ι.
602 3193 672 3262 nd.
690 3191 747 3251 illis
762 3199 812 3250 est.
832 3199 874 3250 cst
892 3187 1047 3254 omicid.
1061 3209 1102 3248 ιιι.
1123 3187 1226 3247 Frauc.
1240 3185 1301 3246 Bas.
1316 3207 1342 3249 1.
1373 3189 1600 3272 actamquae:

205 3300 326 3378 illustrit
354 3287 440 3364 Bern.
454 3319 480 3357 a.
501 3297 583 3356 nobis
599 3307 640 3357 cst
658 3317 747 3374 quam
766 3295 824 3355 iliis
836 3305 877 3355 cst
901 3293 970 3353 Tur.
986 3313 1014 3354 a.
1042 3291 1200 3352 άιὶιονὺιιεη
1217 3292 1340 3358 rutilum.
1359 3302 1399 3353 est
1418 3293 1532 3357 addunt
1550 3299 1600 3362 iu·

206 3404 500 3478 ccrti,ane.Strur.
520 3402 605 3461 Rem.
620 3423 644 3466 ι.
666 3399 762 3466 Gucll.
779 3423 806 3482 7.
827 3399 948 3459 Leidd.
963 3419 1031 3458 en.
1050 3397 1111 3456 Bas.
1130 3397 1193 3457 1.3.
1213 3397 1282 3457 Tur.
1298 3419 1324 3458 a.
1345 3397 1430 3458 Rern.
1442 3401 1510 3464 ιδ.
1530 3403 1601 3462 nul-

205 3509 263 3572 lum
280 3509 440 3572 wimeri
457 3505 517 3568 hoc
532 3505 638 3565 ordine
653 3508 712 3566 ine.
732 3527 760 3566 2.
784 3505 887 3568 Franc.
915 3501 1004 3562 tend.
1031 3501 1127 3562 Senot.
1144 3521 1170 3562 a.
1203 3501 1302 3562 Heuss.
1330 3502 1401 3563 Tur.
1416 3525 1441 3565 1.
1467 3505 1532 3568 lucc
1547 3527 1602 3588 ego
1653 3563 1654 3568 ,

206 3616 302 3677 mrito
322 3614 435 3675 Fabric.
452 3633 480 3672 a.
501 3611 563 3670 Bas.
581 3631 608 3670 a.
629 3611 750 3672 obmitto
769 3610 854 3669 Bern.
870 3605 898 3669 3.
932 3607 990 3667 lsoc
1010 3604 1105 3666 Guell.
1121 3607 1230 3688 5.s.7.
1250 3627 1294 3667 ιο.
1315 3607 1416 3672 Basd.
1446 3603 1601 3675 adeamne

206 3719 303 3787 er.
323 3721 390 3781 Ecc.
412 3717 509 3778 casu.
525 3737 551 3776 a.
562 3716 592 3777 ὅ.
606 3717 633 3782 5.
644 3737 674 3798 9.
690 3737 735 3801 ιι.
764 3712 1066 3784 Tur.1.Bern.1.4.
1086 3731 1234 3772 accersere
1259 3711 1372 3778 Tum.
1393 3714 1518 3778 bema.
1547 3737 1602 3779 ao-

209 3826 307 3887 cmiru
325 3827 427 3887 Vinar.
440 3845 466 3888 a.
487 3831 671 3882 deerrarunt
688 3824 787 3902 plum
799 3818 899 3878 Guett.
919 3837 1062 3877 arcuna-e
1091 3815 1152 3874 Bar.
1171 3835 1198 3876 a.
1219 3816 1248 3889 4.
1269 3815 1321 3880 dc.
1352 3831 1532 3882 nnmerum
1551 3823 1602 3884 in.

208 3907 291 4004 certi,
305 3934 401 3992 strar.
422 3928 520 3992 Guels.
538 3950 566 4009 7.
576 3929 605 3987 8.
619 3947 664 3985 ιι.
685 3923 767 3986 Leia.
784 3923 814 3982 d.
831 3920 862 3982 h.
879 3931 1028 3982 arcem
1045 3923 1140 3981 catari.
1167 3941 1235 3982 cum
1247 3922 1377 3986 mactra
1396 3945 1458 3987 om.
1469 3926 1556 3988 Febr.
1575 3949 1602 3988 ι.

208 4041 301 4109 locum
322 4010 417 4096 mutat
434 4035 466 4094 in
483 4029 568 4092 l'alu.
583 4052 611 4091 2.
630 4031 698 4090 Seu.
711 4049 740 4088 a.
760 4029 859 4088 Heus.
880 4027 964 4090 Bam.
975 4045 1001 4086 a.
1022 4035 1050 4086 ct
1069 4027 1208 4088 wama
1221 4030 1305 4088 omis.
1326 4028 1411 4089 Febr.
1425 4039 1520 4112 uterq.
1538 4029 1602 4092 Bas.

210 4163 237 4203 a.
257 4143 321 4204 lec.
341 4140 423 4201 Leid.
433 4140 454 4198 i.
474 4158 569 4220 neque
582 4139 613 4196 in
623 4157 671 4197 sex
684 4137 748 4194 aliis
758 4132 839 4193 libris
854 4133 929 4214 legi,
940 4141 1021 4191 testes
1035 4141 1103 4190 sunt
1114 4129 1227 4192 Gruter.
1237 4143 1266 4193 ct
1280 4133 1396 4200 Putsch.
1417 4135 1601 4217 deprehensis

209 4253 291 4331 longe
310 4247 431 4329 plurimi
446 4243 524 4308 libri.
554 4239 740 4322 apprehensis
758 4237 858 4298 Nazar.
879 4235 1025 4295 Commel.
1050 4233 1146 4296 Guell.
1165 4235 1192 4295 5.
1219 4236 1304 4298 Rem.
1328 4257 1356 4300 ι.
1384 4238 1453 4301 Ere.
1474 4239 1559 4306 Paris.
1571 4261 1600 4301 a.

209 4375 236 4420 e.
251 4354 282 4414 d.
299 4353 361 4414 Bar.
371 4350 401 4414 3.
420 4372 462 4412 m.
472 4368 528 4410 sec.
547 4341 725 4408 mucmmiui
750 4341 833 4404 leid.
842 4343 865 4402 1.
884 4338 1007 4402 Memb.
1018 4339 1097 4406 llirii
1111 4351 1141 4402 ot
1160 4340 1211 4402 uit
1222 4341 1303 4404 Laid.
1322 4341 1386 4405 Bas.
1407 4363 1433 4407 ι.
1452 4363 1508 4428 pro
1522 4345 1601 4412 varis
