4050 5009
335 373 404 446 s18
473 386 525 441 .'

321 563 412 629 'rum
437 576 641 627 eonsensum
664 555 737 639 ejus
756 576 795 622 os
816 558 1012 643 improbum
1036 556 1181 642 dixerit,
1207 558 1267 631 sed
1290 544 1393 624 talem
1404 566 1672 649 oppositionem
1695 598 1747 645 re·

331 689 427 751 rum,
450 687 526 753 ques
543 668 651 752 vulgo
668 658 767 752 pares
782 664 1034 752 existimentur,
1051 672 1084 729 et
1102 684 1224 728 noram
1244 672 1278 729 et
1298 666 1448 734 salustio
1467 673 1619 762 dignam.
1641 703 1747 764 qum

331 776 459 861 nescio,
477 796 522 839 an
539 773 588 838 ita
603 775 856 839 emendandum
870 772 925 850 sit,
940 772 1084 837 maximo
1101 792 1178 836 oum
1197 772 1302 837 lectio
1317 772 1443 842 animo
1455 777 1693 854 inverecundo
1707 789 1746 855 in

330 882 434 947 bonis
454 880 555 945 libris
575 880 630 948 sit.
664 901 747 963 ·7.-
766 876 951 944 Simulum
976 874 1048 943 sibi
1071 879 1189 943 alvum
1204 885 1379 969 purgari.
1400 882 1460 947 cfr.
1480 888 1570 957 Plut.
1591 894 1677 956 Mar.
1697 900 1746 963 ta

331 974 508 1086 τρέφωσιν
543 971 655 1080 λέγων
691 970 775 1082 arpis
809 969 1019 1083 eiptpori'govc
1045 984 1174 1067 κοιλίαις
1201 970 1377 1090 desipiscas,
1407 1012 1482 1073 quae
1497 968 1654 1063 hocloco
1671 1002 1746 1063 Ma·

332 1103 387 1166 rio
406 1102 547 1166 crimini
564 1103 666 1165 datur
681 1099 773 1165 foeda
792 1099 943 1175 malitia3
966 1103 1112 1164 eandem
1122 1100 1244 1164 mortis
1262 1122 1395 1167 moram
1414 1108 1606 1187 quaesivisse
1617 1112 1745 1179 dicitur

332 1208 460 1287 Carbo,
480 1228 561 1271 cum
585 1206 743 1291 Pompeii
768 1206 867 1285 jussu
894 1207 939 1268 ad
966 1212 1125 1275 mortem„
1140 1206 1333 1271 duceretur.
1355 1206 1415 1275 cfr.
1436 1214 1524 1276 Plut.
1550 1218 1670 1304 Pomp.
1697 1240 1744 1284 10.

331 1314 442 1379 utrius
462 1312 599 1377 nomini
610 1313 775 1374 Salustius
789 1314 879 1374 hanc
896 1310 1123 1396 turpitudinis
1143 1321 1260 1375 notam
1279 1312 1453 1399 inusserit,
1474 1306 1663 1399 incertum
1684 1325 1742 1389 sed
1819 1370 1825 1381 .

328 1426 472 1507 propter
488 1417 530 1479 fr.
540 1418 590 1480 δι.
617 1416 733 1499 potius
750 1418 794 1479 ad
810 1417 1001 1480 Carbonem
1012 1415 1210 1493 retulerim,
1233 1435 1343 1498 neque
1356 1426 1543 1501 putaverim
1557 1426 1753 1492 Salustium·
1794 1462 1798 1475 ·

230 1533 233 1539 '
328 1533 400 1588 tam
426 1522 502 1587 fuse
531 1524 575 1586 de
598 1522 778 1585 Saturnini
800 1522 972 1586 seditione
1004 1520 1131 1607 egisse,
1152 1542 1227 1585 oum
1246 1522 1320 1586 brec
1343 1523 1613 1609 digressionibus
1631 1540 1744 1597 essent

325 1632 531 1694 euarmnda.
555 1630 662 1697 Debr.
680 1627 866 1713 ridiculus,
897 1627 960 1710 qui
980 1626 1106 1692 iisdem
1127 1626 1242 1692 verbis
1269 1628 1447 1713 utriusque
1469 1631 1698 1719 ignominiam
1722 1658 1743 1703 a

315 1734 476 1798 ,situatis
498 1742 652 1799 notatam
663 1734 791 1798 statuit.
811 1754 914 1795 -ro.-
933 1733 1042 1799 Inter
1060 1754 1166 1799 arma
1179 1772 1221 1787 -
1229 1728 1362 1826 famas
1372 1733 1469 1820 petit
1490 1739 1552 1802 cir.
1575 1744 1620 1805 ad
1643 1742 1743 1809 Catil.

330 1860 360 1906 c.
388 1840 438 1903 15.
458 1842 532 1904 haec
550 1841 612 1904 lib.
639 1862 667 1903 ι.
691 1842 730 1904 in
753 1839 868 1904 Catuli
893 1841 1033 1905 laudem
1060 1840 1153 1905 dicta
1175 1840 1280 1907 luisse
1301 1844 1460 1908 Debross.
1492 1847 1617 1909 statuit.
1645 1870 1744 1912 -rr.·

327 1943 450 2013 Haud
472 1942 644 2034 impigre,
671 1966 786 2027 neque
808 1941 950 2011 inultus
971 1940 1166 2013 occiditur.
1192 1946 1289 2013 locus
1303 1946 1439 2013 videtur
1458 1969 1530 2013 esse
1546 1960 1740 2051 corruptus,

327 2053 476 2117 alterum
496 2052 591 2115 enim
605 2052 800 2137 membrum
818 2072 897 2117 cum
914 2054 1025 2119 altero
1038 2060 1187 2140 pugnet;
1208 2058 1268 2119 sed
1285 2055 1359 2120 sine
1374 2054 1551 2120 codicibus
1570 2058 1741 2123 medelam

328 2158 497 2223 adhibere
527 2157 776 2243 dubitaverint,
803 2160 954 2225 maxime
990 2180 1090 2238 cum,
1117 2180 1187 2243 quo
1214 2160 1289 2227 hese
1313 2158 1494 2227 referenda
1516 2161 1601 2245 sint,
1619 2182 1740 2247 parurn

327 2274 461 2331 certum
488 2264 544 2329 sit.
572 2264 725 2349 Spartaci
756 2264 851 2330 enim
887 2265 1015 2332 acriter
1044 2267 1231 2352 pugnantis
1261 2275 1408 2333 mortem
1435 2268 1624 2355 significari
1654 2268 1742 2335 mibi
1791 2326 1793 2329 Α

326 2372 469 2454 quidem
490 2391 563 2435 non
573 2390 773 2456 persuasum
793 2380 853 2436 est.
873 2390 972 2435 ·1a.-
990 2368 1274 2437 Festinantibus
1291 2379 1354 2445 etc.
1375 2382 1517 2457 propter
1531 2375 1742 2439 mentionem

327 2472 462 2562 inopiae
482 2476 644 2556 injectam
662 2477 736 2542 haec
756 2468 804 2539 ad'
819 2475 1007 2538 tumultum
1037 2474 1073 2539 C.
1099 2474 1243 2538 Aurelio
1271 2477 1370 2540 Cotta
1389 2478 1463 2540 Cos.
1490 2480 1610 2544 Romae
1628 2486 1742 2542 ortum

325 2582 500 2669 pertinere
526 2580 717 2646 verisimile
750 2586 810 2645 est.
836 2594 940 2655 -ι4.-
958 2573 1178 2643 Exercitum
1203 2590 1361 2671 argento
1384 2575 1495 2671 secit.
1522 2583 1578 2655 «h.
1600 2586 1629 2645 e.
1650 2603 1743 2646 com·

325 2686 476 2773 pararit,
496 2687 583 2772 sire,
595 2682 946 2770 utSeneca,pecunia
957 2680 1101 2775 paravit.
1121 2680 1177 2745 Sic
1195 2682 1269 2767 ipse
1288 2684 1407 2750 Cicero
1426 2686 1607 2771 pecuniam
1620 2685 1744 2769 facere3

221 2835 224 2839 >
326 2796 369 2863 V·
384 2794 480 2861 terr.
494 2814 522 2857 c.
537 2794 638 2858 xxx:
655 2795 686 2859 si
704 2792 820 2879 pridie
840 2793 945 2854 domo
963 2798 1021 2853 tua
1036 2785 1261 2883 profugisset,
1281 2791 1312 2856 si
1325 2788 1483 2875 aliquam
1499 2812 1641 2856 manum
1660 2812 1743 2858 con-

327 2908 379 2967 tra
396 2900 566 2987 populum
588 2904 689 2969 Rom.
711 2900 823 2966 lacere
847 2898 1015 2985 potuisset
1038 2898 1079 2961 V.
1104 2897 1194 2961 Phil.
1214 2918 1243 2961 c.
1270 2900 1324 2961 162
1348 2898 1508 2984 princeps
1527 2897 1595 2962 fuit
1613 2900 1742 2963 exerci-

326 3013 381 3070 tus
394 3005 545 3068 faciendi
559 3013 593 3067 et
605 3005 761 3090 praesidii
781 3003 1016 3089 comparandi.
1037 3002 1127 3067 Flor.
1142 3004 1203 3067 111.
1218 3025 1247 3069 o.
1262 3005 1350 3068 XIX.
1368 3025 1401 3068 n.
1421 3005 1456 3068 6:
1475 3024 1555 3069 mox
1564 3003 1643 3084 jure
1656 3004 1742 3069 belli

325 3108 482 3175 retractis
508 3111 689 3197 ergastulis
718 3111 893 3197 sexaginta
916 3109 1066 3196 amplius
1100 3109 1253 3173 millium
1279 3109 1361 3175 fecit
1393 3110 1609 3173 exercitum?
1649 3112 1740 3175 cort.

326 3249 347 3267 -
360 3216 436 3278 rs·
453 3212 516 3280 Ibi
529 3211 690 3280 triennio
698 3210 855 3302 frustra
876 3210 981 3277 trito.
1001 3216 1076 3280 haec
1088 3216 1133 3277 sd
1150 3213 1333 3278 Servilium
1354 3213 1449 3277 Proc.
1467 3214 1597 3277 Ciliciae
1614 3213 1742 3280 referre

325 3322 427 3408 licet,
447 3323 509 3404 qui
531 3318 697 3401 Eutropio
716 3326 801 3380 teste
822 3325 890 3379 tres
915 3318 1079 3405 deinceps
1096 3338 1206 3383 annos
1228 3318 1360 3382 bellum
1382 3324 1501 3381 contra
1519 3316 1646 3401 piratas
1667 3338 1742 3404 ges·

326 3430 382 3494 sit.
401 3428 463 3493 cir.
484 3443 586 3511 supra
607 3441 684 3505 pag.
706 3424 736 3488 8.
762 3431 797 3485 et
818 3443 848 3503 9.
873 3438 923 3484 ao.
951 3444 986 3487 n.

405 3527 543 3600 Oratio
554 3523 629 3595 'Coi
638 3526 761 3593 Cottae
771 3528 823 3593 od
831 3530 1009 3616 populum
1022 3532 1126 3597 Rom.
1139 3529 1271 3621 itaVat.
1284 3548 1311 3590 1.
1332 3521 1469 3593 Oratio
1486 3526 1738 3597 Concavata

325 3629 416 3701 hanc
426 3636 628 3701 Orationem
641 3636 685 3698 ad
696 3636 757 3697 111.
770 3634 900 3699 librum
909 3635 1101 3720 pertinere,
1116 3633 1252 3697 nullum
1264 3640 1313 3696 est
1326 3632 1490 3710 dubium3
1507 3634 1635 3721 quippe
1644 3640 1739 3720 quod

322 3739 399 3824 jam
415 3742 521 3804 codd.
536 3751 571 3807 et
591 3743 681 3809 Edit.
698 3741 811 3804 Princ.
824 3744 956 3807 Veneta
975 3743 1139 3817 doceant,
1160 3737 1222 3801 ubi
1237 3746 1317 3802 ante
1337 3739 1530 3804 orationem
1548 3742 1594 3804 M.
1611 3740 1739 3806 Licinii

326 3845 456 3930 scripta
465 3848 671 3911 estsccedit
680 3845 789 3931 ipsius
799 3845 951 3909 nominis
959 3844 1209 3910 testimoniumz
1222 3843 1303 3923 Cajo
1311 3844 1404 3909 enim
1411 3847 1508 3909 Cotta
1517 3848 1590 3907 Cos.
1596 3846 1739 3911 seditio·

326 3973 389 4021 nes
398 3952 593 4019 domestice
604 3964 687 4017 ortae
697 3962 786 4035 sunt,
795 3951 970 4033 dequibus
978 3951 1059 4015 vide
1068 3969 1169 4033 supra
1178 3972 1211 4034 p.
1224 3954 1300 4014 rba
1311 3952 1357 4014 Μ.
1367 3951 1461 4015 enim
1470 3954 1736 4036 Cottmpersona,

325 4060 389 4145 qui
398 4060 491 4147 leges
502 4080 523 4125 a
533 4060 637 4125 fratre
647 4056 816 4141 inpopuli
828 4059 973 4142 gratiam
983 4058 1070 4121 latas
1084 4055 1282 4141 abrogavit,
1296 4058 1372 4121 talis
1383 4054 1494 4121 oratio
1507 4055 1611 4140 plane
1623 4056 1737 4121 aliena

291 4172 305 4186 ‘
324 4166 409 4248 iuit3
432 4161 473 4234 ed
489 4168 583 4233 enim
600 4184 692 4228 anno
707 4172 819 4247 patres
831 4164 962 4247 populo
979 4184 1049 4228 non
1067 4160 1354 4249 blandiebantur,
1374 4162 1433 4226 sed
1447 4161 1564 4246 potius
1575 4160 1613 4225 in
1624 4162 1737 4227 homi·

326 4289 389 4341 nes
402 4276 586 4364 populares
600 4270 793 4337 seviebant.
807 4269 867 4335 cfr.
882 4270 977 4335 Orat.
997 4268 1106 4334 Licin.
1121 4290 1155 4353 p.
1169 4272 1239 4349 254.
1252 4278 1286 4337 et
1300 4278 1434 4335 nostros
1443 4270 1574 4334 Coram.
1588 4286 1689 4353 supra
1701 4288 1735 4352 p.
