4050 5009
556 312 627 419 146

552 489 624 567 bus
642 490 774 578 Iacere.
825 495 968 571 Contra
987 518 1031 571 ea
1052 492 1237 598 oppidani
1256 493 1301 570 in
1317 517 1522 600 proxumos
1536 512 1624 569 saxa
1641 488 1810 580 volvere3
1828 483 1942 571 sudes,

552 616 656 719 pila,
676 634 858 722 practerea
881 619 1008 723 picem
1022 617 1209 723 sulphure
1224 633 1263 694 et
1283 617 1379 694 tuda
1405 618 1564 693 mixtam
1588 611 1762 690 ardentia
1787 610 1940 683 mittere

554 740 629 817 Sed
666 769 716 819 ne
747 742 833 823 illes
866 742 1042 845 quidem,
1070 743 1140 845 qui
1162 741 1298 846 procul
1320 756 1560 832 manserant,
1584 739 1699 814 timor
1725 733 1846 811 animi
1864 730 1944 807 satis

512 886 518 891 ·
556 866 774 943 muniverat
791 899 802 961 3
834 893 926 943 nam
959 867 1161 970 plerosque
1194 865 1319 940 iacula
1350 865 1547 941 temnentis
1581 878 1650 939 aut
1679 886 1801 936 manu
1823 857 1946 933 emissa

556 990 811 1085 vulnerabant
825 992 988 1095 parique
1006 989 1200 1094 periculo,
1220 989 1286 1064 sed
1304 987 1406 1065 fama
1422 986 1580 1093 impari,
1600 986 1694 1062 boni
1718 1000 1837 1087 atque
1851 982 1949 1084 igna-

509 1131 547 1191 58
561 1113 600 1188 vi
618 1131 737 1191 erant
792 1118 900 1189 Dum
920 1113 1025 1217 apud
1040 1115 1200 1190 Zamam
1212 1113 1464 1203 siccertatur,
1487 1110 1674 1217 Iugurtha
1690 1135 1738 1185 ex
1755 1102 1950 1210 improviso

445 1331 448 1337 μ
557 1255 679 1313 castra
698 1235 868 1314 hostium
890 1266 979 1313 cum
1003 1265 1142 1341 magna
1163 1264 1284 1312 manu
1300 1237 1448 1313 invadit
1469 1270 1476 1311 :
1501 1235 1682 1323 remissit,
1704 1231 1773 1337 qui
1795 1232 1839 1306 in
1861 1252 1951 1333 prae·

557 1362 654 1437 sidio
677 1380 804 1451 erant,
825 1378 863 1437 et
881 1362 1010 1437 omnia
1022 1363 1139 1467 magis
1152 1389 1270 1463 quam
1282 1340 1458 1465 praelium
1471 1359 1793 1465 exspectantibus,
1809 1368 1953 1468 portam

558 1487 749 1590 irrumpit
769 1491 820 1561 At
835 1487 972 1576 nostri,
991 1486 1192 1590 repentino
1205 1501 1310 1559 metu
1326 1484 1500 1589 perculsi,
1515 1484 1589 1558 sibi
1612 1483 1774 1586 quisque
1792 1505 1864 1584 pro
1879 1502 1954 1550 mo-

559 1608 666 1683 ribus
689 1610 914 1685 consulunt:
947 1609 1014 1683 alii
1032 1609 1180 1713 lugere,
1200 1607 1266 1681 alii
1285 1634 1391 1682 arma
1414 1634 1579 1711 capere:
1606 1632 1744 1711 magna
1774 1628 1863 1707 pars
1882 1597 1956 1675 rol·

561 1731 684 1809 nerati
701 1750 770 1809 out
786 1733 906 1809 occisi.
942 1736 1119 1809 Ceterum
1131 1758 1177 1806 ex
1195 1732 1300 1806 omni
1315 1729 1567 1806 multitudine
1581 1757 1661 1805 non
1686 1726 1852 1832 amplius
1870 1749 1959 1829 qua-

561 1856 760 1961 draginta,
796 1882 978 1932 memores
1004 1856 1172 1931 nominis
1201 1855 1379 1945 Romani,
1405 1862 1528 1960 ‘grege
1552 1854 1654 1929 facto
1680 1851 1810 1929 locum
1833 1871 1960 1953 cepere

429 2010 436 2017 ·
561 1981 695 2085 paullo
716 2008 834 2085 quarn
854 1980 921 2054 alii
940 1979 1168 2073 editiorem,
1192 2004 1318 2082 neque
1337 1978 1428 2053 inde
1447 2005 1626 2053 maxuma
1654 1977 1693 2053 vi
1714 1976 1854 2081 depelli
1880 1970 1961 2076 qui·

562 2122 723 2181 rerunt:
747 2104 812 2181 sed
836 2104 909 2180 tela
932 2104 1081 2179 eminus
1094 2103 1204 2177 missa
1218 2102 1426 2195 remittere,
1444 2102 1560 2207 pauci
1582 2103 1624 2176 in
1640 2100 1818 2207 pluribus
1839 2099 1963 2174 minus

564 2228 751 2305 frustrati:
767 2229 826 2303 sin
843 2227 1019 2302 Numidae
1035 2226 1193 2330 propius
1209 2226 1460 2317 accessissent,
1476 2226 1530 2299 ibi
1546 2252 1634 2301 vero
1650 2226 1833 2303 virtutem
1847 2238 1965 2298 osten-

565 2354 655 2430 dere
681 2369 721 2428 et
744 2377 806 2427 eos
835 2377 1014 2425 maxuma
1041 2351 1079 2425 ri
1104 2349 1265 2439 caedere,
1295 2348 1458 2425 linndere
1479 2364 1598 2452 atque
1621 2348 1763 2455 fugare
1808 2346 1965 2423 Interim

565 2474 742 2554 Metellus
761 2500 887 2577 quum
911 2498 1107 2549 acerrume
1130 2498 1211 2547 rern
1227 2486 1382 2577 gereret,
1413 2473 1620 2549 clamorem
1634 2470 1814 2549 hostilem
1830 2472 1880 2547 ab
1897 2486 1966 2546 ter·

568 2628 615 2706 go
641 2601 811 2703 accepit:
836 2597 945 2687 dein,
970 2622 1151 2673 convorso
1172 2622 1271 2698 equo
1304 2596 1593 2689 animadvortit,
1612 2596 1745 2704 fugam
1764 2596 1872 2673 adse
1886 2622 1972 2671 vor·-

568 2750 655 2801 sum
675 2722 769 2799 lieri
792 2756 800 2797 ι
826 2748 913 2825 qnoe
936 2746 993 2797 res
1027 2719 1225 2796 indicabat
1254 2720 1450 2823 popularis
1476 2745 1560 2797 esse.
1609 2723 1734 2828 Igitur
1757 2721 1968 2831 equitatum

573 2926 600 2967 ι.
620 2904 687 2968 sen.
702 2924 729 2965 1.
745 2913 888 2983 pretereo
901 2901 967 2983 pice
977 2908 1005 2960 et
1018 2900 1157 2979 sulplmre
1171 2901 1281 2960 {cedem
1299 2899 1416 2960 mutum
1428 2901 1568 2962 ardentia
1584 2901 1708 2964 mittere.
1728 2900 1808 2964 hanc
1817 2904 1967 2965 lectionem

569 3010 655 3076 Grut.
669 3030 704 3070 ex
716 3010 882 3069 coniectura
894 3008 1018 3079 iuverit,
1029 3007 1069 3065 ita
1080 3004 1151 3085 legit
1163 3004 1244 3064 Vrat.
1258 3025 1283 3063 ι.
1301 3003 1395 3085 picem
1404 3014 1432 3065 et
1445 3006 1583 3087 sulphure
1596 3009 1707 3067 ludum
1719 3007 1847 3067 mutum
1857 3000 1971 3067 ardenti

559 3114 655 3175 ‘Faba
672 3114 761 3176 llirii.
774 3112 851 3176 Tur.
869 3109 964 3192 picem
977 3110 1114 3190 mlphure
1128 3116 1156 3169 et
1174 3110 1284 3169 redum
1299 3109 1425 3169 mutam
1437 3111 1559 3172 ardenti
1567 3111 1670 3173 Carrio
1681 3112 1785 3177 edidit
1800 3114 1970 3175 confirment

568 3220 655 3281 Febr.
667 3240 694 3281 a.
708 3220 804 3283 Struv.
818 3216 886 3277 Eec.
897 3215 1025 3281 Guelia.
1036 3236 1099 3295 Μ.
1118 3213 1198 3273 Leid.
1206 3213 1236 3274 d.
1243 3235 1269 3273 o.
1277 3214 1297 3274 f.
1305 3211 1337 3273 h.
1345 3214 1365 3274 i.
1374 3215 1402 3273 k.
1418 3215 1476 3281 Pal.
1486 3235 1515 3276 a.
1528 3216 1556 3281 5.
1568 3239 1598 3300 7.
1617 3217 1911 3301 utlphurelpr'cemet
1921 3226 1971 3276 tu»

572 3324 779 3387 darurtietom
789 3320 929 3383 ardentio
947 3320 1029 3381 Vrat.
1039 3340 1067 3384 a.
1071 3318 1167 3399 picem
1180 3317 1319 3398 sulphure
1333 3328 1362 3379 et
1377 3321 1486 3381 tudam
1501 3321 1629 3384 mutum
1640 3321 1763 3385 ordemi
1779 3323 1866 3385 Febr.
1880 3344 1905 3385 1.
1917 3323 1969 3383 ine.

577 3450 614 3489 ιιη
631 3428 717 3489 ilem.
733 3448 760 3490 1.
779 3424 901 3488 tuat.
922 3423 1083 3484 Guelf.12.
1103 3422 1190 3483 Paris.
1198 3444 1225 3489 ι.
1234 3444 1260 3483 e.
1272 3422 1335 3483 Bas.
1343 3424 1372 3495 l.
1402 3425 1547 3487 accedunt
1565 3428 1663 3490 senat.
1674 3450 1703 3489 ι.
1722 3430 1826 3491 Ηοιιιι.
1841 3428 1934 3493 Guelf.
1946 3444 1967 3485 ι.

576 3552 624 3598 ιο.
640 3551 687 3592 ιι.
707 3531 759 3592 sed
770 3542 885 3591 mutato
895 3528 1052 3591 verborum
1065 3526 1186 3602 ordine,
1205 3530 1319 3609 copule
1333 3532 1458 3591 maxime
1473 3534 1619 3612 positione
1634 3535 1775 3599 minute.
1794 3536 1901 3596 simila
1908 3539 1969 3592 snut

573 3636 643 3698 vlu.
657 3655 684 3696 a.
699 3646 727 3697 et
739 3634 865 3696 Remu.
883 3635 939 3693 nisi
957 3633 1037 3715 quod
1052 3630 1189 3692 ardeat
1203 3635 1314 3713 legunt.
1334 3636 1427 3696 rudus
1439 3636 1706 3700 mistasorderuio.
1726 3640 1826 3701 Gueli.
1837 3641 1868 3703 3.
1884 3638 1970 3721 pr'ctm

575 3758 645 3801 acm
663 3739 801 3819 sulphure
833 3747 863 3799 et
880 3740 960 3797 tado
989 3735 1116 3796 mutam
1139 3736 1277 3796 ardentio
1302 3735 1393 3798 Aced.
1417 3739 1512 3819 picem
1529 3742 1669 3823 udplture
1691 3754 1721 3806 et
1749 3748 1832 3807 loeda
1853 3746 1968 3807 mittum

576 3843 719 3905 ordmtie
735 3842 805 3905 Vin.
822 3863 849 3907 1.
870 3841 931 3905 Bae.
945 3861 970 3901 ι.
989 3842 1057 3907 sen.
1074 3860 1101 3901 ι.
1121 3840 1206 3905 Paris.
1219 3862 1248 3901 c.
1259 3840 1289 3906 d.
1308 3842 1393 3902 Bern-
1404 3850 1432 3908 3.
1458 3845 1561 3906 Penii).
1577 3848 1611 3909 B.
1629 3848 1703 3911 Pub.
1721 3850 1817 3919 Mnrl.
1826 3865 1863 3916 Λ.
1882 3846 1967 3911 Gueli.

575 3948 607 4019 A.
627 3947 743 4011 Leidl.
762 3948 850 4007 etism
861 3944 930 4005 Nan.
950 3947 1007 4005 nial
1027 3944 1108 4026 qnod
1127 3948 1237 4006 turdum
1250 3948 1330 4028 legit.
1361 3949 1539 4012 omnmltaec
1550 3954 1691 4015 amaneu
1708 3958 1825 4038 aliquot
1835 3951 1967 4019 Palmati·

577 4049 828 4112 mereatu
846 4048 967 4131 mug.
987 4048 1039 4110 ue
1055 4068 1092 4109 ιω
1107 4047 1172 4110 utos
1189 4050 1322 4131 uuam.
1335 4054 1455 4134 quum
1472 4076 1541 4116 om.
1554 4045 1702 4127 vinam.
1722 4063 1828 4128 sim..
1842 4061 1965 4139 caeny-

580 4175 630 4219 ιιι
650 4174 704 4217 nec
718 4158 821 4237 legunt
838 4154 924 4214 Bern.
941 4174 970 4213 ι.
987 4153 1055 4213 lice.
1074 4153 1158 4218 ilem.
1171 4172 1198 4215 1.
1215 4156 1284 4216 Seu.
1297 4179 1326 4220 ι.
1345 4158 1454 4221 Heme>
1467 4161 1566 4224 Guell.
1577 4163 1608 4235 d.
1627 4168 1717 4227 etiam
1731 4167 1789 4235 dc.
1803 4170 1866 4232 inc.
1876 4189 1904 4230 ι.
1921 4159 1966 4245 qli

577 4270 676 4321 umen
692 4258 810 4339 sudden
828 4258 998 4320 omiserunt.
1018 4256 1210 4319 vulnerabunt
1229 4259 1280 4328 Ac,
1298 4262 1410 4331 Seu-a.
1428 4266 1538 4332 lienes.
1548 4270 1674 4337 Vtatur.
