4050 5009
427 322 589 415 ss'

421 527 642 597 nantissime
662 516 900 591 contentiones
919 524 958 589 in
976 526 1064 591 urbe
1081 525 1184 593 tuere
1213 527 1369 594 Primum
1386 530 1424 595 L
1441 530 1586 595 Roscius
1606 530 1700 615 Otho
1719 540 1761 603 tr.
1780 536 1827 621 pl.

421 659 501 703 oum
522 654 645 719 magna
667 633 795 719 populi
816 631 947 696 invidia
966 633 1083 719 legem
1095 632 1191 711 tulit,
1218 642 1257 697 ut
1279 634 1319 698 in
1339 638 1472 704 theatro
1502 637 1677 720 equitibus
1699 642 1828 707 Roma·

420 742 477 809 nis
494 744 542 805 XI
565 740 704 805 ordines
727 739 902 825 spectandi
922 740 1034 826 gratia
1056 743 1228 805 darentur.
1257 740 1318 807 cfr.
1346 744 1467 809 Asson.
1496 743 1637 808 Pedian.
1668 744 1708 809 in
1744 749 1828 813 Cor·

334 882 336 889 .
419 846 595 913 uelianam
606 870 639 930 p.
657 862 723 923 140.
744 866 820 928 quae
840 845 981 929 quidem
992 848 1048 911 lex
1054 890 1066 921 ,
1079 846 1244 912 Cicerone
1259 858 1414 933 auctore,
1433 850 1609 932 equitibus
1623 851 1827 938 dignitatem

421 962 456 1021 et
471 955 682 1037 voluptatem
703 952 868 1029 restituit,
888 974 952 1037 pro
975 956 1129 1021 Muraena
1147 975 1175 1019 c.
1203 975 1250 1034 ¹9·
1271 955 1393 1036 veltej.
1415 959 1460 1021 11.
1480 956 1577 1041 w)
1596 958 1712 1027 Multae
1731 958 1827 1049 leges

342 1128 344 1133 ,
421 1080 443 1123 a
455 1060 616 1123 Cornelio
631 1068 670 1125 tr.
687 1059 734 1143 pl.
755 1068 899 1144 rogatae,
920 1080 1004 1143 una,
1019 1082 1085 1135 ,ne
1103 1059 1182 1141 quis
1192 1060 1230 1123 in
1244 1070 1363 1127 senatu
1377 1064 1511 1150 legibus
1522 1064 1735 1145 solveretur,
1756 1064 1827 1131 nisi

420 1167 481 1235 GC.
503 1160 692 1249 affuissent,
712 1186 797 1231 neve
815 1166 909 1249 quis,
930 1188 1009 1231 cum
1028 1166 1160 1232 solutus
1182 1174 1282 1249 esset,
1305 1162 1550 1257 intercederet,
1570 1192 1648 1236 oum
1667 1175 1711 1237 de
1731 1192 1773 1236 ea
1787 1190 1825 1237 re

421 1274 465 1335 ed
483 1274 650 1357 populum
671 1270 851 1365 tenetur.»
876 1274 1012 1356 Altera,
1031 1278 1092 1347 ,ut
1110 1279 1272 1355 pretores
1291 1292 1333 1336 ex
1352 1273 1424 1337 suis
1444 1278 1566 1340 edictis
1583 1276 1826 1361 perpetuisjus
1873 1360 1877 1365 A

418 1377 602 1444 dicerem.»
621 1378 753 1463 Tertia,
768 1399 819 1444 :ne
836 1378 914 1462 quis
927 1378 1050 1466 legatis
1062 1387 1279 1444 externarum
1296 1378 1478 1443 nationum
1497 1380 1682 1463 pecuniam
1700 1399 1827 1465 erpen-

419 1503 493 1549 ssm
513 1484 634 1566 ferret3
653 1498 686 1551 et
702 1494 839 1571 quarta,
862 1486 1019 1571 nequis,
1043 1486 1112 1550 nisi
1122 1508 1185 1571 per
1193 1486 1362 1580 populum
1374 1484 1509 1572 legibus
1524 1484 1727 1567 solveretu13
1747 1506 1827 1569 qua

417 1608 536 1655 omnes
544 1594 768 1679 promulgatas
775 1594 917 1677 quidem
925 1594 1235 1661 sediutereessione
1242 1594 1424 1675 autiquatae
1436 1600 1532 1671 sunt3
1548 1594 1670 1674 quade
1683 1600 1825 1658 retente

418 1698 541 1781 populi
560 1699 611 1762 ira
625 1700 709 1783 luit,
728 1711 767 1764 ut
788 1702 947 1765 Consulis
967 1701 1073 1765 fasces
1086 1700 1342 1786 frangerentur,
1360 1700 1560 1783 lapidesque
1580 1698 1686 1763 etiam
1709 1717 1752 1763 ex
1767 1699 1825 1761 ul·

352 1861 360 1873 ,
421 1798 505 1865 timu
519 1806 685 1871 concione
703 1806 740 1869 in
751 1809 927 1871 consulem
933 1808 1143 1888 jacerentur.
1163 1806 1251 1870 Aliis
1268 1805 1421 1869 Cornelii
1435 1806 1572 1890 legibus
1580 1806 1739 1889 plerique
1749 1804 1826 1885 ejus

416 1906 556 1993 collegae
578 1911 851 1974 intercesserunt.
874 1912 934 1975 cfr.
952 1915 1076 1978 Ascon.
1098 1912 1239 1980 Pedion.
1269 1906 1408 1997 Xrgum.
1429 1911 1699 1997 Cornelianaep.
1722 1925 1825 1972 sur-

417 2016 486 2077 123.
506 2015 610 2076 Dion.
633 2014 722 2078 Cass.
743 2018 890 2083 XXXVI.
910 2034 960 2082 πα.
981 2024 1031 2083 23.
1059 2022 1185 2105 Legem
1207 2038 1345 2102 quoque
1362 2021 1406 2083 de
1426 2016 1559 2080 ambitu
1580 2026 1826 2101 proposuerat,

413 2121 474 2182 sed
494 2128 630 2183 senatus
646 2122 768 2184 eadem
788 2122 831 2187 de
849 2143 887 2188 re
906 2126 1083 2190 consulem
1099 2126 1211 2212 legem
1231 2122 1320 2190 ferre
1335 2124 1451 2201 jussit,
1475 2142 1552 2203 quse
1573 2118 1758 2205 calpurnia
1776 2120 1824 2183 ab

415 2242 457 2289 eo
475 2226 664 2311 appellatas
694 2226 733 2311 in
765 2248 834 2310 qua
854 2239 978 2317 praeter
1005 2230 1092 2294 ulios
1110 2248 1227 2314 poenus
1250 2227 1452 2313 pecuniario
1471 2216 1610 2309 quoque
1626 2244 1729 2311 poens
1750 2230 1825 2293 eret

414 2438 460 2501 de
479 2442 548 2499 turn
566 2435 696 2502 famosa
715 2436 877 2512 victoria,
903 2453 1006 2515 quam
1030 2452 1223 2517 cognomen
1248 2433 1420 2497 Creticum
1437 2434 1824 2517 reportavitnwturnu

415 2542 499 2607 chus
516 2544 634 2626 Pomp.
652 2564 680 2606 c.
704 2560 753 2621 29.
784 2538 929 2601 Lucium
947 2538 1131 2602 Octavium
1147 2558 1168 2599 a
1188 2537 1352 2620 Pompejo
1368 2536 1511 2600 missum
1530 2539 1651 2617 tradit,
1670 2559 1825 2623 eumque

416 2667 493 2713 eum
508 2649 550 2711 ab
562 2650 716 2714 hostium
732 2646 887 2731 partibus
902 2644 1057 2729 stetisset,
1078 2664 1098 2708 e
1111 2642 1257 2708 Lucullo
1271 2652 1408 2727 captum
1422 2653 1455 2707 et
1474 2644 1748 2729 malehabitum,
1763 2646 1825 2709 di·

414 2752 557 2819 missuri
574 2756 693 2833 iuisse;
714 2752 883 2817 consentit
902 2752 971 2817 Dio
989 2750 1124 2817 Cassius
1136 2752 1212 2818 Lib.
1231 2751 1379 2818 XXXVI.
1399 2772 1426 2819 1.
1443 2773 1471 2813 2.
1490 2753 1543 2816 De
1559 2748 1824 2826 controversiis,

412 2880 489 2947 quae
511 2861 603 2929 inter
628 2860 808 2927 Metellum
832 2868 866 2923 et
883 2858 1086 2945 Pompejum
1110 2862 1155 2925 de
1180 2857 1395 2924 Cretensium
1418 2858 1596 2924 deditione
1619 2864 1703 2922 ortae
1722 2862 1824 2937 sunt,

415 2968 475 3031 eir.
497 2967 642 3048 Appiun.
670 2974 703 3026 et
722 2968 825 3027 Dion.
849 2966 887 3032 ll.
914 2967 952 3031 ll.
975 2987 1044 3051 qua
1065 2969 1109 3031 de
1128 2984 1166 3029 re
1188 2966 1306 3028 Livius
1329 2966 1418 3050 Epit.
1439 2967 1562 3028 xmx:
1580 2969 1746 3045 ,praetera
1765 2976 1824 3022 res

416 3078 526 3157 gestas
543 3085 563 3126 a
579 3068 619 3151 Q.
632 3068 771 3134 Metello
788 3073 947 3137 adversus
973 3074 1148 3138 Cretenses
1168 3070 1340 3145 continet,
1360 3076 1395 3129 et
1411 3068 1576 3146 epistolas
1587 3068 1649 3131 Gn.
1662 3062 1823 3147 Pompeii

416 3181 450 3239 et
468 3170 601 3237 Metelli
617 3172 763 3241 invicem
781 3178 917 3249 missas3
938 3175 1095 3247 queritur
1116 3166 1296 3243 Metellus,
1321 3160 1469 3243 gloriam
1488 3164 1557 3225 sibi
1577 3184 1692 3228 rerum
1709 3176 1823 3254 gesta-

413 3302 491 3347 rum
512 3280 715 3361 apotnpejo
737 3272 892 3356 praeripi,
914 3268 977 3345 qni
1001 3266 1040 3326 in
1062 3268 1198 3327 Cretam
1216 3262 1348 3326 miserit
1370 3264 1523 3350 legatum
1538 3286 1639 3332 suum
1661 3274 1705 3334 ad
1727 3274 1820 3338 aed·

413 3390 558 3473 piendas
585 3382 727 3447 urbium
754 3372 958 3437 deditiones.
988 3368 1170 3452 Pompejus
1201 3372 1369 3433 rationem
1398 3371 1532 3447 reddit.
1561 3375 1629 3439 hoc
1649 3376 1820 3445 sefacere

414 3488 604 3553 debuisse)
624 3487 672 3546 id.
685 3479 774 3567 Epit.
790 3480 828 3541 C.
850 3478 912 3563 ,Q
925 3472 1103 3560 Metellus,
1115 3476 1319 3560 perdomitis
1334 3477 1568 3564 Cretensibus,
1588 3481 1708 3548 libero
1723 3484 1761 3547 in
1776 3486 1816 3550 id

416 3602 548 3677 ternpus
570 3584 692 3655 insulae
710 3588 803 3675 leges
817 3584 945 3650 dedit.²>
964 3581 1025 3650 cfr.
1044 3581 1165 3662 Vellej.
1183 3582 1247 3645 1.1.
1267 3588 1339 3659 ,Ne
1363 3583 1407 3646 ab
1425 3586 1527 3666 hujus
1545 3584 1688 3668 quidem
1711 3610 1819 3657 usura

416 3696 537 3785 gloriae
557 3696 758 3777 temperavit
776 3694 930 3756 animum
950 3690 1010 3753 Cn.
1030 3688 1228 3774 Pompeius,
1248 3690 1334 3772 quin
1352 3690 1504 3755 rictoriae
1522 3703 1655 3777 purtem
1671 3714 1816 3763 conare-

415 3812 473 3873 tur
488 3798 672 3862 vindicare.
692 3798 759 3861 Sed
779 3808 812 3861 et
828 3796 964 3860 Luculli
981 3802 1016 3861 et
1030 3795 1163 3861 Metelli
1184 3796 1416 3879 triumphum,
1435 3816 1513 3859 cum
1525 3798 1679 3884 ipsorum
1695 3800 1816 3887 singu·

414 3906 500 3975 laris
524 3896 747 3979 virtus,'tum
776 3902 877 3967 etism
908 3900 1041 3965 invidia
1068 3900 1221 3986 Pompeii
1238 3902 1332 3987 opud
1352 3901 1522 3986 optimum
1539 3922 1710 3985 quemque
1731 3905 1817 3973 lecit

415 4010 674 4081 favorabilem.»

495 4118 533 4206 θ)
553 4113 725 4200 Liv.Epit.
743 4112 857 4177 XCIX.
876 4110 1122 4195 L.s,ltoscius,
1143 4110 1241 4195 tr.pl.
1262 4110 1371 4197 legem
1381 4110 1478 4194 tulit,
1498 4120 1538 4174 ut
1552 4112 1726 4195 equitibus
1741 4116 1814 4179 Ro-

417 4226 528 4297 mauis
547 4224 587 4291 in
605 4224 740 4289 theatro
760 4218 1020 4309 quatuordecim
1041 4220 1166 4305 gradus
1180 4216 1331 4301 proximi
1348 4216 1643 4304 adsignarentw
