4050 5009
1597 392 1669 473 85.

243 570 349 645 duliic
375 582 420 644 ad
449 579 710 667 Calaguritanos
733 599 755 644 a
777 578 942 666 Pompeio
960 580 1116 645 obsessos
1133 584 1168 643 et
1183 578 1656 657 extremaiamelaborautes.

241 686 301 755 etr.
320 694 444 771 prater
464 688 543 751 loca
568 705 672 772 supra
694 686 834 751 laudata
856 688 928 753 Val.
947 688 1039 751 Max.
1059 686 1094 777 1.Ι
1105 706 1134 749 c.
1153 686 1432 773 «Calagurritani,
1452 708 1522 771 quo
1540 708 1658 775 perse·

241 793 417 857 verantius
434 792 610 859 interemti
627 793 773 858 Sertorii
787 794 983 876 cineribus,
1001 791 1222 857 obsidionem
1241 794 1301 877 Cn.
1316 793 1472 879 Pompeji
1491 794 1660 861 frustran-

242 905 314 982 tes,
340 899 447 963 fidem
464 907 679 983 praestarent,
698 899 782 981 quia
803 899 940 965 nullum
957 898 1033 977 jam
1057 898 1155 961 aliud
1172 898 1211 961 in
1234 917 1354 963 eorum
1376 901 1463 967 urbe
1482 911 1659 987 supererat

242 1003 393 1085 animal3
423 1024 546 1069 uxores
566 1023 646 1069 suas·
663 1012 831 1082 natosque
848 1004 893 1065 ad
914 1022 1016 1066 usum
1032 1002 1172 1068 nefarie
1195 1004 1295 1091 dapis
1315 1014 1490 1071 verterunt
1510 1012 1544 1071 et
1561 1010 1661 1071 cade

242 1129 365 1175 verum
385 1110 555 1192 reliquias
580 1110 785 1173 salites-unt»
811 1108 874 1190 qui
895 1108 1039 1189 quidem
1057 1110 1243 1175 Salustium
1265 1120 1399 1177 secutus
1415 1132 1487 1179 esse
1506 1112 1658 1179 videtur.

241 1214 312 1281 Sed
327 1215 566 1301 Calaguritaui
583 1214 723 1278 nonnisi
740 1221 891 1278 extremo
907 1213 995 1279 belli
1015 1216 1206 1280 Sertoriani
1224 1236 1317 1281 anno
1336 1219 1465 1284 obsessi
1482 1228 1580 1299 suut,
1601 1240 1660 1284 cu·

238 1318 300 1397 jus
309 1320 391 1385 finis
404 1322 444 1385 in
457 1320 559 1385 tertio
571 1319 794 1383 historiarum
807 1318 900 1383 libro
909 1322 1174 1385 commemorari
1186 1342 1256 1387 non
1268 1322 1393 1406 potuit.
1403 1325 1570 1389 Caeterum
1583 1324 1661 1391 eal·
1701 1368 1706 1381 ·

242 1426 320 1489 lere
335 1424 436 1489 ctiam
452 1444 507 1509 ap.
519 1428 706 1490 Varronem
718 1424 859 1488 occurit.
872 1424 990 1507 Autiq.
1000 1428 1104 1489 Hum.
1114 1429 1154 1491 L.
1166 1428 1236 1495 XV.
1247 1437 1403 1493 mortuos
1418 1430 1557 1493 afflant
1573 1436 1607 1495 et
1620 1432 1659 1493 L.

241 1532 283 1593 L.
304 1532 363 1596 IV.
379 1530 417 1594 id
439 1550 544 1615 pecus
558 1531 711 1616 primum
730 1530 888 1596 occidere
910 1542 1084 1617 aoeperant
1106 1534 1271 1619 Domini,
1291 1543 1326 1599 ct
1343 1544 1383 1599 ut
1401 1544 1574 1601 corruent
1590 1534 1661 1601 sal·

241 1637 327 1701 lere.
350 1638 505 1701 Lucilius
525 1638 564 1701 in
580 1640 672 1703 VIII.
694 1639 818 1703 callere
835 1656 1017 1703 murenas.
1038 1638 1099 1703 cir.
1116 1639 1221 1704 etiam
1236 1640 1407 1705 Ammian.
1426 1640 1489 1723 qui
1503 1650 1659 1707 nostrum

243 1749 381 1809 secutus
406 1751 455 1809 est
475 1745 580 1810 xv11.
597 1746 634 1808 ὃς
653 1743 865 1809 trumentum
883 1746 929 1807 ad
943 1764 1026 1809 usus
1043 1744 1307 1811 diuturnitatem
1325 1756 1511 1811 excoctum.

309 1884 341 1897 ‹-
355 1870 427 1912 rr.·
447 1852 515 1933 Ep.
538 1844 634 1918 Curi
646 1847 801 1935 Pompei
816 1853 868 1915 ud
878 1853 1053 1916 Senatum
1072 1852 1120 1915 ita
1133 1855 1204 1916 duo
1217 1852 1383 1918 Vaticani
1407 1854 1485 1937 Quo
1504 1859 1659 1936 tempore

241 1956 318 2021 lnec
333 1955 479 2041 epistola
491 1955 691 2041 scriptasit,
710 1955 791 2021 vide
800 1976 903 2042 supra
912 1980 947 2041 p.
962 1976 1011 2019 ar.
1025 1958 1393 2044 QueriturPompejus,
1404 1959 1500 2040 quod
1513 1959 1660 2023 Senatus

242 2060 314 2125 sibi
333 2082 445 2143 neque
461 2071 711 2147 commeatum,
730 2083 844 2144 neque
863 2062 1077 2145 stipendium
1098 2062 1315 2144 submiserit3
1335 2083 1390 2127 res
1410 2082 1479 2126 ase
1492 2062 1660 2145 praeclare

244 2174 359 2250 gestas
377 2175 643 2246 commemorat,
663 2174 712 2239 et,
732 2164 801 2224 uisi
817 2166 986 2227 auxilium
1011 2166 1156 2249 fetatur,
1175 2169 1310 2229 bellum
1331 2168 1368 2229 in
1390 2166 1528 2227 ltaliam
1549 2174 1659 2227 trans-

245 2270 357 2332 latum
381 2267 428 2331 iri
455 2267 618 2330 minatur.
645 2266 688 2327 Iu
710 2282 870 2329 sermone
891 2264 1102 2349 'arrogantiae
1122 2267 1228 2349 pleno
1251 2264 1354 2327 facile
1376 2283 1538 2350 agnoscas
1555 2266 1661 2332 fallax

243 2373 401 2441 hominis
418 2370 616 2459 ingenium,
637 2372 699 2454 qui
717 2370 879 2434 simulata
894 2368 1104 2433 verecundia
1124 2366 1216 2433 male
1239 2368 1393 2433 innatam
1414 2369 1525 2433 animi
1543 2392 1661 2457 super-

243 2481 340 2545 biam
354 2480 505 2567 tegebat,
526 2496 629 2573 quem
650 2477 793 2561 quidem
808 2474 978 2540 Salustius
995 2474 1086 2539 hene
1101 2468 1178 2541 oris
1195 2470 1367 2558 improbi,
1384 2474 1510 2541 animo
1527 2473 1661 2543 intas·

245 2588 367 2651 cundo
386 2588 528 2651 dixerat.
549 2623 592 2639 -
607 2581 756 2669 penatis
775 2583 824 2647 ita
845 2591 895 2647 est
913 2582 953 2645 in
969 2580 1076 2646 Codd.
1098 2578 1175 2650 Vat.
1196 2618 1238 2634 -
1259 2588 1318 2647 tot
1344 2580 1492 2649 labores
1509 2622 1550 2636 -
1570 2602 1660 2667 quo·

247 2692 352 2757 tiens.
371 2694 445 2758 haec
468 2691 594 2777 optimi
620 2690 786 2772 cujusque
813 2688 899 2752 libri
920 2688 1043 2773 lectio,
1062 2708 1168 2770 quam
1193 2687 1378 2755 defendere
1397 2709 1471 2754 non
1495 2706 1583 2775 opus
1599 2696 1659 2755 est.

245 2798 283 2865 A
299 2796 423 2881 primu
450 2794 710 2861 attide-scentia.
737 2795 942 2879 Pompeium
962 2802 1031 2857 tres
1054 2803 1088 2857 et
1104 2794 1232 2878 viginti
1255 2815 1364 2858 annos
1383 2804 1502 2856 natum
1532 2798 1660 2861 exerci-

247 2911 323 2965 tum
346 2902 479 2985 privato
501 2901 649 2964 consilio
668 2901 708 2963 in
729 2919 812 2982 agro
834 2899 962 2960 Piceno
979 2898 1162 2959 collectum
1179 2898 1223 2953 ad
1239 2895 1371 2955 Sullam
1393 2898 1529 2959 duxisse
1550 2908 1584 2961 et
1597 2918 1660 2962 an·

250 3024 299 3067 uo
312 3012 389 3088 post
408 3023 450 3065 er
469 3002 584 3064 Africa
601 3001 848 3078 triumphasse,
870 2997 951 3057 satis
966 3002 1108 3057 constat.
1129 2994 1189 3057 cfr.
1207 2997 1296 3060 Plut.
1313 2998 1353 3063 V.
1374 3000 1494 3095 Pomp,
1513 3022 1541 3063 c.
1557 3002 1585 3071 5,
1603 3020 1657 3081 14³

252 3098 751 3191 scelestksumihostessusiz
764 3099 940 3162 Marianos
957 3116 1145 3181 eorumque
1160 3103 1263 3164 duces
1275 3102 1493 3192 Carrinatem,
1505 3107 1660 3194 Caelium,

250 3218 402 3289 Brutum,
413 3210 606 3275 Domitium
617 3217 650 3272 et
659 3206 829 3290 Lepidum
840 3203 1181 3289 intelligit.cfr.l’lut.
1193 3208 1312 3291 Pomp.
1323 3212 1663 3289 c.7.8.1o.11.1a.16.¹

252 3318 468 3387 votaretur
486 3311 643 3400 quoesito
669 3320 733 3378 est.
753 3312 910 3375 animum
927 3310 1081 3393 adverte,
1101 3320 1227 3392 quanta
1246 3314 1400 3379 hominis
1418 3314 1463 3379 sit
1479 3317 1660 3400 superbia3

181 3496 186 3503 ,
251 3428 353 3492 nullo
381 3424 475 3491 euim
500 3424 539 3486 in
564 3421 705 3507 proelio,
735 3420 832 3501 quod
859 3414 1025 3501 Pompejo
1052 3420 1240 3481 ducenum
1262 3418 1659 3513 hostibuscommissum

251 3534 382 3614 luerat,
401 3530 492 3594 salus
512 3527 713 3611 reipublicae
732 3522 1007 3609 periclitabatur,
1037 3522 1106 3587 nisi
1129 3526 1224 3605 quod
1251 3524 1290 3587 in
1307 3545 1428 3611 campo
1447 3528 1574 3593 Martio
1590 3526 1660 3593 fac·

253 3647 328 3701 tum
345 3642 405 3698 est.
433 3635 500 3697 Sed
523 3633 575 3695 ihi
594 3632 709 3697 Catuli
728 3650 833 3717 opera
855 3648 925 3692 nou
947 3628 1065 3690 minus
1083 3629 1180 3693 utilis
1199 3629 1276 3693 fuit.
1297 3628 1395 3695 nihil
1411 3634 1570 3717 amplius
1587 3635 1611 3699 i.
1628 3656 1658 3701 e.

251 3746 393 3820 serius,
418 3738 567 3815 atrocius
590 3734 712 3826 agitis.
737 3738 761 3801 i.
787 3758 818 3801 e.
844 3733 994 3799 statuitis
1021 3732 1082 3797 cfr.
1107 3736 1177 3797 Cat.
1209 3740 1258 3805 ia.
1284 3740 1374 3822 med,
1398 3747 1433 3803 et
1457 3739 1506 3803 ib.
1528 3742 1576 3805 ⁵5.
1597 3741 1662 3806 uhi

254 3846 383 3931 fucitis
401 3848 522 3911 eadem
546 3844 697 3907 notione.
722 3838 931 3932 projectum
954 3840 1014 3935 ad,
1030 3838 1171 3904 bellum.
1191 3845 1247 3907 vel
1264 3844 1331 3909 hoc
1351 3854 1480 3911 temere
1504 3846 1658 3925 dictum3

254 3953 399 4038 projecti
423 3950 515 4015 euim
533 3947 709 4025 dicuutur,
729 3966 877 4029 «prorum
899 3962 1002 4009 nemo
1020 3964 1137 4009 curam
1156 3948 1242 4032 agit,
1263 3959 1296 4013 et
1315 3951 1377 4031 qui
1393 3950 1658 4041 praesentissima

255 4058 334 4121 vitae
344 4057 499 4141 pericula
514 4054 613 4119 adire
630 4062 810 4139 coguntur.
831 4050 893 4115 cir.
906 4050 979 4113 Liv.
999 4068 1049 4115 aa.
1065 4068 1122 4129 44:
1142 4052 1325 4136 ,projectis
1335 4075 1375 4118 ac
1390 4056 1539 4140 proditis
1549 4056 1593 4114 ad
1603 4053 1658 4113 in-

257 4164 449 4229 consultam
459 4172 562 4245 atque
571 4159 801 4245 improvidam
810 4177 963 4244 pugnam
971 4157 1302 4244 legionibusrvirg.
1312 4161 1395 4223 Aen.
1411 4154 1658 4237 11.³6o:,quitl

258 4269 402 4337 miseros
413 4268 587 4335 totieusin
601 4272 718 4354 aperta
726 4265 882 4351 pericula
890 4262 1053 4351 projicis»
1064 4264 1130 4331 ubi
1139 4264 1289 4335 servius:
1311 4262 1411 4347 quasi
1421 4262 1508 4331 viles
1524 4269 1558 4329 et
1569 4259 1658 4343 abji-
