4050 5009
204 1235 208 1244 1
290 1203 405 1266 JULII
418 1203 739 1268 EXSUPERANTH
751 1201 1024 1266 OPUSCULUM
1038 1202 1098 1266 DE
1110 1203 1242 1268 MARII
1262 1181 1409 1268 LEPlDl
1429 1203 1484 1266 lc
1497 1205 1703 1270 SERTORlI

524 1339 530 1347 ¹
797 1351 944 1415 BELLIS
965 1351 1191 1420 CIVILIBUS.

583 1563 591 1570 ·
687 1543 749 1625 (Ex
770 1540 881 1606 Codice
899 1541 1040 1606 aarum
1060 1543 1138 1606 6085
1161 1542 1295 1622 editum.)

371 1765 448 1826 Cum
469 1765 541 1826 Luc.
562 1767 697 1827 Metellus
716 1763 773 1826 Pro
792 1765 829 1826 C.
850 1775 955 1826 contra
974 1763 1156 1850 Jugurtbam
1181 1767 1213 1827 in
1233 1764 1405 1828 Numidiam
1429 1769 1587 1831 exercitum
1608 1771 1703 1835 duce·

288 1883 353 1946 ret,
374 1872 501 1933 Marium
523 1893 558 1933 ex
576 1873 717 1955 gregariis
739 1872 886 1932 militibus
906 1893 1013 1954 genere
1036 1873 1201 1955 ignobilem
1215 1873 1266 1935 sed
1279 1875 1388 1936 virtute
1402 1887 1587 1955 praestantem
1601 1900 1702 1942 secum

288 1977 402 2042 habuit.
426 1983 522 2061 Quem
544 1999 613 2038 curn
636 1978 783 2038 militibus
804 1987 977 2059 quaestorem
999 1979 1131 2058 lecisset,
1150 1981 1193 2038 ita
1213 2000 1243 2040 se
1264 1981 1348 2040 lactis
1369 1980 1495 2042 sortibus
1517 1987 1702 2062 promiserat,

287 2095 322 2144 ut
339 2084 475 2144 hostibus
497 2084 620 2160 terrori,
641 2085 780 2144 Romano
805 2084 979 2166 imperatori
1001 2103 1085 2144 carus
1105 2094 1187 2150 esset.
1219 2083 1277 2143 Sed
1299 2087 1432 2146 victimas
1453 2087 1624 2152 immolanti
1644 2113 1705 2154 nu.

288 2191 420 2252 minibus
440 2193 472 2251 in
496 2192 611 2272 oppido
631 2192 848 2267 Numidarum,
863 2193 1036 2251 cuinomcn
1056 2200 1099 2250 est
1119 2189 1225 2266 Utica,
1246 2189 1415 2274 haruspices
1436 2213 1544 2276 magna
1566 2196 1699 2277 quaedam

287 2297 460 2379 impendere
480 2298 575 2358 Mario
596 2297 822 2378 responderunt.
851 2296 951 2377 Atque
972 2295 1084 2356 hortati
1104 2307 1194 2372 aunt,
1214 2307 1248 2356 ut
1270 2319 1334 2378 quae
1355 2301 1443 2362 uellet
1457 2301 1595 2378 auderet,
1616 2315 1703 2383 pete-

286 2414 390 2484 retque
401 2404 524 2463 celsiora
539 2403 689 2464 natalibus
700 2405 873 2486 meritisque
887 2409 1023 2483 majora3
1044 2403 1192 2485 siquidem
1208 2413 1315 2464 cuncta
1334 2403 1492 2468 videbatur
1512 2411 1595 2469 saror
1611 2429 1705 2491 spon-

285 2508 354 2570 dere
376 2509 510 2570 fortunae.
552 2509 638 2572 Tunc
666 2511 805 2593 capiendi
828 2513 1000 2572 consulatus
1024 2510 1132 2572 invasit
1152 2531 1262 2593 magna
1279 2511 1448 2595 cupiditas,
1478 2513 1516 2572 ad
1538 2535 1628 2597 quem
1647 2537 1704 2599 pe·

286 2616 410 2677 tendum
422 2626 542 2698 paratus
552 2617 711 2700 suffragiis,
731 2619 834 2679 relicta
847 2617 1001 2698 provincia
1009 2617 1149 2693 Metello,
1169 2617 1297 2678 Romam
1311 2619 1414 2695 venit,
1434 2617 1538 2702 ibique
1547 2621 1704 2684 dcldetelli

284 2722 373 2784 rebus
393 2724 547 2805 loquendo
566 2725 736 2803 corruptius
757 2747 793 2784 ac
817 2746 902 2783 suam
925 2723 1096 2784 extollendo
1121 2724 1260 2786 virtutem
1291 2724 1387 2785 effecit
1406 2728 1522 2788 animoa
1545 2730 1626 2811 volgi
1649 2749 1707 2790 cu-

283 2829 372 2912 pidos
392 2830 546 2904 novitatis,
568 2831 601 2890 iu
627 2850 715 2890 suum
741 2826 896 2888 excitando
920 2827 1072 2900 savorem,
1098 2826 1311 2905 adjuvantibus
1335 2830 1463 2890 tribunis
1480 2832 1588 2911 plebis.
1626 2835 1702 2896 Nam

283 2957 319 2996 co
342 2948 476 3018 tempore
498 2938 576 3017 iuter
596 2946 694 3018 patres
715 2954 751 2994 ac
768 2936 918 3015 populum
938 2931 1273 3002 studiodominalionis
1290 2945 1374 2995 erant
1392 2937 1515 2998 excitata
1531 2941 1701 3000 certamina.

282 3045 329 3104 lta
347 3045 460 3104 sactum
480 3055 538 3124 est,
558 3052 592 3104 ut
614 3042 698 3124 quasi
721 3041 754 3100 in
776 3041 939 3124 pernicicm
961 3038 1146 3115 nobilitatis,
1165 3061 1256 3123 quam
1275 3039 1421 3103 lacerabat
1445 3042 1573 3123 injuriis,
1592 3043 1702 3106 Marius

283 3153 369 3212 novis
396 3153 585 3212 extolleretur
613 3148 789 3210 honoribus.
829 3149 935 3228 Itaque
965 3147 1098 3207 comitiis
1129 3146 1334 3208 consularibus
1366 3150 1518 3210 universus
1551 3153 1699 3234 populus,

283 3259 336 3339 qui
364 3257 402 3317 ad
425 3258 598 3341 eligendum
624 3265 819 3338 convenerat,
839 3255 968 3314 Marium
995 3255 1149 3314 consulem
1177 3255 1279 3332 jussit:
1302 3263 1331 3315 ct
1354 3269 1453 3338 crepta
1480 3257 1600 3318 Metello
1628 3279 1705 3340 pro-

280 3365 394 3438 vincia,
414 3367 447 3426 iu
461 3363 635 3425 Numidiam
650 3364 754 3423 missus
768 3373 820 3427 cst.
845 3382 872 3422 a.
890 3361 948 3424 Sed
964 3363 989 3422 is
1011 3362 1065 3441 (ita
1086 3359 1172 3439 God)
1193 3371 1315 3444 accepto
1335 3367 1507 3446 consulatu,
1528 3367 1611 3445 quasi
1629 3385 1702 3445 spo-

282 3470 359 3529 lium
379 3472 508 3532 victoriae
525 3471 670 3552 superatis
690 3469 824 3552 patribus
846 3467 1015 3529 ostentabat
1021 3489 1031 3540 3
1053 3477 1212 3548 aperteque
1235 3489 1266 3528 se
1289 3489 1391 3529 eorum
1417 3471 1558 3551 potentiae
1575 3471 1700 3554 profite-

281 3574 370 3636 batur
390 3576 554 3638 adversum.
593 3577 652 3636 Sed
668 3597 737 3638 cum
761 3575 888 3636 militem
914 3594 1029 3637 novum
1053 3572 1209 3648 scriberet,
1230 3575 1345 3656 primus
1367 3574 1422 3654 (sic
1446 3575 1536 3654 Cod.)
1561 3577 1698 3638 omnium

277 3666 381 3763 ⁴capita
400 3703 504 3744 censos
525 3684 600 3746 circs
613 3685 783 3767 infidusque
797 3694 887 3764 atqua
904 3682 1028 3741 inutiles
1051 3679 1137 3740 duxit
1156 3679 1195 3738 ad
1215 3679 1347 3755 bellum3
1366 3692 1401 3741 ut
1421 3681 1479 3743 bac
1494 3685 1611 3744 ratione
1629 3703 1698 3744 cum

281 3787 404 3870 publico
433 3789 613 3850 detrimento
636 3794 752 3873 populo
779 3791 902 3874 gratiam
930 3785 1084 3863 redderet,
1115 3805 1214 3869 aquo
1234 3799 1365 3869 speratos
1387 3786 1516 3849 bonores
1538 3799 1699 3870 acceperat.

279 3895 354 3956 Nam
378 3900 509 3978 populus
528 3897 682 3958 Romanus
701 3919 755 3980 per
773 3902 876 3960 classes
897 3895 1006 3958 divisus
1033 3905 1095 3956 erat
1114 3905 1145 3956 et
1164 3914 1220 3977 pro
1243 3894 1418 3976 patrimonii
1438 3898 1578 3958 facultate
1595 3915 1698 3958 cenae-

280 3999 377 4062 batur.
405 4003 447 4064 Ex
470 4006 507 4064 iis
528 4025 651 4088 omnes,
670 4005 779 4088 quibus
804 4024 850 4065 res
870 4013 949 4085 erat,
969 4002 1009 4062 ad
1035 4003 1175 4063 militiam
1199 4001 1395 4064 ducebantur.
1422 4002 1587 4086 Diligenter
1614 4005 1695 4061 enim

277 4129 335 4188 pro
348 4111 471 4171 victoria
482 4110 679 4186 laborabant,
698 4114 751 4195 qui
765 4133 800 4173 ex
812 4110 947 4172 libertate
964 4107 1045 4170 bona
1064 4109 1160 4190 patria
1179 4110 1232 4190 (ita
1244 4130 1278 4173 ex
1301 4116 1380 4189 conj.
1403 4145 1444 4160 -·
1462 4113 1495 4170 in
1519 4108 1592 4174 God.
1618 4108 1694 4171 bono

211 4258 213 4262 -
279 4217 423 4299 scriptum
443 4217 494 4280 sed
512 4230 695 4283 correctum:
713 4229 742 4280 et
759 4217 868 4300 patrm)
887 4215 1095 4280 defendebant.
