4050 5009
395 366 454 477 ss,

394 560 496 643 quod
510 579 576 649 ego
590 576 651 623 vos
669 578 737 624 oro
760 564 872 641 atque
888 559 1037 627 obsecro
1059 563 1103 628 Ρ.
1123 560 1162 630 C.
1186 557 1245 627 uti
1261 557 1572 629 animadvortatis
1593 586 1664 631 neu
1681 568 1804 652 patia-

276 712 279 719 .
393 663 487 729 mirri
503 674 570 729 etc.
591 668 686 748 quod
706 686 748 729 eo
762 666 872 752 magis
884 666 997 731 visum
1018 678 1067 732 est
1083 669 1286 751 adscribere,
1304 677 1342 731 ut
1363 688 1404 733 ex
1425 670 1567 749 hujusce
1587 680 1621 735 et
1636 673 1801 739 similium

394 773 630 855 exemplorum
640 772 1024 858 collationeperspicere
1033 773 1433 858 possitjuventus‚quam
1442 775 1497 838 sui
1505 776 1801 845 similisSaiustius

392 878 431 941 in
447 878 593 943 historia
606 878 768 959 ubique.»
789 881 914 943 Douca.
936 874 1214 943 necessitatibus
1237 916 1286 971 '‘.
1300 877 1532 945 necessitates
1553 886 1674 947 eodem
1701 905 1799 951 sensu

393 984 492 1048 Catil.
511 978 569 1067 ιιι
586 986 721 1047 Sueton.
732 985 812 1049 Cas.
837 988 893 1048 68:
916 983 1042 1048 tamem
1059 992 1093 1048 et
1113 992 1242 1049 ceteras
1256 987 1470 1051 necessitates
1488 996 1666 1073 tantopere
1682 992 1803 1057 tolera·

392 1089 453 1153 bat
480 1091 529 1155 id.
556 1090 633 1155 Tib.
654 1105 706 1171 47.
737 1090 827 1154 Piim
849 1092 934 1175 Epp.
955 1092 984 1153 5.
1010 1110 1046 1171 93
1069 1084 1266 1154 alio'sensu
1289 1091 1358 1155 Cic.
1381 1095 1425 1156 de
1448 1090 1544 1157 Offic.
1571 1118 1597 1157 ι.
1620 1098 1649 1160 5.
1666 1104 1700 1161 et
1723 1100 1800 1161 Tac.

390 1196 514 1261 Annei.
535 1218 561 1259 ι.
582 1216 640 1273 ιιι
662 1216 744 1278 quoe
756 1215 833 1259 non
853 1196 898 1261 ab
923 1192 1104 1260 hostibus.
1127 1196 1320 1282 Calaguris,
1343 1198 1483 1275 Clunia,
1502 1198 1687 1279 Dianium,
1708 1205 1799 1265 Uxa-

389 1321 465 1375 ma,
491 1303 594 1380 Osca,
625 1300 780 1378 Termes,
806 1301 927 1385 Tutia,
958 1302 1002 1363 ab
1027 1302 1184 1365 hostibus
1201 1304 1414 1372 tenebantur.
1442 1306 1494 1368 ad
1518 1303 1801 1373 internecionem

391 1404 609 1473 vastavimus
636 1406 698 1470 cfr.
721 1406 890 1470 Ammian.
915 1408 1067 1471 Marcell.
1090 1410 1139 1472 28.
1156 1412 1216 1471 33ι
1245 1409 1496 1493 Leptitanoque
1514 1428 1598 1495 agro
1616 1418 1650 1473 et
1672 1409 1802 1475 Oeensi

387 1512 599 1579 interneciva
626 1512 855 1598 populatione
888 1514 1090 1577 transcursis
1122 1514 1182 1578 cir.
1209 1534 1312 1599 supra
1340 1516 1415 1579 Lib.
1442 1518 1484 1579 11.
1510 1516 1560 1577 ati.
1596 1511 1798 1581 internecio

389 1626 499 1685 terroe
522 1620 666 1705 dicitur,
694 1641 772 1683 oum
791 1626 826 1684 et
844 1620 947 1683 urbes
971 1620 1232 1705 exscinduntur,
1260 1630 1293 1685 et
1315 1642 1476 1708 agrorum
1494 1622 1643 1685 cultores
1663 1622 1797 1685 tollun-
1839 1636 1843 1647 ·

386 1731 455 1789 tur.
473 1728 534 1790 cir.
556 1728 687 1792 Colum.
711 1743 741 1805 4.
772 1744 828 1790 aa:
858 1729 902 1789 ad
924 1725 1198 1791 internecionem
1220 1728 1337 1791 vineta
1358 1730 1556 1812 perducere.
1578 1727 1798 1791 maritumas

364 1822 367 1826 ’
388 1830 464 1895 Vct.
493 1854 520 1894 ι.
542 1833 762 1898 maritumas
780 1828 962 1917 civitates,
988 1836 1091 1899 ultro
1110 1829 1215 1898 nobis
1235 1832 1399 1917 sumptui
1420 1830 1611 1917 onerique,
1631 1833 1680 1896 ita
1700 1833 1799 1897 Ciac·

387 1936 482 2001 conii
507 1938 610 2014 libri,
641 1950 675 2021 et
698 1938 787 2005 Edit.
808 1941 947 2005 Veneta.
977 1940 1131 2004 Vaticani
1158 1958 1228 2003 ιιοιι
1256 1940 1484 2004 consentiunt.
1518 1940 1585 2001 Sed
1608 1938 1730 2002 Latine
1746 1938 1798 2002 ita

387 2041 460 2105 dici
482 2065 582 2129 posse
602 2066 704 2111 nemo
726 2054 843 2134 negatJ
872 2045 937 2110 etsi
960 2046 1087 2128 quibus
1114 2048 1206 2109 hunc
1230 2046 1399 2127 loquendi
1420 2066 1516 2109 usum
1538 2044 1688 2107 illustrat
1714 2045 1799 2107 Cor·

385 2146 455 2235 tius
477 2153 657 2237 exemplis,
678 2153 797 2218 omnia
823 2152 938 2216 aliena
958 2162 1056 2229 sunt3
1080 2154 1181 2217 ultro
1211 2152 1234 2214 i.
1259 2172 1289 2217 e.
1310 2152 1452 2237 iusuper
1472 2150 1532 2215 cir.
1557 2154 1694 2217 Terent.
1712 2152 1798 2232 Eun⁸

386 2259 416 2321 5.
437 2271 467 2331 t,-
490 2280 545 2323 ss:
564 2259 689 2335 ,etiam
715 2262 809 2324 ultro
838 2259 989 2325 derisum
1023 2258 1194 2324 advenit.»
1219 2267 1252 2321 et
1270 2261 1395 2322 Donat.
1415 2262 1460 2321 ad
1482 2261 1516 2322 h.
1538 2259 1563 2321 Ι.
1592 2252 1717 2320 Gallia
1737 2274 1798 2317 su·

379 2387 530 2451 periore
543 2388 641 2433 anno
652 2361 800 2433 Metelli
811 2362 1011 2432 exercitum
1027 2365 1176 2445 -vide,
1195 2384 1272 2443 qua
1283 2383 1385 2447 supra
1400 2387 1434 2447 p.
1458 2384 1503 2443 ¹9·
1516 2362 1744 2447 exposuimus.
1760 2366 1797 2423 et

384 2494 485 2539 nune
515 2475 623 2538 malis
644 2468 839 2559 fructibus
878 2469 957 2554 ipsa
987 2466 1046 2533 vs'ac
1080 2463 1205 2556 agitat
1240 2466 1301 2531 cir.
1328 2466 1448 2552 fragm.
1480 2486 1548 2547 seq.
1585 2486 1686 2549 supra
1716 2484 1797 2551 pag.

385 2582 434 2641 ι5.
471 2586 505 2640 et
534 2579 583 2657 57.
619 2572 713 2641 mali
741 2572 891 2663 fructus
926 2576 1013 2639 falso
1045 2576 1196 2639 Curtius.
1230 2583 1392 2659 ,propter
1423 2570 1654 2635 difficultatem
1685 2590 1798 2634 anno-
1889 2600 1893 2608 ·

383 2702 459 2767 na,
483 2685 664 2782 propter
652 2684 809 2770 mopiam
838 2684 987 2771 frugum.
1040 2680 1096 2745 Sic
1128 2680 1256 2767 passim
1287 2680 1385 2745 mala
1417 2697 1470 2744 res
1502 2698 1566 2763 pro
1600 2676 1720 2760 inopia
1761 2682 1800 2737 et

382 2792 484 2855 bonae
505 2810 569 2873 pro
598 2791 774 2857 divitibus.
779 2802 796 2836 ⁹
822 2794 889 2856 Sed
916 2776 1130 2852 laudandum
1158 2795 1229 2853 erat
1250 2786 1345 2873 Virg.
1371 2788 1494 2873 Georg.
1520 2803 1549 2848 e.
1578 2786 1647 2862 243.
1675 2780 1799 2843 malus

383 2920 475 2989 ager
494 2905 529 2963 et
545 2898 666 2963 Salust.
684 2900 782 2963 Catil.
805 2921 854 2965 ιι.
874 2898 974 2962 mala
995 2916 1068 2982 res,
1090 2915 1166 2982 spes
1181 2897 1291 2959 multo
1317 2895 1478 2980 asperior.
1484 2902 1501 2937 >²
1520 2890 1652 2956 scilieet
1668 2886 1798 2953 hocin

382 3004 582 3068 universum
610 3006 737 3070 dicitur
757 3010 801 3071 de
819 3007 967 3085 cujusvis
987 3006 1038 3070 rei
1062 3026 1183 3092 parum
1201 3022 1365 3091 prospera
1382 3000 1596 3067 condicione.
1623 2998 1698 3059 iam
1716 3016 1797 3058 cum

383 3119 504 3172 auctor
534 3110 607 3194 ipse
635 3112 730 3175 infra
756 3112 895 3177 biennii
929 3110 1217 3177 infecunditatem
1253 3116 1520 3186 commemoret,
1557 3104 1685 3164 fructus
1716 3102 1798 3164 coeli

341 3296 349 3305 θ
382 3216 548 3301 temperie
572 3220 681 3284 maios
703 3226 737 3282 et
757 3226 935 3296 corruptos
952 3215 1059 3273 fuisse
1084 3228 1201 3291 perse
1223 3217 1326 3291 patet.
1345 3242 1388 3257 -
1408 3201 1797 3293 transgredientur...

379 3321 451 3399 ,ita
473 3325 598 3409 optimi
615 3322 721 3402 libri,
742 3320 839 3396 quod
863 3332 936 3374 non
954 3312 1031 3375 sine
1050 3313 1251 3376 temeritatis
1273 3320 1356 3374 nota
1378 3309 1585 3374 recentiores
1604 3317 1793 3377 mutarunt.

381 3425 675 3519 transgredietur
687 3424 725 3485 in
740 3418 845 3482 Editt.
858 3411 1015 3491 Gruteri,
1032 3418 1151 3498 Parei,
1169 3417 1352 3480 Carrionis.
1373 3418 1499 3497 Verum
1513 3414 1653 3479 Parisiis
1669 3420 1794 3481 etAm-

378 3534 561 3600 stelodami
580 3534 657 3611 1674
671 3534 705 3590 et
725 3526 802 3607 1675
822 3521 894 3587 cusi
913 3530 947 3585 et
958 3524 1042 3586 (iod.
1060 3522 1195 3585 Balliol.
1212 3519 1525 3611 transgreditur?
1541 3523 1575 3583 C.
1587 3525 1681 3604 quod
1695 3526 1792 3587 Wes-

379 3640 450 3705 sius
469 3640 595 3707 melius
619 3643 735 3723 putat,
756 3652 834 3697 cum
855 3631 1042 3694 absurdum
1059 3628 1113 3691 sit.
1133 3630 1215 3695 Haec
1237 3628 1418 3713 Pompejus
1435 3628 1612 3693 addidisse
1633 3628 1788 3715 videtur,

378 3764 451 3808 non
470 3748 594 3827 quod
585 3768 622 3809 ιιι
639 3738 918 3815 animohebu1t‚
949 3739 1009 3800 sed
1032 3754 1101 3831 quo
1119 3734 1283 3813 majorem
1304 3734 1434 3798 senatui
1459 3743 1562 3817 atque
1589 3734 1789 3800 consulibus

379 3860 546 3916 terrorem
564 3851 738 3931 injiceret,
768 3844 898 3928 quippe
921 3844 984 3924 qui
1006 3822 1059 3906 nii
1080 3841 1189 3926 magis
1208 3842 1393 3919 timebant,
1415 3862 1519 3923 quam
1541 3862 1584 3904 ne
1605 3841 1788 3925 Pompejus

377 3958 526 4023 Romam
544 3974 698 4023 reversus
709 3950 895 4033 imperium
910 3956 1029 4013 contra
1045 3948 1279 4011 Mithridatem
1297 3948 1441 4013 Lucullo
1454 3949 1611 4032 eriperet.
1623 3947 1684 4013 cfr.
1698 3948 1786 4015 Piut.

377 4066 512 4130 Lucull.
536 4067 565 4128 5.
596 4070 630 4125 et
650 4055 776 4123 Sertor.
806 4076 835 4124 c.
858 4072 909 4117 ai.
944 4039 1111 4152 Πομπηΐας
1151 4038 1187 4124 dii
1225 4078 1298 4149 περ,
1335 4059 1515 4135 pamm
1553 4039 1787 4153 ,emmim

272 4198 277 4207 ’
374 4180 548 4286 μοχθιρ
521 4212 565 4265 ‘tt
593 4178 650 4255 ὑπ
680 4160 1089 4277 ἆχριμῶτῖὥιιγργριῖφων
1108 4200 1139 4246 tt
1139 4163 1190 4271 eis
1216 4162 1270 4260 stit
1289 4162 1474 4271 ιῦγιιλητιν
1503 4173 1548 4257 oie
1577 4162 1786 4265 vindicarit

377 4294 509 4405 ιριιτδν,
528 4308 554 4379 si
571 4291 620 4405 μὴ
630 4285 791 4400 πέμιιιιιι
809 4282 918 4394 ιίργόρ
920 4325 960 4371 ιιι
979 4294 1080 4399 riurei.
1097 4284 1382 4374 inreverentia
1393 4324 1465 4393 γιιρ
1439 4278 1589 4384 iderti
1598 4296 1699 4371 ιιῠτιῦ
1709 4326 1787 4394 πρι-

1632 4472 1643 4505 i
