4050 5009
417 414 466 503 tt

414 606 545 671 rictum
568 592 739 665 Romanis
765 598 923 663 traderet.
951 598 1042 665 Plut.
1068 605 1110 670 V.
1143 605 1226 668 Luc.
1252 622 1281 667 e.
1308 620 1359 668 ao.
1379 621 1430 668 ar.
1456 610 1505 669 at.
1534 621 1583 684 24.
1604 602 1720 669 initio.
1750 605 1835 671 hir.-

344 780 346 785 ,
412 710 503 796 Epit.
520 708 668 774 XCVIII.
680 703 714 787 θ)

472 818 604 879 Eodem
616 832 708 877 enno
722 813 760 875 L.
771 809 931 875 Metellus
939 818 1067 897 pretor
1081 812 1120 877 in
1128 811 1249 877 Sicilia
1262 816 1421 879 adsersus
1432 814 1561 899 piratas
1573 832 1737 901 prospere
1749 808 1823 877 rem

413 920 526 1010 gessit.
552 918 626 983 Lir.
648 918 736 1003 Epit.
754 917 900 985 XCVIII.
925 922 1055 1000 quade
1077 940 1116 985 re
1142 919 1191 983 ita
1213 920 1356 985 Orosius
1370 923 1427 987 VI.
1449 926 1488 984 3:
1517 921 1679 985 Metellus
1695 920 1825 987 Sicilia

413 1036 557 1114 pretor,
578 1046 657 1089 cum
672 1021 859 1088 foedIssirna
879 1022 942 1087 illa
957 1026 992 1093 G.
1009 1027 1128 1093 Verris
1145 1035 1292 1111 praetura
1309 1026 1464 1092 Siciliam
1485 1027 1659 1091 adflictam
1673 1026 1825 1093 invenis-

413 1144 481 1217 set,
503 1131 651 1197 maxime
668 1128 888 1216 Pyrganione
906 1131 1120 1215 archipirata
1141 1133 1284 1198 nefariis
1303 1134 1431 1218 predis
1450 1142 1485 1201 et
1507 1116 1657 1200 caedibus
1678 1134 1825 1198 dilacer-

413 1248 508 1325 ante,
528 1239 590 1321 qui
608 1238 707 1323 pulsa
728 1236 833 1301 classe
857 1240 1016 1300 Romana
1041 1239 1293 1322 Syracusanum
1312 1249 1452 1323 portum
1480 1242 1692 1326 obtinuerat,
1718 1256 1826 1322 quem

414 1366 494 1411 mox
512 1344 625 1409 navali
647 1341 867 1425 terrestrique
893 1342 1018 1429 proelio
1040 1343 1310 1431 comminutum,
1329 1342 1449 1410 Sicilia
1462 1349 1626 1411 decedere
1643 1343 1823 1429 compulit.

416 1452 475 1515 cir.
496 1452 564 1519 Cic.
581 1453 655 1516 Act.
673 1450 712 1515 in
732 1452 830 1518 Verr.
852 1450 878 1513 Ι.
895 1470 926 1531 9.

333 1708 337 1715 '
415 1700 521 1776 Anni
531 1700 577 1773 P.
596 1694 641 1773 U.
658 1696 696 1771 C.
711 1695 977 1808 DCLXXXV
986 1698 1163 1773 Consules
1180 1696 1225 1800 Q.
1239 1699 1458 1775 Hortensius
1472 1696 1512 1773 L.
1526 1698 1569 1772 F.
1587 1694 1632 1798 Q
1649 1694 1827 1772 Caecilius

936 1822 1110 1897 Metellus
1128 1822 1301 1900 Creticus.

497 2022 684 2088 sortitione
709 2019 969 2105 provinciarum
991 2024 1082 2090 faeta
1103 2027 1292 2093 Hortensio
1313 2031 1414 2093 Creta
1443 2034 1478 2091 et
1492 2024 1625 2090 bellum
1641 2042 1719 2085 eum
1742 2023 1828 2087 Cre-

417 2130 571 2223 tensibus
591 2130 781 2218 gerendum
791 2128 982 2217 obtigerat3
1002 2132 1067 2217 qui
1078 2126 1226 2209 ,urbane
1236 2136 1316 2203 vitae
1337 2142 1371 2205 et
1387 2132 1483 2219 foro,
1500 2132 1540 2197 in
1559 2151 1628 2215 quo
1648 2128 1827 2215 regnabat.

499 2470 538 2556 ⁰)
561 2470 646 2535 Cum
663 2488 782 2550 neque
794 2468 990 2555 Appianas,
1017 2490 1131 2555 neque
1150 2470 1354 2534 Plutarchus
1375 2468 1513 2552 singula
1533 2473 1727 2553 temporum
1748 2486 1827 2533 mo-

418 2585 535 2641 menta
557 2576 639 2638 satis
658 2584 814 2639 accurate
836 2576 1069 2666 distinguant,
1090 2579 1185 2642 haud
1206 2574 1307 2636 facile
1328 2576 1441 2638 estad
1462 2575 1734 2649 decernendum,
1754 2592 1826 2656 quo

417 2698 511 2743 anno
531 2698 756 2765 unaquequex
768 2702 821 2748 res
837 2696 931 2771 gesta
950 2688 1005 2752 sit.
1036 2684 1176 2748 Accedit
1195 2679 1305 2762 ipsius
1322 2678 1374 2740 rei
1401 2675 1599 2759 difficultas,
1620 2680 1715 2758 quod
1742 2678 1830 2736 Plu·

419 2787 539 2849 tarcho
561 2792 644 2851 teste
661 2808 734 2853 non
759 2792 871 2855 solum
892 2794 931 2856 in
956 2790 1141 2855 obsidione
1163 2782 1277 2864 Cynici
1306 2790 1341 2847 et
1361 2780 1470 2845 Amisi
1498 2780 1627 2844 milites
1650 2776 1829 2842 incastris

417 2891 659 2981 hibernarent,
679 2899 738 2962 sed
760 2899 862 2963 etiam
881 2896 1019 2976 reIIquo
1039 2899 1193 2969 tempore
1213 2904 1391 2970 nunquam
1407 2887 1639 2965 hibernatum,
1652 2884 1691 2945 in
1716 2880 1827 2947 socias

414 2999 519 3065 'urbes
536 3000 682 3083 profecti
700 3014 797 3080 sunt,
819 3003 867 3066 ita
884 3008 922 3057 ut
941 2999 1074 3055 bellum
1092 2990 1164 3052 Iera
1184 2988 1260 3055 sine
1278 2993 1352 3056 ulla
1365 2993 1621 3057 intermissione
1637 2994 1825 3073 gereretur.
1866 2992 1877 3016 ⁰

418 3104 479 3167 cfr,
505 3106 764 3177 P1u1‚1„uc,33‚
791 3107 859 3170 1110
886 3112 976 3156 unus
996 3114 1107 3161 annus
1128 3094 1263 3179 magnis
1292 3098 1571 3175 expeditionibus
1594 3112 1721 3155 vacuus
1739 3088 1823 3171 fuit,

419 3209 504 3293 quia
524 3214 688 3281 Lucullus
707 3223 797 3278 recte
811 3195 1007 3286 judicabat,
1029 3209 1136 3259 terras
1154 3212 1272 3256 reeens
1295 3202 1408 3276 captas
1428 3201 1529 3253 antea
1546 3211 1618 3255 esse
1637 3197 1824 3280 pacandas,

416 3325 601 3402 antequam
614 3328 659 3387 ad
680 3334 808 3379 novum
821 3301 952 3365 bellum
966 3298 1250 3385 proficisceretur.
1270 3302 1390 3379 Neque
1407 3305 1472 3381 est,
1493 3301 1588 3379 qnod
1605 3299 1821 3386 dubitemus,

418 3422 458 3485 in
473 3444 540 3488 θη
558 3428 673 3489 alieno
688 3422 789 3476 tentae
806 3402 991 3492 provinciae
1011 3408 1177 3493 levando,
1199 3414 1251 3471 tot
1274 3404 1445 3487 tantisque
1465 3404 1613 3489 negotiis
1627 3404 1732 3470 tuisse
1753 3406 1823 3470 dis·
1939 3435 1945 3458 e

422 3532 572 3611 tentum,
593 3536 631 3587 ut
645 3520 795 3589 estatem
817 3514 882 3578 hac
901 3511 939 3575 in
963 3534 1001 3578 re
1017 3517 1215 3600 peragenda
1236 3511 1470 3576 consumserit.
1491 3509 1551 3573 cfr.
1567 3510 1656 3572 Plut.
1675 3514 1757 3573 Luc.
1771 3531 1822 3574 aot

309 3714 317 3733 .
419 3621 621 3711 Λούκουλλος
638 3616 674 3701 δὲ
691 3610 846 3726 reintrat
863 3614 947 3725 πρὶς
963 3613 1167 3731 τοὲςένΛσίςι
1183 3612 1310 3709 eribus,
1328 3624 1390 3700 rtis
1408 3622 1596 3724 πολεμικῶν
1617 3608 1721 3719 ἔργων
1740 3648 1825 3713 σχο-

418 3738 569 3836 λάζοντος
596 3746 696 3835 dotto
723 3776 754 3823 rt.
773 3778 802 3827 τ.
822 3762 857 3825 λ.
885 3756 1044 3821 Ceterum
1065 3754 1228 3841 Sigonius
1249 3754 1288 3817 in
1313 3774 1355 3819 eo
1378 3752 1530 3828 fallitur,
1554 3754 1649 3835 quod
1671 3754 1749 3828 hoe
1763 3753 1825 3816 de—

421 3880 515 3928 mum
529 3879 620 3927 anno
639 3864 749 3949 regias
770 3866 872 3930 urbes
889 3863 1087 3965 Amastrin,
1108 3862 1312 3926 Heracleam
1333 3868 1368 3925 et
1382 3862 1536 3926 Amisum
1559 3867 1672 3944 captas
1694 3857 1825 3922 statuit.
1877 3914 1882 3925 ,

420 3974 498 4037 Non
523 3968 635 4035 solum
661 3972 755 4037 enim
781 3972 982 4035 Plutarchus
1010 3969 1166 4055 Sinopen
1188 3974 1297 4032 multo
1325 3968 1432 4033 serius
1460 3975 1594 4051 captam
1621 3984 1693 4027 esse
1717 3960 1824 4027 tradit

293 4160 296 4165 Ι
421 4098 449 4143 c.
466 4076 516 4145 rs.
537 4079 597 4141 sed
621 4078 798 4164 Appianas
824 4078 944 4157 etiam,
973 4077 1130 4158 quamvis
1146 4076 1233 4139 alias
1255 4096 1378 4160 parum
1396 4075 1599 4160 diligentem
1621 4070 1823 4157 scriptorem

420 4204 456 4249 se
479 4184 646 4269 prebeat,
678 4183 748 4249 alio
769 4192 922 4271 tempore
947 4184 1115 4271 reliquas,
1148 4182 1221 4248 alio
1234 4182 1392 4270 §inopen
1426 4188 1603 4264 occupatas
1631 4196 1704 4244 esse
1732 4178 1822 4241 bene

419 4292 669 4363 animadvertit.
