4050 5009
1528 375 1600 479 ²59

192 558 292 663 gium
309 552 470 641 dicitur,
483 549 668 625 Salustius
683 574 731 625 ex
750 546 817 623 tali
838 574 969 628 caussa
991 553 1120 633 vocari
1138 554 1288 649 scribit,
1305 556 1457 637 dicens:
1475 557 1597 635 ltaliae

192 683 283 760 olim
293 678 462 757 Siciliam
481 676 731 753 coniunctam
749 672 879 769 fixisse,
900 692 940 752 et
954 676 1051 755 dum
1067 696 1160 757 esset
1176 708 1255 759 una
1275 680 1406 775 tellus,
1421 682 1595 763 medium

188 808 355 915 spatium
368 820 438 881 aut
459 828 529 909 per
550 800 822 876 humiditatem
843 800 1057 907 abruptum
1072 822 1127 880 est
1141 806 1266 911 aquis,
1295 824 1364 883 aut
1383 835 1453 914 per
1472 836 1594 915 angu-

184 936 295 1036 stiam
317 931 481 1009 scissum
531 931 582 1004 Et
603 926 695 1005 inde
716 915 820 1035 ῥίγιον
839 928 1102 1021 nominatum,
1128 931 1219 1033 quia
1240 958 1358 1038 graece
1383 933 1595 1039 abruptum

185 1058 260 1137 hoc
280 1041 439 1135 nomine
455 1072 715 1161 nuncupatur.
749 1058 817 1131 Fst
834 1070 964 1130 autem
985 1054 1260 1148 arctissimum,
1285 1056 1404 1133 trium
1422 1057 1592 1137 millium

182 1185 305 1292 spatio
316 1182 486 1259 Siciliam
506 1181 557 1256 ab
577 1180 688 1255 ltalia
708 1178 901 1270 dividens,
923 1176 1106 1255 fabulosis
1122 1178 1266 1257 infame
1284 1182 1481 1274 monstris,
1505 1182 1594 1288 qui·

182 1313 254 1387 bus
273 1308 369 1386 hinc
388 1307 479 1384 inde
500 1304 615 1382 Scilla
631 1321 671 1381 et
689 1302 894 1381 Charibdis
916 1304 1139 1381 ostenditur.
1190 1306 1346 1383 Scillam
1370 1308 1508 1385 accolae
1531 1334 1592 1387 sa·

181 1463 274 1513 xum
295 1437 339 1512 in
361 1434 458 1511 mari
481 1432 687 1510 imminens
706 1430 922 1537 appellant,
944 1429 1069 1507 simile
1088 1429 1286 1507 celebratae
1303 1430 1435 1511 formoe
1453 1433 1590 1538 procul

182 1560 398 1639 visentibue
445 1558 558 1635 Unde
577 1574 616 1633 et
636 1572 917 1633 monstruosum
940 1556 1105 1661 speciem
1130 1552 1273 1633 salsulae
1296 1556 1355 1633 illi
1380 1556 1588 1651 dederant,

182 1686 289 1791 quasi
309 1686 474 1763 formam
496 1682 663 1759 hominis
685 1682 876 1789 capitibus
900 1682 1137 1759 succinctam
1161 1682 1330 1774 caninis,
1356 1681 1448 1787 quia
1467 1684 1590 1763 collisi

180 1813 234 1888 ilsi
262 1812 405 1887 {luctus
433 1810 594 1885 latratus
620 1807 802 1885 videntur
833 1807 1053 1912 exprimere
1106 1806 1309 1885 Charibdis
1336 1807 1461 1903 dicta,
1483 1808 1591 1915 quod

180 1936 392 2044 gurgitibus
418 1932 578 2009 occultis
605 1958 719 2009 naves
747 1932 952 2009 absorbeat.
1005 1934 1071 2009 Est
1099 1934 1204 2010 euim
1230 1958 1336 2011 mare
1355 1932 1590 2013 vorticosum

179 2080 215 2142 et
232 2061 325 2138 inde
350 2058 405 2135 ibi
433 2058 577 2135 laniata
602 2054 803 2162 naufragia
825 2072 1034 2163 emergunt
1067 2060 1143 2134 Ter
1165 2076 1295 2137 autem
1316 2059 1358 2135 in
1381 2058 1445 2136 die
1475 2060 1588 2168 erigit

178 2188 334 2278 fluctus,
360 2200 399 2262 et
422 2200 481 2260 ter
506 2182 691 2259 absorbet
741 2182 840 2271 Nam
860 2181 1002 2285 accipit
1020 2207 1138 2287 aqtsas
1160 2199 1207 2259 ut
1226 2200 1372 2279 comat,
1396 2184 1517 2287 vomit
1541 2200 1588 2287 ut

179 2338 308 2391 rursus
331 2308 502 2413 accipiat
1507 2290 1510 2296 ¹
1554 2410 1558 2417 '

224 2465 308 2513 221.
333 2434 461 2513 Sardis
476 2432 642 2511 Hercule
665 2444 902 2537 procreatus,
932 2456 1023 2507 cum
1041 2458 1180 2539 magna
1202 2430 1455 2513 multitudine
1478 2460 1501 2511 a
1522 2429 1584 2511 Li·

176 2566 259 2669 bya·
271 2561 483 2669 protectus,
506 2557 724 2635 Sardiniam
753 2556 958 2659 occupavit
985 2572 1099 2633 etex
1128 2584 1198 2636 suo
1228 2559 1415 2637 vocabulo
1448 2558 1583 2637 insulse

55 2775 56 2798 χ
175 2714 316 2766 nomen
338 2686 455 2764 dedit.
490 2684 642 2757 Haecin
658 2680 787 2757 Africo
804 2678 906 2753 mari
926 2677 1024 2756 facie
1040 2682 1186 2789 vestigii
1208 2682 1374 2760 humaui
1393 2683 1436 2761 in
1457 2683 1584 2762 orien-

173 2832 210 2893 te
229 2842 349 2918 quam
367 2808 563 2887 occidente
584 2805 699 2881 latior
717 2802 930 2910 prominet,
957 2802 1076 2883 ferme
1093 2806 1253 2911 paribus
1274 2808 1582 2913 lateribus,-‹quae

55 2934 56 2964 ³
172 2940 214 3017 in
238 2937 437 3016 meridiem
459 2948 498 3009 et
511 2930 809 3036 septentrionem
830 2942 1005 3019 vertunt,
1031 2956 1076 3005 ex
1102 2958 1180 3036 quo
1201 2948 1292 3009 ante
1308 2934 1582 3011 commercium

55 3127 56 3170 3
171 3094 194 3141 a
231 3059 501 3167 navigantibus
539 3054 763 3133 Graecorum
797 3048 886 3147 ἴχνος
908 3053 1100 3158 appellata
1137 3073 1200 3133 est
1249 3060 1366 3135 Terra
1399 3074 1506 3165 patet
1538 3060 1583 3135 in
1694 3106 1701 3121 .

172 3185 418 3295 longitudine
431 3180 561 3258 millia'
577 3182 684 3271 CXI,
708 3180 914 3256 latitudine
929 3182 994 3255 xl
1026 3182 1073 3253 In
1089 3206 1132 3255 ea
1155 3206 1281 3285 neque
1293 3208 1445 3287 serpens
1459 3181 1581 3289 gigni·

171 3326 384 3415 tarneque
412 3308 546 3411 lupus,
570 3302 636 3379 sed
650 3303 812 3411 solifuga
830 3320 1003 3395 tantum,
1028 3304 1174 3380 animal
1191 3306 1388 3411 exiguum,
1411 3304 1580 3382 homini·

169 3442 241 3517 bus
258 3431 527 3544 perniciosum.
561 3430 767 3503 Venenum
791 3428 846 3503 ibi
868 3454 1024 3532 quoque
1049 3456 1130 3505 non
1156 3430 1341 3523 nascitur,
1366 3430 1440 3507 nisi
1459 3428 1578 3507 herba

170 3562 455 3673 perscripturus
476 3553 663 3661 plurimos
682 3567 721 3629 et
737 3568 867 3657 poetas
882 3569 1109 3668 memorata,
1133 3557 1298 3660 apiastro
1316 3556 1467 3648 similis,
1492 3581 1579 3661 quae

168 3688 392 3770 hominibus
424 3682 543 3758 rictus
577 3674 774 3753 contrahit
805 3692 845 3752 et
869 3676 978 3780 qtsasi
1002 3676 1168 3787 ridentes
1192 3680 1388 3757 interimit
1439 3683 1578 3760 Fontes
1686 3706 1689 3713 ·

168 3896 250 3957 saar.
268 3912 301 3965 t,
326 3860 444 3959 tol..-
465 3876 651 3961 sumn.
670 3872 843 3939 rumas
859 3873 923 3941 cic.
941 3874 1025 3936 ont.
1047 3896 1103 3957 pro
1117 3874 1257 3939 comm
1272 3878 1408 3959 pest.
1430 3880 1509 3941 sut.
1524 3878 1578 3941 u-

168 4001 230 4063 din.
257 3994 346 4059 1563.
377 3995 559 4071 repugnante
578 3994 607 4044 et
626 3981 693 4043 tulit
714 4002 749 4043 ex
768 3982 936 4042 coniectura
955 3980 1077 4053 addita,
1105 3990 1196 4041 texttss
1216 3985 1296 4043 enim
1318 3986 1439 4047 mutilus
1457 3995 1509 4053 αι,
1536 4018 1578 4037 ..

170 4097 439 4173 aao.ct221.lsid.
453 4093 574 4167 addet
586 4088 641 4161 13,
658 4090 704 4149 18.
724 4086 787 4148 lucc
798 4088 956 4147 maximam
970 4098 1084 4168 partam
1101 4088 1266 4149 exSalustio
1276 4088 1463 4171 hamum,
1476 4102 1578 4175 prm,

169 4214 257 4295 ipsius
270 4206 397 4270 auctoris
408 4200 518 4276 rerba,
538 4218 601 4281 que
614 4196 675 4257 iam
687 4214 775 4275 snpra
784 4192 987 4267 laudavimus,
1001 4196 1049 4255 rel
1066 4191 1137 4253 inde
1156 4203 1251 4274 patet,
1264 4196 1345 4277 qnod
1357 4198 1438 4258 stilus
1449 4218 1513 4259 nou
1526 4219 1577 4262 ru.

169 4318 212 4380 dis
221 4328 308 4401 atquc
319 4310 457 4375 confisam
467 4318 527 4384 cst,
541 4314 576 4367 nt
585 4304 656 4366 alias
667 4299 840 4373 inlsidoro,
853 4297 904 4360 sed
915 4298 1105 4382 gravitasque
1115 4302 1290 4363 luculentus.
1312 4304 1366 4365 cfr.
1378 4304 1472 4367 satin.
1488 4304 1577 4387 Poly·

1134 4428 1159 4487 ²lt
