4050 5009
439 363 443 367 Α
506 354 580 442 a,

503 552 599 631 quos
622 524 772 631 ignavia
794 542 863 601 aut
882 552 999 629 prava
1020 525 1209 615 caliditas,
1241 528 1301 603 uti
1325 528 1417 603 meis
1443 524 1636 603 laboribus
1661 522 1735 601 tuti
1760 538 1898 609 essent,

503 651 620 727 armis
638 650 845 738 abstinuit,
869 650 1138 724 acerbissumas
1160 676 1293 753 poenas
1322 648 1503 757 solvunt:
1535 648 1755 725 Ptolemaeus
1778 646 1900 751 pretio

503 774 547 850 in
567 774 646 849 dies
661 772 817 858 ,bellum
838 772 1056 875 prolatans,
1083 774 1273 847 Cretenses
1299 773 1511 877 impugnati
1531 770 1645 847 semel
1661 771 1754 861 iam,
1777 792 1902 873 neque

451 951 459 973 t
505 896 623 973 finem
640 896 715 969 nisi
745 894 908 970 exscidia
934 891 1118 969 babituri.
1172 894 1360 997 Equidem
1385 922 1507 998 quum
1530 894 1627 969 mihi
1654 895 1703 969 ob
1734 894 1904 997 ipsorum

504 1020 658 1095 iuterna
678 1015 779 1092 mala
804 1016 923 1091 dilata
950 1018 1082 1120 praelia
1115 1019 1232 1120 magis
1264 1046 1381 1119 quam
1405 1045 1538 1121 pacem
1559 1018 1689 1092 datam
1713 1018 1905 1121 intellege·

504 1170 605 1234 uem3
627 1143 821 1218 abnuente
838 1140 1024 1241 Tigrane,
1062 1140 1130 1243 qai
1158 1166 1240 1215 mea
1264 1140 1364 1216 dicta
1394 1168 1475 1217 sero
1511 1142 1665 1245 probat,
1697 1158 1733 1214 te
1759 1157 1903 1215 remoto

504 1264 661 1371 procul,
682 1261 859 1338 omnibus
877 1261 961 1335 aliis
982 1262 1175 1353 obnoxiis,
1200 1289 1327 1339 rursus
1357 1280 1482 1339 tamen
1507 1264 1651 1339 bellum
1671 1264 1765 1368 cepi.
1807 1267 1905 1339 Mar-

503 1413 671 1495 cumque
693 1388 853 1473 Cottam,
880 1385 1096 1459 Romanum
1114 1385 1267 1475 ducem,
1293 1386 1397 1489 apud
1412 1385 1652 1463 Chalcedona
1676 1402 1775 1461 terra
1801 1387 1908 1478 fudi,

505 1511 603 1589 mari
616 1508 705 1587 exui
724 1508 839 1583 classe
852 1503 1134 1611 pulcherruma.
1166 1508 1281 1612 Apud
1295 1509 1471 1611 Cyzicum
1484 1538 1622 1615 magno
1636 1537 1725 1584 cum
1737 1513 1907 1587 exercitu

475 1637 551 1717 „in
580 1631 726 1708 obsidio
754 1629 921 1705 moranti
943 1628 1183 1707 trumentum
1212 1630 1351 1720 deluit,
1378 1634 1488 1707 nullo
1515 1634 1660 1708 circum
1685 1635 1907 1711 adnitente:

449 1736 454 1743 ⁶
500 1758 622 1835 ¹simul
645 1755 766 1831 biems
785 1752 882 1827 mari
901 1750 1138 1854 prohibebat
1176 1757 1252 1841 Ita,
1279 1754 1360 1827 sine
1383 1756 1418 1829 vi
1441 1754 1609 1829 hostium
1630 1758 1777 1862 regredi
1803 1767 1908 1849 coac,-

380 1886 384 1897 .
507 1901 570 1957 ms
596 1881 640 1955 in
668 1878 839 1981 Patrium
858 1902 1036 1979 mgnum,
1061 1874 1268 1981 naufragiis
1300 1876 1404 1979 apud
1436 1878 1591 1952 Parium
1617 1896 1656 1953 et
1685 1882 1908 1959 Heracleam

505 2003 679 2079 militum
698 2016 873 2103 optumos
896 2024 986 2072 cum
1000 1998 1179 2073 classibus
1201 1999 1317 2073 amisi.
1356 2000 1541 2074 Restituto
1556 2000 1694 2077 deinde
1716 2007 1824 2107 apud
1842 2010 1907 2083 ca-

495 2129 639 2207 beram
650 2122 831 2209 exercitu,
854 2136 893 2197 et
912 2120 1026 2199 variis
1039 2122 1140 2195 inter
1160 2148 1220 2199 me
1241 2140 1356 2225 atque
1370 2124 1577 2201 Lucullum
1593 2128 1754 2229 praeliis,
1776 2130 1906 2234 inopia

508 2275 639 2327 rursus
658 2246 789 2320 ambos
816 2243 973 2320 incessit
1009 2244 1073 2319 Illi
1092 2246 1245 2321 suberat
1266 2272 1425 2351 regnum
1447 2248 1709 2326 Ariobarzanis
1724 2246 1829 2327 bello
1854 2255 1908 2327 in·

510 2391 682 2453 tactum:
704 2395 788 2471 ego,
809 2368 920 2441 rastis
934 2350 1080 2442 circum
1106 2369 1282 2443 omnibus
1303 2368 1409 2465 locis,
1429 2370 1470 2445 in
1482 2375 1710 2459 Armeniam,
1723 2379 1904 2453 concessi:

507 2496 702 2597 secutique
721 2489 884 2564 Romani
904 2516 986 2565 non
1003 2518 1066 2599 me
1086 2491 1151 2565 sed
1169 2518 1313 2571 morem
1332 2518 1445 2591 suum
1465 2496 1593 2570 omnia
1614 2524 1729 2601 mgna
1751 2502 1905 2575 subvor.

512 2619 642 2707 tundi,
666 2615 758 2717 quia
779 2612 1069 2688 multitudinem
1096 2614 1187 2689 artis
1213 2614 1304 2689 locis
1333 2642 1462 2719 pugna
1484 2617 1736 2720 prohibuere,
1763 2622 1907 2727 impru-

503 2742 681 2822 dentiam
701 2735 874 2839 Tigranis
894 2762 965 2839 pro
984 2736 1141 2811 victoria
1166 2754 1365 2814 ostentant
1416 2740 1529 2814 Nunc
1552 2768 1678 2844 quaeso
1701 2746 1906 2835 considera,

510 2866 621 2943 nobis
640 2856 822 2967 oppressis
837 2874 969 2933 utrum
989 2857 1195 2935 firmiorem
1215 2876 1250 2935 te
1265 2860 1315 2936 ad
1331 2861 1597 2951 resistendum,
1614 2892 1665 2939 an
1682 2864 1801 2943 linem
1819 2870 1904 2945 belli

509 2990 688 3081 futurum
714 2984 853 3087 puteal
887 2981 964 3056 scio
992 2980 1171 3083 equidem
1196 2982 1266 3057 tibi
1289 3010 1444 3087 magnas
1462 3012 1549 3088 opes
1572 2987 1759 3079 virorum,
1784 3018 1905 3067 armo-

506 3140 598 3189 rum
617 3124 656 3185 et
672 3106 758 3181 auri
778 3130 874 3180 esse:
901 3119 958 3193 et,
981 3129 1025 3179 ea
1043 3129 1083 3178 re
1105 3130 1127 3177 a
1149 3104 1259 3178 nobis
1277 3104 1327 3181 ad
1342 3105 1574 3198 societatem,
1590 3111 1639 3184 ab
1658 3112 1732 3187 illis
1751 3116 1804 3190 ad
1813 3141 1903 3219 prae·

504 3238 600 3314 dam
619 3229 764 3336 peteris.
799 3229 976 3303 Ceterum
995 3224 1198 3302 consilium
1217 3242 1288 3319 est,
1305 3227 1477 3333 Tigranis
1499 3257 1615 3337 regno
1632 3235 1798 3340 integro,
1817 3240 1901 3315 meis

486 3357 697 3438 'militibus
719 3350 811 3425 belli
832 3347 1105 3452 prudentibus,
1126 3350 1267 3453 procul
1287 3350 1336 3424 ab
1356 3351 1488 3443 domo,
1520 3382 1638 3457 parvo
1666 3358 1813 3451 labore,
1837 3388 1900 3466 per

510 3499 639 3559 nostra
662 3498 822 3577 corpora
850 3470 998 3545 bellum
1018 3468 1224 3545 conficere:
1249 3472 1441 3574 quomodo
1460 3502 1584 3579 neque
1609 3479 1761 3559 vincere
1783 3512 1898 3588 neque

510 3675 573 3736 teri
589 3682 617 3734 ct
641 3690 694 3732 rea
705 3670 886 3731 Ptolemoeru.
904 3668 946 3727 ita
961 3670 1035 3727 olim
1052 3665 1200 3749 legebatur
1226 3678 1327 3728 conus
1344 3667 1440 3732 Codd.
1460 3674 1508 3733 dic
1532 3675 1637 3737 belbun
1651 3679 1784 3759 prolatet
1801 3686 1895 3763 ndgo,

511 3780 573 3841 dies
584 3774 691 3837 bellurn
701 3772 855 3853 prolatam
868 3768 954 3830 Tabr.
973 3769 1049 3830 Bria.
1070 3771 1103 3829 in
1118 3773 1149 3830 d
1168 3772 1323 3851 prolatam
1341 3778 1436 3841 Vatia.
1459 3781 1577 3861 regredi
1588 3792 1711 3843 conatus
1725 3796 1805 3845 vetus
1814 3786 1895 3845 editio

510 3881 596 3944 mbr.
627 3879 707 3958 opud
721 3875 917 3935 Pammolim
935 3872 1047 3933 editum
1068 3884 1117 3938 cst.
1138 3874 1252 3934 Parum
1270 3876 1352 3937 Fabr.
1373 3878 1448 3940 bric.
1467 3882 1593 3943 Petrum
1611 3884 1704 3947 Vatic.
1724 3888 1844 3949 Parimu
1856 3892 1895 3947 la·

511 3985 651 4070 gendum.
674 3980 819 4039 Caberam
830 3980 881 4065 ,tta
900 3978 968 4037 llas.
989 3972 1101 4037 Cubita
1118 3980 1216 4061 vulgo.
1237 3978 1443 4049 inter-incas.
1463 3982 1524 4046 brec
1542 3990 1679 4069 leguntur·
1696 3992 1776 4070 apud
1792 3991 1892 4052 Charis.

511 4112 577 4177 pag.
593 4088 643 4169 95.
663 4084 712 4145 ted
721 4084 764 4142 ibi
780 4102 932 4163 perperam
942 4100 1033 4162 propo
1043 4100 1098 4162 pro
1108 4080 1227 4159 prodiit.
1240 4082 1359 4143 mactat
1369 4085 1481 4146 circum
1493 4092 1592 4171 vulgo.
1612 4094 1701 4153 vastis
1717 4095 1800 4155 Fabr.
1814 4104 1892 4156 etre-

510 4204 560 4264 ‚tua
579 4193 679 4254 editio.
707 4189 767 4248 scio
787 4218 806 4234 -
817 4190 958 4271 rorfioero
972 4184 1088 4247 Charis.
1112 4206 1143 4269 p.
1168 4206 1236 4267 ¹77·
1267 4186 1336 4248 tottt
1347 4190 1538 4269 praumatus
1556 4195 1638 4277 quod
1657 4202 1746 4283 mtgo
1764 4202 1887 4261 omium
