4050 5009
389 380 440 481 76

389 570 499 660 quasi
535 550 728 660 deimuper
758 573 986 641 adstantium
1017 570 1232 642 monibus
1214 598 1254 642 ιιι
1285 596 1431 643 murum
1458 574 1658 646 adtollitur
1689 581 1792 669 parti·

373 683 518 767 cipium
539 683 704 747 omissum
723 684 906 767 putareris.
937 704 967 749 e.
987 705 1038 770 gr.
1058 683 1244 765 sublatum
1265 684 1368 749 etiam
1387 688 1432 749 ad
1448 685 1588 752 rerba
1572 708 1611 751 ιιι
1629 707 1791 773 murum,

386 809 566 851 summum
592 790 648 853 rel
676 789 744 854 tale
765 790 853 871 quid
882 790 1118 869 adjiciendum
1144 810 1234 871 esse,
1256 788 1404 857 maxime
1429 812 1507 857 cum
1530 794 1623 858 Serv.
1645 797 1690 858 ad
1709 797 1790 859 Aen.

386 895 443 957 IX.
463 896 532 957 558.
553 894 604 981 ita
627 898 670 960 de
688 896 753 958 hac
772 917 811 959 re
832 897 921 982 agit:
940 897 1055 971 ,mari
1075 896 1162 960 olim
1182 896 1246 959 alti
1269 917 1340 963 nou
1360 912 1471 980 erant,
1490 903 1550 963 sed
1567 902 1611 963 ad
1630 898 1792 986 impetum
1875 934 1878 943 ι

360 992 366 1005 ’
390 1007 525 1061 tanturn
541 1000 789 1083 repellendum.
810 1004 856 1064 Ut
873 1002 976 1066 etiam
994 1001 1162 1065 Salustius
1175 1003 1338 1089 ostendit,
1357 1004 1420 1067 ubi
1432 1005 1621 1069 Sertorium
1638 1002 1793 1071 humeris

269 1123 271 1126 ·
385 1104 1792 1199 sublatummurosascendisscmemorat.*AcceditPlutarchiauctoritasV.Sert.14

386 1216 446 1290 tacti
465 1216 528 1300 τοῖς
546 1199 645 1318 ὅμως
662 1206 903 1320 ἐπαραμένους,
923 1206 1053 1301 ἄλλους
1070 1207 1135 1317 arpi
1145 1202 1263 1295 iiiut
1282 1219 1510 1319 ιῖνιικουφίσιιι
1528 1210 1611 1321 arpis
1627 1210 1674 1295 rai
1692 1220 1791 1313 τάχη.

319 1400 324 1408 .
387 1340 453 1403 Sed
473 1340 512 1403 iu
542 1339 811 1406 celebratissimo
833 1342 897 1407 illo
921 1344 1101 1408 brevitatis
1123 1346 1238 1408 studio
1258 1345 1332 1425 haec
1355 1345 1505 1407 ommitti
1525 1352 1695 1428 poterant.
1727 1342 1795 1409 Sed

387 1447 482 1531 quod
503 1450 668 1509 mendum
689 1447 865 1531 scripturae
885 1458 935 1534 est
952 1450 991 1513 in
1008 1450 1248 1533 sequentibus,
1268 1452 1336 1512 boc
1355 1449 1583 1512 monendum:
1601 1467 1709 1531 super
1728 1448 1796 1511 ad-

385 1548 566 1615 stantium
593 1573 665 1618 esse
682 1552 940 1641 conjungenda3
968 1557 1013 1620 de
1032 1576 1070 1619 re
1089 1555 1163 1640 ipsa
1184 1554 1246 1619 cfr.
1269 1557 1414 1641 Appian.
1435 1556 1471 1617 B.
1492 1553 1609 1615 Mithr.
1632 1574 1741 1635 c.71;
1762 1556 1797 1618 et

386 1660 431 1721 de
450 1652 534 1722 Bell.
553 1658 654 1737 Civil.
673 1662 700 1723 1.
719 1662 778 1742 873
805 1663 920 1746 potuit
935 1665 1003 1727 hoc
1021 1664 1173 1727 Sertorio
1194 1662 1367 1745 accidere,
1385 1667 1463 1745 post
1485 1660 1646 1745 proelium
1662 1660 1796 1746 Sagun·

387 1763 499 1825 tinum
521 1787 600 1828 cum
618 1766 778 1829 cluniam
803 1786 840 1831 se
863 1769 969 1835 celeri
986 1769 1068 1855 luga
1089 1770 1228 1853 recepit.
1260 1767 1320 1831 cfr.
1340 1786 1442 1850 supra
1459 1788 1493 1849 p.
1517 1770 1565 1829 13.
1589 1772 1622 1831 et
1642 1766 1731 1829 Plut.
1754 1762 1795 1831 V.

387 1870 511 1934 Sertor.
531 1893 585 1951 193
606 1870 666 1934 clr.
685 1872 837 1937 Perizon.
851 1875 1007 1938 Arimod.
1023 1895 1110 1939 vers.
1128 1874 1217 1940 Hist.
1232 1875 1268 1937 C.
1281 1874 1320 1935 X.
1339 1872 1411 1936 Alii
1430 1875 1498 1936 hoc
1519 1873 1563 1935 ad
1588 1872 1707 1957 fugam
1728 1872 1793 1934 Ca·

311 1986 323 1995 ‘
386 1974 526 2061 lagurin
556 1976 681 2041 iactam
705 1980 875 2056 referunt,
895 1982 990 2063 quod
1009 1978 1153 2063 quidem
1179 1985 1352 2057 statuunt,
1380 1978 1569 2041 Sertorium
1599 1996 1640 2075 ιιι
1666 1975 1794 2060 proelio

249 2166 253 2173 ¹
303 2119 307 2125 ·
380 2080 578 2166 Saguntino
600 2104 641 2149 eo
664 2086 872 2173 confugisse;
906 2108 1010 2170 quem
1034 2108 1187 2153 errorem
1206 2086 1230 2147 l.
1255 2086 1280 2149 l.
1296 2083 1530 2149 refutavimus.
1562 2103 1670 2167 -po-
1688 2082 1794 2147 [dem

377 2184 508 2275 fecere
528 2185 706 2257 Octavius
731 2204 768 2258 et
793 2196 837 2277 Q.
861 2194 997 2280 Coepio.
1032 2199 1076 2260 de
1097 2199 1165 2260 hoc
1187 2193 1377 2280 fragmento
1400 2190 1505 2254 Debr.
1525 2196 1623 2251 acute
1643 2186 1795 2271 disputa·

388 2292 456 2378 vit,
476 2293 565 2359 Hist.
583 2300 623 2363 R.
648 2302 689 2364 R.
710 2302 737 2365 1.
755 2318 827 2383 407.
843 2322 917 2385 sqq.
947 2306 1030 2368 Haec
1052 2302 1219 2366 Salustius
1241 2302 1333 2363 haud
1360 2295 1466 2359 dubie
1486 2315 1526 2358 eo
1547 2294 1625 2357 loco
1642 2289 1796 2357 historiar
1835 2353 1839 2364 ,

388 2396 551 2490 intexuit,
572 2405 635 2469 uhi
659 2409 702 2471 de
724 2408 863 2471 interno
887 2408 1089 2491 reipublicae
1110 2416 1200 2467 statu
1226 2412 1260 2464 et
1287 2406 1332 2465 de
1355 2400 1460 2463 variis
1481 2400 1663 2462 hominum
1684 2418 1797 2485 popu·

387 2506 514 2572 larium
533 2498 712 2577 conatibus
745 2510 922 2589 disseruit,
944 2510 1071 2592 quibus
1090 2510 1285 2573 libertatem
1307 2504 1483 2593 publicam
1503 2502 1639 2569 firmare
1666 2514 1700 2568 et
1722 2504 1797 2589 ple-

388 2614 470 2677 bem
499 2591 722 2700 senatumque
742 2616 786 2677 ab
810 2615 995 2697 impotenti
1018 2614 1159 2676 licentia
1181 2630 1369 2697 paucorum
1394 2610 1571 2673 vindicare
1596 2612 1797 2694 studebant,

391 2742 467 2801 quse
481 2725 627 2809 scriptor
645 2723 751 2785 serbo
768 2718 918 2806 attingit,
933 2720 1038 2805 paulo
1060 2718 1169 2782 fusius
1189 2716 1307 2781 Cicero
1327 2720 1417 2781 Brut.
1442 2718 1491 2779 25.
1513 2724 1546 2779 et
1569 2719 1617 2777 62.
1640 2716 1683 2777 de
1700 2710 1797 2779 Offic.

390 2829 445 2891 ΙΙι
457 2852 511 2909 ²13
532 2834 572 2895 Ν.
591 2834 634 2894 D.
657 2854 683 2893 1.
701 2830 752 2892 38.
769 2836 802 2892 et
822 2828 911 2889 Plut.
924 2830 966 2893 V.
986 2827 1063 2893 Tib.
1078 2827 1202 2889 Grach.
1223 2824 1287 2887 Sed
1304 2824 1478 2889 Erneslius
1494 2830 1584 2887 recte
1603 2829 1641 2884 ut
1658 2820 1799 2887 videtur

389 2934 463 3000 bec
485 2940 620 3002 duobus
641 2936 785 3002 dirersis
803 2933 954 2997 Octaviis
976 2934 1119 3016 tribuit,
1152 2939 1271 2997 contra
1286 2930 1489 2995 chrossius
1509 2936 1542 2993 et
1567 2924 1797 2992 constantiam

392 3041 430 3103 in
450 3042 597 3102 Gracchi
616 3043 753 3127 legibus
777 3037 1020 3129 oppugnandis
1047 3050 1080 3107 et
1100 3040 1213 3127 legem
1235 3036 1495 3102 frumentariam
1517 3035 1731 3116 antiquatam
1753 3034 1798 3097 ad

392 3148 540 3208 eundem
553 3148 733 3211 rettulit
700 3167 814 3247 -74.-
798 3151 1041 3249 -Perpernn,
1064 3158 1140 3210 tam
1151 3139 1285 3225 paucis
1294 3140 1503 3227 profectur,
1524 3159 1605 3201 vera
1622 3148 1675 3200 est
1689 3147 1799 3201 cestu·

394 3252 548 3335 mando,
568 3252 691 3317 locus
680 3266 816 3340 integer
829 3276 900 3319 esse
916 3256 974 3319 vix
990 3255 1122 3335 potest;
1143 3244 1332 3321 subjectum
1352 3250 1442 3304 certe
1462 3240 1624 3303 omissum
1644 3249 1702 3307 est.
1725 3244 1798 3309 Cae·
1837 3312 1841 3321 ¹

394 3368 505 3423 terum
525 3380 623 3445 paene
640 3360 802 3441 putidum
822 3366 871 3422 est
890 3375 1066 3437 enarrare,
1093 3356 1221 3449 quanta
1239 3366 1316 3408 cum
1339 3346 1528 3410 temeritate
1550 3354 1582 3408 et
1598 3344 1798 3413 inconside-

395 3467 508 3528 rantia
536 3463 740 3531 Debrossius
768 3464 890 3548 saepius
918 3479 1025 3551 pauca
1048 3454 1154 3518 verba
1178 3452 1407 3537 ordinaverit,
1432 3459 1562 3515 certum
1591 3452 1716 3536 cuique
1743 3456 1796 3518 lo·

366 3565 373 3575 ’
396 3592 473 3638 cum
496 3568 723 3655 adtribuerit,
754 3573 853 3654 quasi
873 3567 990 3634 omnia
1015 3560 1096 3625 satis
1116 3566 1207 3622 certa
1227 3568 1261 3623 et
1284 3557 1382 3621 firma
1403 3566 1530 3641 essent,
1557 3578 1632 3639 quse
1652 3560 1794 3641 quidem

395 3687 549 3760 repetere
569 3680 636 3741 hoc
655 3686 704 3741 est
723 3680 780 3744 vel
799 3694 918 3742 eorum
940 3670 1045 3730 fidem
1069 3665 1244 3751 minuere,
1264 3685 1340 3747 quae
1356 3663 1559 3728 verisimilia
1585 3674 1677 3731 recte
1700 3667 1795 3747 dixe·

394 3782 454 3846 ris,
473 3788 573 3862 ·7⁵··
593 3785 648 3849 At
655 3808 725 3869 per
742 3785 882 3850 omnim
893 3768 1123 3857 provinciam
1141 3762 1203 3836 etc.
1223 3774 1290 3835 hoc
1307 3769 1552 3856 fragmentum,
1573 3774 1667 3853 quod
1684 3788 1795 3857 nuper

270 3915 274 3924 ¹
396 3889 553 3973 accessit,
580 3881 634 3953 ad'
655 3892 755 3957 iniria
775 3882 861 3947 belli
884 3880 1073 3946 Sertoriani
1101 3880 1273 3965 pertinere
1299 3876 1453 3960 videtur,
1479 3878 1542 3940 ubi
1563 3877 1734 3940 Sertorius
1753 3894 1794 3941 ex

395 3984 513 4060 Africa
533 3987 654 4084 redux,
675 4003 752 4082 post
769 3991 917 4075 primam
934 3988 1113 4053 victoriam
1135 3994 1240 4050 totam
1261 3983 1464 4068 Hispaniam
1492 3994 1620 4047 terrore
1642 3979 1794 4046 nominis

397 4104 452 4167 sui
474 4102 648 4188 implevit3
668 4102 741 4164 sole
761 4117 829 4163 vox
845 4097 884 4159 in
906 4117 974 4179 qua
996 4090 1167 4177 offendas,
1188 4100 1237 4156 est
1254 4089 1412 4169 κοίταις
1434 4090 1566 4156 sedvel
1586 4092 1653 4155 hoc
1669 4088 1717 4155 ita
1737 4106 1793 4153 ex·

326 4269 330 4280 .
394 4209 523 4295 plicas,
542 4222 581 4275 ut
597 4206 753 4274 additum
772 4212 898 4272 statuas
917 4206 962 4268 ad
978 4201 1030 4266 rei
1049 4198 1254 4263 miraculum
1269 4199 1474 4287 augendum.

981 4352 1211 4375 ——u--l
