4050 5009
429 382 501 454 282

429 556 644 635 nobilium:
668 556 948 664 rempublicam
962 582 1091 633 caram
1109 555 1244 650 hebet,
1267 584 1392 661 neque
1405 573 1546 633 terrore
1564 578 1688 654 neque
1709 547 1826 656 gratia

432 686 648 759 removetur
663 714 672 755 ε
687 681 823 758 'Aliud
854 707 944 759 vero
974 680 1144 757 amicitia
1167 696 1233 755 tua
1256 708 1301 756 ac
1324 682 1443 757 virtus
1465 695 1520 755 est
1543 676 1671 753 animi.
1711 678 1829 749 Immo

432 808 522 883 vcro
546 803 666 880 bomo
692 803 936 894 levissnmus,
958 804 1121 910 supplex
1149 802 1330 894 inimicis,
1363 804 1493 879 amicis
1520 800 1832 882 contumeliosus,

433 926 549 1005 modo
576 925 740 1018 barum,
771 927 888 1003 modo
917 927 1074 1003 illarum
1094 926 1282 1031 partium,
1306 926 1405 1003 lidus
1423 926 1588 1016 nemini,
1619 926 1833 1001 levissumus

433 1068 602 1142 senator,
636 1052 891 1126 mercenarius
914 1068 1120 1155 patronus,
1145 1051 1253 1124 cuius
1282 1048 1390 1125 nulla
1411 1076 1499 1153 pars
1523 1050 1690 1153 corporis
1713 1077 1735 1123 a
1760 1067 1835 1124 tur-

434 1174 618 1278 pitudine
633 1191 743 1254 vacat
761 1206 770 1250 :
795 1174 928 1279 lingua
946 1200 1065 1265 rana,
1089 1198 1225 1248 manus
1240 1172 1520 1275 rapacissumoe‚
1539 1172 1628 1275 gula
1646 1173 1837 1261 immensa,

434 1296 548 1401 pedes
567 1297 734 1401 fugaces3
760 1323 847 1399 quae
865 1294 1022 1373 honeste
1042 1296 1235 1372 nominari
1259 1322 1340 1371 non
1362 1312 1544 1399 possunt,
1573 1294 1840 1372 inhonestissu·

436 1448 510 1496 ma.
550 1423 676 1523 Atque
696 1420 745 1511 is,
765 1446 855 1495 cum
872 1420 1058 1495 eiusmodi
1078 1421 1145 1509 sit,
1171 1435 1297 1494 tamen
1321 1419 1438 1494 audet
1456 1419 1606 1495 dicere:
1631 1470 1648 1505 «ς
1665 1420 1700 1493 0
1721 1419 1840 1496 fortu-

437 1561 571 1619 natam
593 1560 726 1618 natam
745 1570 807 1618 me
826 1544 981 1619 consule
999 1546 1208 1619 Romaml'’
1243 1546 1298 1619 Te
1322 1544 1477 1617 consule
1500 1542 1755 1634 fortunatam,
1781 1542 1840 1620 Ci-

438 1670 551 1743 oerol
576 1667 694 1742 immo
711 1694 801 1742 vero
818 1668 1011 1743 infelicem
1039 1683 1077 1743 et
1097 1668 1295 1757 miseram,
1317 1691 1403 1769 quae
1429 1665 1741 1743 crudelissimam
1757 1692 1841 1770 pro-

442 1790 689 1893 scriptionem
716 1790 860 1864 civium
887 1815 1062 1893 perpessa
1081 1805 1152 1882 est,
1176 1816 1265 1873 curn
1294 1805 1360 1879 tu,
1383 1790 1605 1892 perturbata
1629 1790 1840 1894 republica,

441 1929 547 1989 metu
566 1912 757 2015 perculsos
779 1913 903 1987 omnis
920 1913 1040 1987 bonos
1059 1938 1191 2015 parere
1211 1911 1428 1987 crudelitati
1451 1930 1526 1986 tuoe
1548 1913 1726 2017 cogebas,
1751 1942 1839 1989 cum

440 2037 572 2112 omnia
591 2035 751 2125 iudicia,
778 2060 908 2111 omnes
925 2035 1021 2138 leges
1045 2034 1088 2108 in
1110 2049 1176 2109 tua
1197 2033 1373 2108 lubidine
1397 2051 1523 2125 erant,
1547 2062 1638 2111 cum
1667 2054 1728 2127 tu,
1753 2038 1839 2114 sub·

441 2160 529 2234 lata'
539 2158 619 2263 leg'e
632 2159 782 2247 Porcia,
806 2173 935 2259 erepta
957 2156 1149 2247 libertate,
1176 2157 1351 2231 omnium
1365 2174 1539 2232 nostrum
1561 2159 1648 2233 viter
1666 2162 1842 2265 necisque

414 2298 667 2387 ppotestatem
688 2279 740 2355 ad
757 2295 794 2354 te
810 2306 938 2354 unum
957 2304 1200 2357 revocaverat
1247 2283 1373 2381 Atque
1392 2307 1531 2383 parurn
1558 2299 1629 2374 est,
1654 2284 1761 2385 ‹puod
1779 2287 1844 2361 im·

442 2430 551 2509 pune
571 2403 719 2479 iecisti:
744 2428 877 2477 verum
901 2402 1018 2475 etiam
1038 2403 1369 2478 commemorando
1393 2403 1616 2507 exprobras3
1641 2433 1769 2510 neque
1801 2410 1843 2483 li·

444 2544 505 2603 cet
536 2526 709 2601 oblivisci
737 2524 926 2601 servitutis
952 2548 1037 2599 suae.
1086 2526 1236 2629 ligeris,
1260 2552 1327 2600 oro
1356 2542 1408 2615 te,
1444 2526 1594 2618 Cicero,
1617 2528 1843 2631 perfeceris,

446 2650 551 2753 quod
573 2649 702 2723 lubet:
726 2648 815 2722 satis
834 2664 906 2735 est,
927 2672 1117 2751 perpessos
1136 2672 1211 2722 esse
1232 2680 1240 2721 ε
1266 2648 1434 2723 etiamne
1460 2674 1570 2724 aures
1591 2667 1736 2727 nostras
1760 2654 1843 2729 odio

448 2774 507 2847 tui
529 2771 728 2847 onerabis?
751 2770 919 2845 etiamne
935 2769 1213 2845 molestissumis
1232 2770 1354 2845 verbis
1373 2770 1628 2849 insectabere?
1666 2826 1683 2859 «
1700 2777 1843 2852 Cedant

447 2922 553 2970 arma
575 2912 683 2998 togae,
710 2892 895 2969 concedat
914 2891 1045 2968 laurea
1067 2894 1235 2997 linguae.l
1272 2893 1394 2989 Quasi
1414 2888 1504 2971 iero
1527 2910 1694 3001 togatus,
1716 2916 1754 2975 et
1767 2928 1842 2975 non

448 3033 630 3106 armatus,
655 3042 716 3105 ea,
739 3040 827 3117 quae
852 3014 1043 3119 gloriaris,
1076 3015 1311 3107 confeceris,¹
1336 3032 1451 3119 atque
1477 3018 1579 3093 inter
1602 3036 1657 3110 te,
1683 3023 1840 3098 Stdlam-

449 3243 510 3305 inc.
519 3239 604 3300 ilem.
615 3238 678 3299 Bas
686 3214 804 3302 leid-c.
825 3256 894 3298 ers.
904 3247 932 3298 et
945 3237 1207 3319 visoeribusrulgo,
1218 3255 1255 3299 ec
1264 3234 1307 3295 Μ.
1320 3234 1548 3315 Crassifartilia
1560 3240 1621 3301 Bas.
1634 3246 1841 3328 quatPopmae.

325 3368 329 3375 ¹
449 3341 662 3404 omnesCortii.
683 3362 720 3401 ex
731 3338 766 3407 C.
779 3340 875 3401 Marii
882 3362 917 3401 ex
929 3343 1095 3403 coniectura
1103 3342 1217 3422 legitur.
1238 3340 1317 3400 illius
1326 3340 1464 3401 virtutem
1472 3343 1587 3406 Lede.
1608 3346 1671 3407 Bas.
1690 3350 1842 3411 saumata

368 3494 377 3517 .
449 3446 530 3513 leid.
541 3470 567 3509 c.
582 3446 634 3507 lc.
654 3446 831 3506 simultatem
839 3449 939 3528 vulgo.
961 3466 1053 3526 remp.
1067 3464 1173 3506 coram
1192 3444 1292 3521 idem,
1312 3454 1437 3525 qtntuor
1449 3444 1552 3508 Cottii.
1568 3470 1637 3531 pop.
1653 3474 1729 3513 rom.
1746 3475 1842 3516 mmm

447 3555 548 3633 vulgo.
565 3548 837 3629 gratioremovetttr
846 3547 924 3608 Gud.
935 3545 995 3609 inc.
1008 3552 1064 3609 Ac.
1074 3548 1172 3607 Guell.
1185 3547 1250 3613 Bas.
1268 3558 1464 3611 commovetur
1476 3554 1572 3619 ceteri.
1592 3555 1677 3617 alind
1692 3559 1840 3620 mami-

448 3654 656 3713 ciriatorum
671 3673 709 3713 ac
721 3654 815 3714 oblau
838 3662 879 3713 est
894 3652 991 3712 animi
1008 3652 1071 3713 Bas.
1093 3652 1288 3733 Oudendorp.
1310 3652 1370 3713 inc.
1389 3652 1475 3714 ilem.
1494 3655 1543 3716 illi
1557 3678 1629 3722 vero
1646 3662 1777 3725 anricitrir
1794 3672 1840 3725 tua

448 3778 486 3818 oc
499 3760 593 3818 virtus
605 3767 659 3818 etc
679 3756 778 3821 Guelf.
802 3757 831 3815 ei
843 3777 913 3816 vero
922 3756 1071 3815 arnicitice
1081 3764 1197 3815 tantum
1214 3774 1251 3816 ao
1263 3754 1356 3815 virtus
1368 3766 1407 3816 est
1420 3757 1518 3817 animi
1534 3759 1585 3828 Ac.
1606 3784 1644 3824 co
1658 3767 1753 3826 ammi
1759 3778 1797 3828 est
1811 3786 1839 3828 rr

447 3841 542 3923 oirtus
560 3863 641 3921 Leid.
663 3882 689 3922 c.
711 3860 787 3920 aad
806 3880 875 3921 vcro
898 3863 998 3941 vulgo.
1020 3870 1049 3919 et
1062 3858 1255 3920 miserrimam
1266 3859 1559 3942 embadumque
1576 3866 1674 3929 Gucll.
1697 3872 1836 3953 proscrip·

449 3966 557 4025 trirmm
570 3964 685 4029 cledon.
699 3964 806 4025 esiciam
827 3984 893 4029 om.
908 3963 990 4024 leid.
1000 3985 1027 4026 c.
1047 3966 1107 4022 inc.
1128 3962 1225 4022 Guelf.
1244 3960 1295 4027 lc.
1311 3984 1358 4043 pr.
1368 3982 1434 4024 eom
1452 3962 1514 4027 Bas.
1525 3967 1611 4039 nem,
1622 3972 1700 4038 Gud,
1716 3977 1837 4038 omnam

449 4079 618 4130 nostrorum
631 4069 700 4127 vilre
719 4067 798 4134 Gud.
818 4066 870 4127 Ac.
891 4068 977 4126 Rem.
994 4104 1041 4119 -
1058 4064 1132 4148 Cep.
1143 4080 1174 4139 4.
1191 4066 1394 4147 aequiparem
1414 4070 1497 4130 Leid.
1519 4094 1548 4141 ο,
1563 4096 1673 4155 ραι-ψη
1693 4082 1770 4160 quod
1785 4080 1837 4141 im.

445 4195 523 4256 pune
542 4174 604 4233 Bas.
624 4172 752 4242 oblivisci
767 4171 825 4231 biis
841 4172 923 4231 Leid.
938 4194 964 4231 c.
985 4174 1044 4236 inc.
1066 4171 1112 4231 his
1127 4170 1183 4235 obl.
1204 4168 1283 4229 Gud.
1304 4170 1361 4231 obl.
1374 4172 1431 4253 ρι’ῐε
1449 4176 1509 4235 elii.
1531 4198 1622 4259 mque
1642 4184 1689 4247 Ιιίς
1707 4185 1769 4247 ἄρα
1787 4184 1831 4245 Ac.

446 4278 588 4342 servitutis
606 4288 662 4338 tuoe
675 4275 772 4336 Guelf.
793 4276 927 4337 onerabis
943 4276 1015 4366 odio¹
1028 4285 1076 4335 tuo
1094 4273 1173 4339 cod.
1182 4274 1322 4335 Oudend.
1342 4296 1427 4337 aures
1442 4287 1506 4340 titos
1522 4283 1595 4345 odio
1614 4289 1745 4351 onerabis
1755 4288 1829 4356 bem.
