4050 5009
551 362 620 441 158

545 559 625 633 rat,
651 560 846 647 suspectus
871 544 949 648 regi
971 560 1009 619 et
1031 543 1109 647 ipse
1125 568 1214 618 eum
1239 541 1465 647 suspiciens,
1491 566 1607 649 novas
1634 565 1690 615 res
1719 564 1887 643 cupere:
1917 536 1973 610 ad

545 667 756 771 perniciem
781 668 861 741 eius
898 665 1033 743 dolum
1060 690 1227 768 ‹praerere
1239 698 1250 758 ;
1284 665 1346 741 die
1368 682 1562 769 noctuque
1589 662 1746 768 fatigare
1767 663 1973 754 animum,

546 790 716 893 denique
737 792 867 871 omnia
894 789 1132 896 temptando,
1152 790 1299 865 socium
1323 790 1396 863 sibi
1420 787 1596 893 adiungit
1621 785 1870 876 Nabdalsam,
1896 784 1975 859 ho·

544 914 688 989 minem
713 913 907 1004 nobilem,
931 914 1078 1018 magnis
1096 914 1232 1018 opibus
1256 913 1405 989 clarum
1421 929 1694 1016 acceptumque
1710 909 1973 1016 popularibus

544 1038 620 1111 suis
641 1069 648 1110 :
673 1038 740 1140 qui
760 1038 988 1141 plerumque
1003 1063 1170 1112 seorsum
1183 1038 1233 1111 ab
1255 1064 1341 1141 rege
1358 1038 1566 1113 exercitum
1597 1035 1754 1111 ductare
1778 1050 1816 1107 et
1837 1036 1972 1109 omnis

544 1186 600 1237 rus
616 1161 770 1263 exsequi
784 1162 916 1235 solitus
931 1179 1030 1252 erat,
1052 1186 1138 1263 quae
1155 1158 1352 1266 Iugurtbae
1374 1159 1466 1234 sesso
1490 1175 1558 1233 aut
1571 1159 1780 1233 maioribus
1803 1158 1972 1232 adstric-

544 1301 583 1361 to
604 1301 901 1389 superaverant:
928 1312 974 1361 ex
995 1312 1073 1388 quo
1097 1285 1155 1358 illi
1178 1284 1297 1389 gloria
1310 1309 1472 1387 opesque
1493 1284 1664 1357 inventae.
1724 1283 1846 1386 Igitur
1863 1285 1970 1356 utri·

542 1433 661 1511 usque
687 1409 846 1484 consilio
873 1407 951 1483 dies
971 1407 1123 1484 insidiis
1156 1408 1368 1483 statuitur:
1403 1423 1552 1497 cetera,
1585 1407 1645 1481 uti
1675 1432 1732 1483 res
1768 1424 1970 1509 posceret,

542 1556 589 1607 ex
607 1548 775 1635 ternpore
791 1532 919 1634 parari
932 1531 1088 1635 placuit
1138 1529 1327 1605 Nabdalsa
1340 1528 1391 1604 ad
1404 1530 1611 1605 exercitum
1626 1531 1827 1635 profectus,
1844 1558 1970 1633 quem

543 1654 644 1729 inter
661 1654 822 1730 hiberna
844 1658 1106 1731 Romanorum
1130 1654 1249 1731 iussus
1266 1653 1454 1744 habebat,
1478 1680 1528 1729 ne
1553 1680 1661 1758 ager,
1689 1654 1822 1728 inultis
1841 1650 1968 1729 bosti-

542 1778 636 1867 bus,
662 1795 880 1853 vastaretur.
932 1782 966 1853 Is
989 1795 1192 1883 postquam
1215 1777 1481 1882 magnitudine
1501 1777 1681 1853 facinoris
1701 1778 1902 1881 perculsus
1914 1781 1969 1854 ad

543 1918 691 2007 tempus
712 1930 792 1978 non
809 1885 913 1979 venit
935 1919 1135 2006 metusque
1153 1928 1236 1977 rem
1252 1900 1514 2005 impediebat,
1548 1903 1736 1979 Bomilcar
1752 1903 1870 1976 simul
1892 1932 1965 1978 cu·

539 2026 654 2131 pidus
679 2028 829 2131 incepta
858 2026 1038 2131 patrandi
1070 2044 1109 2102 et
1132 2026 1267 2101 timore
1290 2024 1383 2102 socii
1407 2024 1562 2117 anxius,
1589 2052 1640 2101 ne
1667 2026 1801 2103 omisso
1833 2045 1966 2103 vetere

542 2152 705 2227 consilio
726 2178 871 2227 novum
895 2166 1098 2252 quareret,
1118 2148 1245 2233 literas
1271 2147 1426 2223 adeum
1447 2175 1516 2253 per
1536 2148 1710 2227 homines
1735 2152 1857 2226 fidelis
1871 2154 1966 2237 mit:

543 2275 609 2364 tit,
642 2274 684 2349 in
710 2275 795 2375 quis
815 2258 1021 2347 mollitiam
1054 2271 1342 2373 socordiamque
1365 2272 1438 2347 viri
1467 2299 1661 2367 accusare,
1694 2277 1822 2350 testari
1851 2276 1964 2365 deos,

541 2424 611 2501 per
632 2422 728 2500 quos
747 2396 965 2485 iuravisset3
991 2420 1146 2471 monere
1164 2420 1213 2469 ne
1234 2396 1392 2498 praemia
1413 2396 1557 2473 Metelli
1575 2398 1618 2472 in
1639 2416 1781 2503 pestem
1796 2427 1965 2479 convor-

544 2536 667 2609 teret,
689 2517 885 2623 Iugurthae
913 2517 1073 2593 exitium
1091 2517 1235 2607 adesse,
1259 2534 1428 2594 ceterum
1444 2544 1564 2601 suane
1582 2551 1634 2598 an
1652 2524 1793 2599 virtute
1809 2526 1962 2601 Metelli

543 2643 701 2745 periret,
727 2643 768 2717 id
789 2641 904 2718 modo
923 2641 1082 2745 agitari:
1104 2641 1271 2745 ,proinde
1287 2660 1482 2745 reputaret
1498 2672 1589 2721 cum
1603 2649 1733 2723 animo
1747 2674 1832 2741 suo,
1856 2678 1960 2755 prae-

484 2793 528 2853 '7¹
542 2764 618 2839 mia
654 2791 706 2841 an
729 2767 951 2841 «cruciatum
983 2765 1123 2840 mallet
1170 2766 1244 2841 Sed
1277 2793 1400 2869 quum
1427 2766 1488 2843 hoe
1522 2768 1641 2844 literae
1666 2770 1822 2861 adlatae,
1856 2773 1959 2850 forte

540 2888 753 2976 Nabdalsa,
786 2888 950 2964 exercito
968 2914 1126 2992 corpore
1145 2887 1276 2978 fessus,
1302 2890 1346 2965 in
1366 2890 1464 2966 lecto
1476 2892 1709 2994 qrriescebat3
1732 2896 1803 2971 ubi
1823 2900 1961 3003 cogni-

595 3082 668 3165 Cap.
679 3106 727 3167 7⁰·
748 3095 913 3165 urspectons
932 3084 1012 3145 leid.
1025 3106 1051 3144 c.
1064 3084 1163 3146 Guell.
1173 3086 1203 3147 ὅ.
1213 3094 1242 3147 et
1249 3088 1409 3167 pernicicm
1419 3088 1479 3151 cius
1490 3092 1561 3152 dolo
1574 3112 1703 3171 quoemre
1721 3096 1761 3154 ita
1771 3093 1834 3155 hacc
1850 3096 1957 3157 laudat

539 3190 617 3251 Non.
629 3190 738 3263 4438.
760 3190 819 3249 eius
834 3210 895 3248 om.
912 3189 996 3249 bern.
1018 3190 1071 3249 diu
1089 3191 1185 3255 Sonat.
1201 3213 1226 3249 ι.
1246 3192 1372 3253 Remu.
1394 3193 1493 3254 Guell.
1509 3215 1555 3255 ra.
1577 3217 1617 3255 m.
1636 3195 1842 3260 emendatrice.
1862 3200 1955 3261 Nas-

539 3296 683 3355 dolsalcm
712 3294 773 3353 Bas.
794 3293 824 3364 4.
851 3292 1038 3373 Napdalram
1053 3297 1175 3373 plurimi
1192 3296 1270 3357 libri.
1296 3296 1482 3359 Nabdalsam
1505 3302 1647 3366 meliores.
1673 3323 1694 3363 o
1711 3322 1781 3382 rego
1799 3303 1870 3387 Τις.
1890 3306 1953 3368 ΕιΙ.

538 3396 600 3458 Bas.
613 3400 642 3469 d.
661 3398 797 3460 asstricto
818 3396 880 3455 Bas.
895 3418 920 3455 ι.
935 3397 1044 3477 parari
1057 3399 1180 3477 plurimi
1195 3399 1274 3460 libri.
1292 3422 1402 3479 parare
1413 3404 1502 3482 pauci
1519 3424 1553 3463 ex
1565 3404 1647 3463 cort
1667 3427 1743 3465 umas
1756 3407 1845 3467 llirii.
1867 3410 1952 3471 tud-

537 3512 583 3561 tus
600 3502 728 3563 hostibus
749 3500 859 3561 Fabric.
883 3502 942 3560 inc.
956 3519 982 3559 1.
1004 3498 1101 3559 Guell.
1119 3522 1145 3565 1.
1162 3522 1310 3582 per-catastis
1329 3502 1494 3569 lliriilibri.
1515 3508 1602 3568 simul
1610 3510 1795 3589 cupidinibus
1815 3512 1894 3573 ffirti
1908 3518 1951 3575 li-

536 3604 598 3677 bri,
619 3604 764 3665 accedunt
785 3605 1062 3686 pauciccterorum.
1075 3606 1108 3663 in
1123 3604 1204 3685 quib.
1219 3607 1286 3673 Nar.
1307 3608 1376 3692 Teg.
1395 3610 1492 3671 Turia.
1514 3634 1555 3671 ιιι.
1572 3632 1618 3694 pr.
1640 3614 1674 3674 in
1692 3616 1756 3692 quis
1770 3638 1874 3679 omues
1889 3621 1951 3681 scra

531 3706 616 3768 libri.
635 3707 791 3769 mollitiam
809 3708 872 3766 llas.
888 3728 913 3785 ι..
933 3708 1001 3767 vin.
1015 3730 1041 3767 ι.
1060 3709 1127 3768 Sca.
1142 3732 1168 3769 ι.
1188 3711 1287 3773 Guell.
1304 3734 1332 3774 a.
1357 3715 1452 3777 Strur.
1477 3716 1583 3777 Franc.
1605 3718 1691 3785 Bcrn.
1703 3720 1733 3780 3.
1753 3721 1824 3781 Τιιι.
1845 3742 1948 3785 socors-

537 3810 675 3891 diamquo
694 3814 793 3893 plnres
808 3810 911 3870 Cottii.
930 3809 1011 3871 Laid.
1027 3832 1067 3869 m.
1088 3833 1206 3874 monere
1224 3835 1262 3875 nc
1270 3818 1404 3895 prumia.
1422 3841 1540 3882 monere
1558 3822 1672 3885 Fabric.
1689 3846 1715 3883 1.
1736 3845 1797 3885 om.
1818 3848 1858 3888 no
1870 3848 1948 3889 con-

540 3925 663 3977 verteret
682 3915 818 3985 GuelM.
839 3915 934 3975 Struv.
955 3916 1013 3979 inc.
1025 3935 1054 3974 a.
1075 3916 1355 3983 culletellivirtutc
1373 3924 1440 4006 Τις.
1461 3924 1522 3985 Bas.
1537 3947 1563 3986 ι.
1581 3926 1651 3987 Τιιι.
1671 3928 1757 3989 Bern.
1776 3952 1801 3996 ι.

495 4072 500 4079 ·
602 4040 736 4124 οαρ.7ι.
758 4042 804 4102 luc
824 4042 867 4101 lit.
888 4061 974 4122 pron.
991 4041 1132 4105 onassn.
1146 4066 1172 4104 ι.
1196 4046 1369 4111 Nabdalsa»
1387 4051 1513 4113 Tbosan.
1534 4054 1625 4115 Palm.
1644 4055 1814 4119 Nabdalsa
1837 4061 1902 4124 Bas.
1915 4066 1946 4137 A.

531 4148 700 4210 exercitato
713 4164 793 4229 corp.
812 4148 881 4211 vin.
895 4166 920 4203 ι.
934 4146 985 4206 Ac.
996 4145 1161 4214 stramine.
1173 4171 1201 4211 a.
1212 4150 1298 4213 liam.
1312 4174 1338 4214 ι.
1352 4160 1453 4219 Franc.
1465 4158 1533 4220 lice.
1544 4160 1680 4223 Gardt&
1692 4185 1721 4244 7.
1732 4186 1763 4245 9.
1778 4188 1827 4229 ιο.
1837 4190 1850 4227 ι
1859 4190 1885 4230 ι.
1898 4192 1947 4232 ιι.

539 4252 619 4314 Laid.
628 4251 658 4310 d.
667 4253 772 4310 llam.
787 4250 863 4331 cepit
875 4270 941 4309 eum
957 4254 1003 4310 rel
1013 4249 1097 4309 'allum
1117 4263 1242 4332 quatuor
1251 4256 1378 4329 iunioras
1390 4260 1459 4321 libri
1474 4282 1510 4325 ex
1527 4264 1609 4326 Cart.
1623 4278 1689 4328 crat
1698 4269 1837 4333 tbiNum.
1858 4275 1943 4337 laid.

533 4362 561 4425 ,1,
575 4366 640 4420 crat
657 4356 791 4418 anida
809 4356 893 4418 Rem.
906 4376 931 4421 1.
952 4354 1020 4419 Naz.
1042 4358 1168 4417 Prista.
1184 4368 1217 4419 ‚ct
1230 4362 1371 4423 omnium
1388 4375 1419 4425 ct
1431 4385 1494 4427 om.
1505 4366 1592 4431 Rern.
1609 4393 1635 4432 ι.
1652 4382 1684 4435 ct
1699 4395 1738 4436 ea
1751 4382 1944 4441 mansetudi-
