4050 5009
538 300 607 381 150
692 313 695 325 '

1219 380 1233 414 t

531 482 577 561 di·
599 482 718 588 gratia
742 480 913 557 occultus
942 472 1093 559 veniat:
1117 480 1256 557 deinde
1276 479 1351 557 lide
1371 478 1478 570 data,
1501 481 1778 587 ailugurtham
1804 484 1929 561 virum

533 622 603 684 tut
623 622 802 681 necatum
819 604 893 680 sibi
915 603 1146 698 tradidisset,
1164 604 1265 695 fore,
1287 620 1334 680 ut
1349 600 1407 679 iili
1422 606 1581 682 Senatus
1601 608 1872 713 impunitatem
1892 624 1930 683 et

530 756 597 809 tua
623 731 752 807 omnia
777 728 1016 818 concederet,
1048 726 1161 803 facile
1185 726 1361 803 Numidae
1381 730 1604 833 persuadet,
1628 759 1753 836 quum
1779 731 1927 840 ingenio

531 854 668 945 infido,
696 870 778 928 tum
809 852 1014 939 metuenti,
1041 876 1105 940 ne,
1140 851 1173 925 si
1195 878 1270 954 pax
1292 877 1383 926 cum
1401 852 1581 930 Romanis
1607 852 1737 947 lieret,
1762 856 1841 961 ipae
1863 884 1928 962 per

483 990 521 1055 tt
531 978 767 1054 conditiones
794 977 844 1052 ad
872 974 1107 1079 supplicium
1125 974 1346 1051 traderetur.
1385 978 1420 1051 Is
1446 976 1516 1052 ubi
1547 976 1720 1082 primum
1750 997 1929 1085 opportu-

530 1128 628 1179 num
653 1103 745 1192 fuit,
770 1097 999 1205 Iugurtham
1017 1098 1177 1174 anxium
1202 1124 1247 1173 ac
1266 1097 1508 1176 miserantem
1525 1100 1700 1178 sommae
1719 1129 1806 1179 auae
1830 1132 1931 1183 acce·

530 1226 611 1321 dit;
637 1239 767 1302 monet
790 1239 906 1327 atque
929 1222 1147 1299 lacmtmana
1173 1223 1402 1315 obtentatur,
1427 1223 1486 1300 uti
1516 1224 1728 1328 aliquando
1746 1226 1821 1305 sibi
1840 1228 1931 1305 libe·

530 1348 657 1452 risque
683 1364 721 1423 et
751 1347 854 1453 genti
879 1346 1152 1438 Numidarum,
1176 1361 1333 1451 optume
1361 1347 1543 1439 merenti,
1566 1348 1787 1452 provideat:
1810 1354 1931 1430 omni·

528 1472 601 1548 bus
624 1470 765 1575 praeliia
794 1494 869 1546 acac
892 1468 1033 1561 victos,
1065 1498 1201 1577 agrum
1232 1486 1442 1563 rutatum,
1474 1471 1617 1589 multoe
1642 1475 1814 1551 mortalia
1838 1505 1927 1583 tap-

449 1668 451 1671 .
531 1608 606 1686 tos,
632 1594 793 1683 occisos,
819 1594 925 1699 regni
950 1619 1037 1698 opat
1056 1594 1310 1670 comminutas
1338 1620 1437 1672 aare:
1464 1596 1554 1673 tatis
1575 1622 1674 1702 saepe
1697 1598 1776 1674 iam
1797 1616 1838 1675 et
1858 1601 1931 1677 rir-

532 1732 653 1795 tutem
673 1717 859 1807 militum,
884 1732 924 1792 et
950 1715 1148 1793 fortunam
1179 1734 1429 1822 temptatam:
1453 1734 1583 1795 caveat
1612 1748 1687 1811 ne,
1719 1721 1788 1799 illo
1816 1750 1932 1801 cunc·

532 1858 657 1934 tante,
679 1840 855 1919 Numida
870 1840 943 1915 sibi
962 1840 1173 1917 consulant
1211 1841 1281 1915 Hit
1302 1856 1418 1944 atque
1439 1841 1578 1919 talibus
1598 1843 1683 1919 aliia
1701 1846 1753 1920 ad
1772 1846 1932 1926 deditio·

529 1993 620 2043 nem
640 1965 734 2071 regia
752 1965 928 2040 animum
947 1964 1121 2068 impellit
1151 1963 1365 2040 Mittuntur
1375 1963 1426 2040 ad
1445 1966 1712 2071 imperatorem
1729 1969 1841 2074 legati
1864 1975 1929 2077 qui

532 2088 760 2196 Iugurtham
785 2088 968 2191 imperata
984 2087 1179 2161 facturum
1201 2086 1389 2178 dicerent,
1410 2115 1455 2163 ac
1470 2089 1552 2163 sine
1568 2090 1651 2163 ulla
1663 2093 1843 2193 pactione
1858 2123 1931 2172 tete

435 2260 436 2263 =
529 2238 766 2320 regnumque
785 2236 899 2287 auum
921 2210 963 2285 in
979 2209 1083 2284 illiue
1108 2208 1223 2284 fidem
1243 2209 1398 2286 tradere.
1434 2211 1612 2287 Metellus
1633 2240 1795 2318 propere
1816 2246 1932 2296 cunc-

529 2352 586 2413 toa
606 2333 793 2413 Senatorii
815 2332 961 2408 ordinis
982 2358 1028 2407 ex
1050 2330 1220 2407 hibernis
1239 2333 1377 2407 accersi
1396 2333 1529 2409 iubet:
1550 2361 1686 2411 eorum
1705 2354 1823 2442 atquc
1840 2344 1931 2419 alio-

528 2486 638 2551 rum,
665 2483 759 2561 quos
793 2456 948 2533 idoneos
986 2454 1170 2545 ducebat,
1194 2455 1397 2531 consilium
1414 2454 1550 2533 -habet
1600 2461 1658 2535 Ita
1681 2488 1789 2539 mone
1816 2468 1932 2543 maio-

529 2612 646 2675 ιιιιιι,
673 2609 719 2658 ex
744 2580 893 2658 consilii
920 2580 1089 2670 decreto,
1118 2606 1188 2683 per
1212 2579 1351 2684 legatos
1371 2580 1565 2687 Iugurthae
1592 2582 1755 2689 imperat
1785 2592 1930 2695 argenti

530 2707 663 2813 pondo
683 2706 848 2781 ducenta
877 2702 1021 2793 millia,
1045 2701 1267 2808 elephantos
1288 2704 1428 2795 omnis,
1457 2730 1646 2807 equorum
1667 2724 1707 2783 et
1736 2736 1930 2790 armorum

529 2831 786 2937 aliquantum
835 2828 933 2925 Quae
951 2842 1155 2932 postquam
1177 2826 1260 2902 aine
1284 2853 1391 2903 mora
1422 2826 1656 2922 factasunt,
1679 2830 1928 2915 iubetomnit

528 3013 590 3074 atri.
619 3010 690 3071 dein
704 3010 814 3091 priores
827 3007 904 3069 Edit.
925 3006 1066 3067 metumtti
1083 3027 1130 3067 ne.
1151 3027 1189 3068 ιω
1202 3007 1354 3068 0111.th
1367 3006 1550 3071 Fabellam.
1570 3013 1639 3079 vin.
1656 3034 1682 3074 ι.
1701 3014 1809 3077 Sena.
1830 3019 1927 3081 licum.

529 3115 706 3182 Ecc.·Guell.
718 3114 780 3184 ud.
790 3135 817 3194 7.
828 3114 857 3173 6.
868 3134 913 3172 ιι.
926 3133 971 3172 ra.
982 3111 1052 3195 Τις.
1073 3112 1156 3177 leit.
1169 3111 1200 3171 b.
1213 3132 1245 3171 n.
1265 3112 1350 3174 Bodl.
1365 3114 1398 3173 B.
1408 3113 1479 3173 Pub.
1498 3115 1591 3182 Mark.
1602 3128 1638 3180 Δ.
1647 3131 1678 3184 r.
1690 3140 1731 3178 ιιι.
1739 3140 1797 3181 aec.
1818 3124 1929 3201 qrmdri

531 3244 595 3306 pac
613 3220 694 3283 Laid.
711 3220 739 3285 k.
760 3220 802 3279 ud
814 3217 906 3299 auppl.
921 3218 1045 3279 dareta
1062 3216 1133 3279 vin.
1144 3238 1172 3278 a.
1192 3215 1327 3282 Guntia.
1347 3218 1449 3290 Boud-
1469 3216 1637 3283 Μαι-σω·
1654 3221 1752 3285 Gucls.
1765 3245 1792 3286 ι.
1812 3227 1880 3312 Teg.

609 3348 683 3431 Cap.
698 3350 748 3409 62.
768 3354 881 3427 opport.
887 3344 954 3424 fita't
970 3345 1093 3410 verbum
1105 3366 1168 3405 om.
1183 3344 1330 3407 Commtl.
1349 3345 1434 3407 Bodl.
1455 3347 1561 3428 optim
1575 3350 1688 3411 meritae
1704 3356 1838 3437 plerique
1852 3357 1925 3419 Cor·

529 3456 564 3517 tii
579 3454 660 3528 libri,
681 3470 782 3512 omnen
790 3450 872 3515 Laid.
891 3447 953 3509 But.
969 3470 997 3509 ι.
1016 3448 1101 3509 Bern.
1115 3447 1146 3509 3.
1166 3449 1290 3509 menti
1307 3450 1376 3510 vin.
1394 3471 1420 3512 ι.
1440 3451 1552 3513 Fabric.
1571 3454 1669 3522 Turia.
1689 3458 1774 3519 Rem.
1785 3480 1812 3525 a.
1832 3462 1925 3525 Gutli.

533 3580 560 3619 ι.
579 3558 658 3620 ltivii
670 3556 783 3637 aliquot
801 3564 830 3615 et
844 3554 931 3614 Putat
941 3554 1084 3613 meliorat.
1107 3562 1234 3613 merente
1246 3552 1344 3619 Gucll.
1354 3554 1384 3620 3.
1409 3564 1509 3635 captor
1523 3556 1631 3620 ooeoos
1653 3560 1723 3646 Τις.
1742 3563 1805 3625 Bar.
1815 3590 1840 3627 ι.
1859 3568 1923 3629 Tur.

530 3664 616 3725 Bern.
632 3682 659 3720 1.
688 3668 741 3719 out
757 3678 819 3719 occ.
841 3659 936 3719 ceteri.
956 3656 1028 3718 satit
1042 3676 1115 3737 toepo
1130 3666 1158 3716 et
1174 3656 1236 3716 ium
1263 3657 1376 3725 Fabric.
1394 3680 1420 3719 ι.
1439 3660 1508 3745 Teg.
1528 3662 1599 3723 Tur.
1624 3665 1714 3726 etiam
1725 3676 1755 3727 et
1775 3670 1883 3735 fabric,
1898 3694 1923 3734 2.

529 3769 593 3831 iam
610 3766 708 3827 Guclf.
718 3764 747 3825 6.
768 3762 929 3825 camtillo
949 3761 1035 3826 Beru.
1052 3776 1086 3822 1.'
1099 3761 1314 3841 quai-dicarant
1333 3762 1414 3824 Cart.
1431 3785 1493 3826 om.
1509 3769 1607 3843 fidem
1623 3772 1755 3833 traderet
1774 3775 1883 3839 falarie.
1898 3800 1923 3838 r.

529 3874 600 3937 Vin.
618 3892 644 3935 ι.
669 3870 737 3929 Seu.
748 3888 776 3929 n.
797 3866 896 3927 lleuat.
915 3865 985 3948 Τις.
1004 3864 1102 3926 Turia.
1132 3864 1229 3925 Guelf.
1243 3885 1269 3926 1.
1284 3887 1331 3927 ιο.
1357 3843 1399 3928 ita
1412 3871 1500 3931 ctiam
1515 3871 1603 3933 Palat.
1618 3877 1756 3957 potiores.
1776 3885 1923 3960 tmdarmtt

529 3978 593 4043 Bu,
604 3974 633 4048 A.
647 3973 729 4034 'illiue
731 3972 810 4049 fidei
821 3970 903 4031 Leid.
913 3969 946 4030 ln.
966 3968 1096 4045 illustria
1115 3969 1218 4035 Fratue.
1238 3969 1378 4032 ocoerairi
1395 3972 1480 4035 Grut.
1500 3974 1620 4054 Cart-io,
1639 3978 1805 4061 Gryphiua,
1818 3986 1922 4050 Veneta

397 4058 409 4071 ἱ
534 4082 621 4165 ¹47⁰·
642 4078 739 4144 Gucll.
754 4078 785 4139 6.
802 4097 849 4142 ιο.
864 4098 909 4135 ιι.
926 4094 972 4135 12.
994 4071 1116 4137 Palam.
1136 4073 1220 4133 llam.
1233 4093 1259 4133 1.
1278 4074 1346 4134 Son.
1360 4096 1389 4137 a.
1409 4069 1509 4139 lituu.
1528 4081 1682 4147 Vrat.2.3.
1702 4087 1800 4156 Turia.
1821 4113 1920 4153 mm.

530 4185 643 4251 coctm'
659 4186 722 4245 Bas.
734 4204 760 4245 ι.
781 4181 930 4246 Fabrici.
949 4179 1019 4239 vin.
1038 4179 1097 4238 inc.
1116 4178 1213 4239 Sonat.
1226 4199 1252 4238 ι.
1271 4178 1356 4239 Ram.
1372 4200 1401 4241 a.
1419 4181 1501 4245 Vrat.
1513 4203 1539 4245 ι.
1565 4184 1662 4255 Gucll'.
1675 4210 1700 4250 ι.
1715 4198 1820 4277 ²·3·7·
1839 4196 1918 4259 Bam.

528 4315 563 4359 .ι.
589 4310 693 4359 torum
711 4298 739 4353 rt
755 4286 885 4349 αῑίοιιιιιι
911 4281 1065 4354 ΜΗ.
1086 4281 1173 4343 Βοιιι.
1189 4303 1217 4345 ι.
1235 4281 1296 4352 Erl.
1322 4284 1572 4355 tietuttllirium
1591 4292 1703 4356 editum
1717 4298 1782 4361 fuit,
1806 4301 1921 4363 ηῑῑω,
