4050 5009
429 358 478 433 50

524 554 815 660 Quadripertita
836 557 933 634 mihi
949 560 1101 635 videtur
1121 584 1197 635 esse
1213 548 1496 667 philolegomm
1513 563 1730 667 pmvineia3
1754 564 1830 645 cri·

428 667 501 743 tica
519 672 679 761 scilicet,
695 676 959 777 grammatica,
974 675 1131 753 historia
1153 694 1268 781 atque
1288 676 1475 753 rhetorica
1496 681 1724 754 continetur.
1757 681 1831 754 Ne·

426 812 502 886 que
519 785 580 861 his
602 789 714 891 plura
740 791 952 867 addiderim
959 825 970 887 5
995 818 1086 867 nam
1103 818 1189 895 quae
1209 821 1230 867 a
1251 796 1451 869 nonnullis
1474 796 1742 899 adjunguntur
1759 797 1831 871 sei·

423 903 553 991 entiae,
583 921 652 979 aut
678 906 727 978 ab
758 907 822 999 iis',
848 934 942 1009 quas
966 910 1287 999 enumeravimus,
1318 938 1456 1014 parum
1479 912 1651 1001 diversae,
1686 929 1755 986 aut
1777 914 1830 986 ab

426 1014 676 1095 humanitatis
695 1022 829 1097 studiis
845 1024 960 1126 plane
979 1024 1113 1099 alienae
1129 1042 1227 1099 sunt.
1243 1027 1282 1116 ⁸⁴⁴)
1318 1027 1467 1102 Critieae
1489 1025 1594 1101 haud
1616 1026 1733 1102 dubie
1750 1027 1831 1129 pri·

402 1161 500 1225 ,mae
518 1152 609 1211 sunt
632 1155 772 1242 partes,
796 1154 835 1213 et
856 1166 899 1214 ea
923 1141 1004 1244 ipsa
1029 1139 1219 1242 bipartita.
1278 1145 1356 1215 Aut
1375 1144 1478 1218 enim
1501 1144 1543 1217 in
1567 1142 1726 1247 singulis
1747 1168 1831 1217 ver-

424 1252 481 1327 bis
503 1254 766 1329 examinandis
785 1274 973 1346 versatur,
1006 1274 1075 1331 aut
1096 1258 1145 1331 ad
1176 1274 1271 1331 totos
1295 1258 1410 1333 libros
1430 1259 1603 1361 pertinet.
1641 1260 1753 1331 Hanc
1774 1259 1832 1333 al-

341 1366 344 1376 ’
424 1371 573 1461 tiorem,
599 1371 706 1445 illam
731 1371 950 1447 inferiorem
970 1372 1184 1447 nominant.
1222 1374 1293 1447 Sed
1315 1389 1361 1446 ut
1381 1373 1548 1476 prudens
1562 1389 1678 1473 atque
1688 1373 1831 1447 subtile

423 1489 473 1561 sit
495 1487 698 1591 judicium,
725 1504 762 1561 et
782 1504 827 1561 ut
846 1513 906 1562 ars
932 1489 1079 1578 critica,
1106 1515 1223 1590 quam
1244 1488 1396 1577 dicunt,
1422 1489 1482 1563 via
1513 1508 1550 1563 et
1567 1490 1715 1563 ratione
1741 1516 1832 1573 pro-

424 1603 551 1692 cedat,
585 1631 673 1678 eum
701 1604 831 1679 ceteris
862 1603 1073 1707 disciplinis
1103 1605 1306 1679 arctissime
1338 1605 1493 1680 vinculo
1523 1582 1830 1709 conjuncta⁴sit‚

427 1746 573 1795 necesse
589 1736 650 1795 est.
686 1720 775 1816 Quo
796 1719 954 1824 quidem
972 1721 1120 1809 omisso,
1146 1748 1245 1796 rana
1264 1720 1333 1794 ista
1353 1722 1552 1795 ostentatio
1573 1721 1716 1808 oritur,
1741 1746 1831 1821 quae

421 1838 567 1911 sincera
588 1854 625 1911 et
645 1838 791 1940 integra
819 1835 994 1938 expellit,
1018 1836 1141 1910 aliena
1155 1837 1310 1938 prohat,
1335 1836 1511 1912 codicum
1530 1853 1568 1909 et
1587 1834 1830 1936 antiquitatis

425 1953 638 2027 testimonia
664 1980 735 2055 pro
763 1950 889 2025 nihilo
911 1950 1046 2043 habet,
1072 1953 1301 2054 opinionum
1326 1970 1539 2027 commenta
1559 1951 1718 2025 summis
1744 1950 1831 2025 lau-

421 2070 534 2145 dibus
558 2071 684 2160 effert,
708 2084 760 2158 et,
787 2084 832 2142 ut
850 2068 976 2143 dicam
1001 2067 1106 2170 quod
1129 2067 1266 2157 sentio,
1293 2066 1334 2140 in
1369 2094 1412 2141 rc
1432 2067 1536 2141 futili
1557 2067 1726 2141 laborem
1742 2090 1831 2168 per-

424 2188 482 2263 dit
507 2205 622 2289 atque
650 2185 861 2289 profundit
905 2186 1035 2281 Quare
1052 2184 1173 2257 nolim
1194 2184 1242 2257 ab
1266 2210 1398 2258 eorum
1424 2184 1595 2285 partibus
1614 2198 1735 2272 stare,
1758 2180 1829 2283 qui

423 2305 545 2379 critici
562 2303 763 2406 proprium
781 2300 977 2402 quoddam
990 2325 1131 2373 munus
1156 2314 1226 2371 eta
1242 2300 1371 2373 ceteris
1385 2298 1594 2402 disciplinis
1609 2297 1829 2402 sejunctum

422 2435 701 2495 esse-statuunt.
748 2419 845 2490 Nam
874 2415 1020 2489 etiamsi
1050 2414 1290 2504 concesseris,
1321 2414 1490 2516 primum
1512 2416 1554 2489 in
1580 2410 1831 2487 emendandis

422 2536 529 2610 libris
550 2562 703 2639 operam
722 2559 797 2609 esse
817 2531 1037 2636 ponendam
1059 2546 1107 2615 et,
1125 2528 1229 2637 quod
1251 2530 1508 2633 gravissimum
1528 2546 1603 2619 est,
1627 2527 1831 2633 exploran-

505 2803 712 2882 ineorruptum
736 2799 862 2859 auctoris
882 2815 1047 2857 sermonem
1078 2795 1209 2875 proxime
1233 2793 1368 2867 accedat,
1389 2814 1440 2853 sen
1458 2794 1559 2875 potius
1579 2813 1647 2851 eum
1673 2792 1829 2870 exprimat.

504 2898 595 2971 Quod
612 2900 671 2957 nisi
689 2900 871 2977 exploratum
896 2894 1001 2967 suerit,
1031 2891 1067 2952 de
1083 2891 1223 2951 classibus
1244 2902 1272 2951 et
1293 2891 1414 2951 familiis
1433 2890 1529 2961 Codd,
1547 2892 1642 2947 multa
1662 2886 1830 2961 hariolari,

504 2997 555 3056 sed
571 2996 647 3056 nihil
671 2996 743 3054 certi
761 3003 887 3051 statuere
907 2992 987 3048 licet.

367 3235 371 3243 .
423 3163 450 3239 ⁸)
472 3160 697 3245 Philologorum
713 3158 810 3218 ossieia
830 3157 881 3214 alii
899 3156 956 3211 alia
975 3162 1119 3211 statuunt.
1146 3150 1210 3210 Cic.
1231 3149 1267 3208 de
1284 3147 1408 3208 Oratore
1417 3150 1441 3207 1.
1459 3142 1508 3213 da.
1531 3139 1732 3198 Grammatica
1752 3156 1831 3197 con-

502 3261 594 3320 teneri
622 3258 696 3316 dicit
722 3265 875 3336 poetarum
903 3250 1183 3331 pertractationem,
1209 3244 1399 3305 historiarum
1425 3240 1648 3320 cognitionem,
1669 3232 1828 3292 verborum

499 3357 792 3435 interpretationem,
812 3345 1029 3429 pronuntiandi
1052 3343 1199 3425 quendam
1222 3362 1340 3401 sonum.
1360 3339 1469 3396 Seneca
1489 3336 1542 3414 Ep.
1559 3332 1608 3399 85.
1628 3333 1669 3389 ita
1693 3329 1829 3407 judicat:

500 3453 745 3522 ,Grammaticus
766 3448 843 3506 cirea
866 3465 966 3503 curam
985 3444 1128 3500 sermonis
1146 3451 1275 3500 versatur
1297 3448 1326 3495 et
1345 3436 1368 3492 si
1392 3435 1460 3492 satis
1478 3439 1615 3510 evagatur
1635 3428 1712 3485 cirea
1730 3424 1832 3484 histo-

504 3552 579 3621 rias3
610 3558 671 3627 jam
695 3557 729 3605 nt
744 3546 913 3625 longissime
935 3544 1008 3598 fines
1031 3560 1095 3597 snas
1112 3540 1238 3617 proferat
1252 3538 1329 3593 circa
1348 3532 1488 3591 carmina.
1499 3529 1516 3555 ''
1545 3526 1610 3582 Sed'
1621 3523 1679 3582 hoc
1700 3532 1743 3581 cst
1760 3521 1831 3579 bla-

505 3647 623 3703 terantis
637 3638 809 3725 philosophi
828 3637 994 3715 judicium,
1016 3636 1068 3713 qui
1092 3654 1150 3714 prae
1173 3654 1221 3707 ea,
1242 3650 1333 3711 quam
1358 3629 1476 3687 unicam
1499 3625 1648 3701 amplexus
1669 3630 1712 3677 est
1730 3619 1831 3677 seien-

504 3745 595 3816 tiam,
616 3753 722 3801 ceteras
738 3749 812 3795 artes
831 3734 1006 3793 contemnit.

542 3836 700 3897 Diomedes
734 3833 857 3915 (pagina
885 3830 954 3898 421.
987 3826 1065 3884 Edit.
1101 3822 1235 3899 Putsch.)
1273 3832 1302 3880 et
1321 3822 1382 3900 ipsc
1407 3826 1534 3897 quatuor
1551 3809 1737 3895 grammatici
1758 3808 1831 3867 offi-

488 3940 551 3996 ·eia
575 3955 634 3993 esse
654 3932 744 3991 dicit:
767 3968 787 4001 „
798 3928 978 3996 lectionem,
1007 3924 1248 3991 enarrationem,
1270 3916 1504 3977 emendationem
1535 3923 1623 3987 atrpue
1647 3906 1829 3985 judicium'·

505 4033 614 4092 Eadem
636 4032 695 4088 sere
715 4026 933 4097 Quintilianus.
953 4020 1047 4098 (Ins-t.
1070 4018 1187 4077 Orator.
1212 4020 1235 4075 1.
1256 4014 1302 4090 4.)
1323 4054 1338 4083 „
1351 4013 1416 4069 llaee
1435 4008 1576 4089 professio
1599 4002 1829 4084 (grammatica)

503 4131 672 4191 hrerissime
689 4126 722 4183 in
738 4122 811 4180 duas
830 4129 926 4198 partes
944 4113 1103 4186 dividitur,
1118 4123 1194 4171 recte
1206 4108 1348 4189 loquendi
1361 4107 1513 4165 scientiam
1528 4112 1557 4160 ct
1568 4110 1722 4179 poctarum
1740 4114 1833 4155 ener-

503 4230 671 4295 rationem.
695 4266 702 4279 .
725 4264 733 4279 .
757 4263 764 4276 .
787 4217 838 4275 sed
864 4235 931 4273 cum
952 4208 1104 4290 loquendo
1131 4206 1280 4267 scribendi
1301 4206 1376 4263 ratio
1403 4207 1564 4276 conjuncta
1583 4206 1643 4265 est,
1664 4204 1692 4251 et
1708 4210 1832 4250 anama-

502 4327 646 4388 rationem
673 4316 810 4401 praecedit
836 4310 990 4372 emendata
1013 4307 1102 4365 lectio
1133 4316 1162 4363 et
1209 4305 1334 4362 mixtum
1367 4296 1414 4356 his
1434 4294 1574 4355 omnihus
1596 4290 1741 4369 judicium
1762 4288 1840 4344 cst*
