4050 5009
396 413 443 466 22

393 578 453 638 luit
470 608 490 627 ·
509 596 705 661 maxumeque
724 611 744 628 -
763 579 854 641 modo
868 600 958 663 quam
973 583 1106 664 primum
1126 617 1145 634 -
1164 588 1284 648 invisier
1303 618 1325 636 ·
1344 592 1543 670 quoiusquam
1574 618 1594 637 ·
1615 576 1708 650 dirisa
1725 607 1805 670 prse-

393 674 455 734 mis
473 706 494 723 ·
513 696 584 735 suus
604 679 736 758 quoique
754 710 774 725 -
797 684 841 741 13.
858 682 986 759 patriam
1006 703 1174 741 maxumam
1194 716 1213 731 -
1234 684 1326 744 bonas
1341 686 1411 742 artis
1430 714 1449 730 -
1467 705 1521 764 pro
1534 686 1570 744 iis
1584 689 1676 766 ampl.
1695 716 1714 733 -
1734 704 1805 744 ma·

393 780 490 845 sumo
507 772 652 832 -lubido
671 774 837 855 -demptis
858 778 1124 856 optrectationibus
1143 809 1163 826 -
1180 781 1339 839 utilissima
1354 780 1434 838 laetu
1454 810 1473 826 -
1493 790 1632 861 optestor.

493 978 584 1055 Coei
619 983 674 1057 II.
726 982 995 1065 (Bibliothecae
1027 987 1148 1062 Vatie.
1181 991 1263 1085 649
1290 991 1327 1061 B.
1352 988 1546 1063 Urbinatis
1580 997 1664 1083 411.
1710 982 1802 1066 inde

389 1092 496 1169 enim
514 1096 675 1169 Romam
709 1098 913 1173 translatus
939 1110 1019 1189 est)
1051 1106 1317 1207 Pergamenus,
1343 1104 1443 1179 foliis
1472 1102 1699 1207 majoribus,
1725 1104 1803 1179 ele-

388 1209 605 1315 gantissime
622 1212 785 1315 scriptus
806 1231 845 1287 et
866 1215 1025 1317 picturis
1044 1235 1209 1292 ornatus.
1244 1222 1381 1293 Insunt
1402 1219 1499 1294 Sext.
1517 1220 1710 1303 Aurelius,
1733 1223 1804 1293 Ju-

386 1332 501 1401 stinus
524 1330 704 1424 Epitoma,
754 1328 889 1403 Sextus
906 1331 1043 1432 Rufiss,
1070 1333 1221 1409 Salustii
1243 1335 1362 1431 Crispi
1386 1334 1591 1409 Orationes.
1639 1361 1664 1407 α
1684 1334 1803 1407 Ferie-

388 1447 489 1525 rico‚
514 1462 692 1517 veterano
721 1443 920 1529 Urbinote,
944 1453 1100 1544 scriptus
1127 1466 1198 1532 est,
1228 1454 1424 1547 imperante
1443 1450 1648 1532 Feders'co,
1689 1447 1800 1523 Urbi·

386 1564 526 1632 natium
544 1565 777 1659 magnanimo
797 1559 899 1632 duee.
942 1561 1137 1636 Librarius
1167 1563 1362 1660 meliorem
1384 1564 1528 1637 librum
1554 1578 1706 1637 secutus
1736 1578 1800 1637 est

387 1673 598 1776 Aliquoties
632 1674 891 1762 Vaticanum,
915 1675 984 1777 qui
1015 1677 1128 1781 vulgo
1150 1678 1314 1769 dieitur,
1338 1679 1563 1767 confirmat,
1587 1677 1698 1780 cujus
1724 1677 1801 1752 loc-

388 1788 509 1863 tiones
528 1789 737 1863 nonnullas
760 1790 892 1864 Carrio
909 1792 1077 1883 notavit3
1097 1819 1235 1894 quare,
1258 1792 1327 1867 uhi
1347 1810 1507 1896 uterque
1528 1793 1626 1866 liber
1642 1817 1801 1867 eonsen-

388 1904 456 1995 tit,
478 1933 559 1981 non
578 1904 745 1980 laudabo
760 1903 869 1978 bunc
894 1905 1085 1996 codicem,
1117 1935 1167 1982 ne
1189 1906 1286 1983 forte
1312 1906 1479 2012 ejusdem
1503 1907 1593 1981 libri
1618 1906 1800 1982 lectiones

387 2021 555 2097 duorum
578 2022 770 2095 librorum
793 2022 1058 2099 auctoritatem
1078 2022 1150 2095 sibi
1173 2021 1371 2126 adrogent..
1617 2118 1621 2123 Ι

294 2222 299 2233 ,
484 2141 530 2212 In
547 2137 749 2213 nonnullis
771 2153 900 2211 tamen
918 2134 987 2211 hie
1014 2137 1111 2210 liber
1139 2136 1188 2209 ab
1219 2137 1322 2240 ejus,
1347 2164 1463 2240 quem
1489 2138 1619 2211 Carrio
1647 2136 1801 2212 Vatica-

385 2280 483 2329 num
503 2254 621 2342 dicit,
649 2254 876 2327 auctoritate
895 2251 1063 2339 recedit,
1086 2252 1138 2324 ita
1161 2266 1207 2324 ut
1228 2278 1306 2353 quo
1332 2252 1400 2325 ille
1426 2250 1525 2325 libro
1545 2276 1634 2327 usus
1660 2249 1799 2339 fuerit,

385 2369 449 2444 vix
469 2368 520 2445 ad
543 2367 740 2474 liquidum
767 2366 928 2471 perduci
947 2392 1052 2471 posse
1071 2366 1255 2441 videatur.
1791 2348 1794 2363 ’

819 2572 912 2668 (Or.
936 2571 1068 2669 Lepidi
1093 2576 1171 2645 sine
1198 2572 1340 2670 uento.)

468 2714 522 2773 Per
547 2724 656 2775 ceteras
680 2717 776 2797 gentis
804 2744 824 2761 ι·
852 2735 941 2793 quam
969 2711 1142 2771 ulciscendo
1162 2742 1181 2757 -
1206 2711 1421 2770 dominationis
1439 2712 1470 2769 in
1490 2729 1541 2770 vos
1561 2740 1580 2757 ··
1599 2728 1688 2769 sarus
1706 2712 1761 2769 iste
1781 2742 1801 2757 -

385 2810 512 2870 honesta
532 2813 651 2870 extimet
672 2843 691 2859 -
711 2822 814 2870 exutus
830 2812 956 2889 imperio
976 2839 995 2856 ·
1015 2808 1165 2889 cogitandi
1183 2809 1270 2888 inops
1290 2840 1309 2853 -
1329 2817 1460 2885 expectat
1474 2838 1493 2853 -
1511 2805 1631 2867 Vectius
1646 2838 1667 2853 -
1685 2826 1800 2885 appro-

385 2906 462 2969 betis
472 2928 576 2967 omues
595 2941 615 2955 ··
634 2909 703 2968 setis
718 2910 770 2966 illa
788 2898 938 2965 luerunt·
958 2894 1138 2965 eonserentisi
1154 2908 1231 2963 inter
1248 2936 1268 2950 -
1287 2903 1325 2961 ab
1337 2905 1470 2965 extremis
1484 2904 1517 2961 in
1532 2913 1678 2962 nosmet·
1699 2922 1801 2982 quan-

385 3016 452 3066 tum
472 3006 603 3065 audeatis
622 3036 642 3053 -
662 3024 752 3084 quam
767 3002 870 3061 audias
888 3033 908 3049 ·
926 3023 1016 3081 penes
1039 3023 1069 3059 se
1084 3000 1164 3080 quod
1185 3000 1305 3079 publiea
1327 3020 1371 3059 res
1391 3003 1429 3059 sit
1448 3033 1467 3046 -
1493 3020 1549 3081 pax
1575 3009 1605 3060 et
1630 3000 1800 3079 composita

386 3104 598 3185 intelliguntur
615 3132 635 3149 -
655 3102 743 3160 exitia
758 3097 904 3179 probare,
925 3099 1049 3156 annuite
1069 3096 1322 3175 -rempublicam
1343 3098 1460 3155 suimet.

888 3303 1018 3376 Oratio
1046 3301 1089 3376 L.
1120 3302 1291 3400 Philippi.

465 3447 597 3530 Lepidus
615 3455 678 3506 erat
696 3447 773 3504 latro
793 3442 903 3502 -dein
917 3445 993 3501 Mari
1021 3473 1040 3489 -
1065 3463 1103 3501 ne
1117 3442 1274 3521 patiamini
1302 3471 1321 3487 ··
1346 3439 1465 3519 praemia
1478 3448 1620 3497 secuntur
1647 3469 1667 3485 -
1695 3456 1800 3497 rursus

385 3545 508 3609 inuadat
526 3576 546 3591 -
565 3544 681 3601 luxuria
701 3552 789 3620 atque
812 3542 933 3598 lieentia
953 3570 972 3586 -
1000 3538 1132 3597 secordia
1152 3570 1171 3583 -
1198 3558 1255 3616 pax
1274 3546 1302 3595 et
1319 3535 1476 3593 concordia
1495 3565 1515 3580 -
1538 3541 1606 3611 jura
1627 3534 1761 3593 inscindi
1783 3565 1802 3581 -

387 3640 622 3725 quasiputrium
638 3636 824 3696 reddideritis
842 3666 861 3681 -
880 3637 999 3715 paratis.
1012 3632 1144 3705 ⁴Quanto
1163 3663 1182 3678 -
1203 3629 1384 3692 Mehercules
1403 3661 1423 3677 -
1440 3630 1595 3691 adversum
1611 3628 1682 3689 deos
1698 3650 1800 3710 pena-

387 3742 424 3801 tis
446 3772 465 3787 -
484 3738 577 3818 digna
597 3733 716 3793 nomini
737 3763 756 3778 -
769 3730 905 3790 secordia
917 3740 1018 3789 nostra
1033 3731 1159 3787 collecta
1176 3759 1195 3775 -
1214 3728 1260 3786 uti
1270 3726 1345 3805 App.

957 3929 1088 4002 Oratio
1118 3929 1246 4007 Cottoe.

469 4079 613 4139 'l'ollerari
631 4108 650 4124 -
669 4075 787 4155 reppuli
806 4102 826 4120 ··
845 4071 878 4131 in
898 4070 995 4151 queis
1019 4067 1159 4125 omnibus
1180 4098 1199 4114 -
1219 4065 1300 4124 labos
1319 4096 1338 4111 -
1358 4074 1422 4125 acta
1436 4072 1497 4143 jam
1514 4073 1597 4123 atate
1617 4094 1636 4111 ··
1656 4061 1731 4123 deos
1745 4086 1806 4145 pe-

387 4182 466 4242 natis
485 4209 505 4224 -
525 4198 542 4235 a
561 4176 657 4256 patria
674 4171 874 4230 adulescentia
892 4169 926 4224 in
944 4185 996 4224 ore
1011 4172 1105 4223 restro
1124 4166 1252 4242 privatos
1270 4195 1289 4211 ··
1309 4162 1436 4242 deosque
1454 4162 1569 4243 penatis
1588 4192 1608 4208 -
1626 4167 1692 4239 jure
1707 4170 1808 4222 uatu-

387 4297 425 4338 m
443 4306 463 4324 -
480 4294 534 4357 per
546 4272 658 4332 montis
675 4303 692 4316 -
714 4277 867 4347 sumptum
881 4264 1008 4324 sustinet
1025 4292 1044 4307 -
1064 4258 1198 4319 socordia
1219 4260 1276 4339 (m.
1292 4258 1356 4340 pr.)
1376 4276 1429 4339 pes
1445 4279 1496 4320 vos
1516 4258 1650 4339 quirites.
