4050 5009
521 598 601 689 via,
632 624 814 704 pessumae
844 617 958 693 artes,
990 599 1086 691 illis,
1111 598 1179 703 qui
1209 598 1359 675 coluere
1385 625 1463 690 eas,
1489 597 1590 674 nibil
1620 594 1919 692 obliciunt31ei-

520 722 687 828 publicae
705 724 871 801 innoxiae
898 725 999 801 cladi
1026 740 1125 798 sunt.
1163 708 1282 799 ¹Nunc
1300 723 1485 827 quoniam
1507 723 1601 807 illis,
1625 740 1816 825 qnantum
1841 745 1920 794 mo-

522 874 580 927 m
608 848 701 939 mei,
736 876 817 924 non
849 848 1005 924 illorum
1034 846 1178 952 flagitia
1211 848 1439 952 poscebant,
1474 846 1677 952 respondi,
1710 872 1834 951 pauca
1871 843 1919 919 de

524 970 723 1074 republica
748 971 893 1075 loquar.
942 972 1115 1046 Primum
1144 973 1319 1047 omnium
1339 973 1388 1047 de
1409 971 1589 1047 Numidia
1612 972 1760 1045 bonum
1784 967 1924 1043 habete

524 1094 719 1185 animum,
744 1096 921 1193 Quirites.
965 1096 1064 1173 Nam
1091 1121 1177 1197 quae
1201 1094 1250 1170 ad
1273 1093 1348 1170 hoc
1374 1112 1522 1201 tempus
1543 1094 1768 1199 Iugurtham
1799 1106 1923 1166 tutata

522 1234 635 1310 sunt,
660 1219 789 1295 omnia
811 1218 1034 1309 removistis,
1059 1219 1272 1309 avaritiam,
1296 1219 1527 1324 imperitiam
1551 1235 1666 1323 atquc
1695 1216 1924 1321 superbiam.

524 1339 675 1417 Deinde
704 1342 888 1417 exercitus
917 1342 970 1416 ibi
998 1358 1065 1432 est,
1091 1342 1262 1418 locorum
1296 1343 1433 1435 sciens3
1463 1342 1528 1417 sed
1555 1340 1771 1417 mehercule
1806 1338 1925 1443 magis

523 1481 700 1542 strenuus
730 1493 849 1569 quam
878 1464 975 1540 felin
1021 1469 1119 1541 Nam
1140 1493 1278 1571 magna
1299 1492 1387 1571 pars
1411 1465 1490 1541 eius
1508 1466 1666 1540 avaritia
1689 1482 1757 1539 aut
1777 1463 1928 1538 temeri-

525 1607 602 1665 tate
628 1587 768 1664 ducam
799 1588 938 1664 adtrita
965 1605 1027 1664 est
1071 1590 1332 1688 Quamobrem
1356 1616 1440 1680 vos,
1462 1590 1602 1692 quibus
1634 1589 1810 1663 militaris
1839 1604 1929 1661 aetas

525 1729 602 1804 est,
627 1712 846 1789 adnitimini
875 1739 1027 1788 mecum
1051 1730 1088 1787 et
1118 1712 1296 1816 capessite
1316 1712 1618 1815 rempublicam:
1643 1740 1768 1815 neque
1795 1737 1931 1813 quern-

527 1865 646 1943 quam
662 1864 708 1914 ex
727 1836 942 1912 calamitate
967 1835 1132 1912 aliorum
1154 1852 1222 1910 aut
1243 1834 1518 1939 imperatorum
1536 1835 1713 1941 superbia
1730 1851 1852 1910 metus
1874 1860 1931 1909 ce-

527 1962 637 2067 perit
676 1962 834 2067 Egomet
855 1961 897 2036 in
911 1960 1078 2066 agmine,
1102 1958 1144 2033 in
1160 1958 1292 2063 proelio
1313 1959 1508 2035 consultor
1526 1960 1627 2035 idem
1638 1976 1676 2035 et
1695 1960 1817 2034 socius
1829 1959 1932 2062 peri·

526 2086 605 2165 culi
621 2086 815 2163 vobiscum
843 2084 977 2177 adero;
1002 2110 1139 2186 meque
1162 2108 1302 2185 vosque
1328 2084 1369 2157 iu
1398 2083 1576 2161 omnibus
1603 2084 1714 2159 rebus
1737 2084 1844 2157 iuxta
1871 2108 1930 2187 ge·

527 2238 619 2287 ram.
665 2214 716 2287 Et
737 2208 922 2313 profecto,
947 2208 1004 2283 dis
1030 2208 1265 2297 iuvantibus,
1291 2208 1420 2281 omnia
1446 2224 1596 2283 matura
1617 2224 1726 2297 sunt,
1750 2206 1930 2293 victoria,

529 2335 674 2441 praeda,
701 2334 804 2408 laus:
832 2358 918 2435 quae
945 2331 975 2405 si
1000 2331 1119 2406 dubia
1146 2347 1214 2405 aut
1241 2330 1377 2435 procul
1398 2348 1538 2423 essent,
1564 2348 1691 2407 tamen
1718 2334 1843 2406 omnis
1864 2333 1931 2406 bo·

530 2485 599 2536 nos
621 2457 843 2563 reipublicae
861 2455 1061 2529 subvenire
1080 2456 1244 2531 decebat.
1288 2456 1441 2530 Etenim
1465 2456 1614 2562 ignavia
1637 2482 1751 2531 nemo
1776 2455 1932 2530 immor·

532 2583 618 2657 talis
637 2582 758 2655 sactus
783 2594 858 2654 est:
884 2604 1009 2681 neque
1028 2578 1229 2681 quisquam
1248 2604 1385 2682 parens
1406 2578 1547 2669 liberis,
1569 2580 1627 2654 uti
1645 2580 1776 2655 aeterni
1797 2578 1931 2665 forent,

534 2702 698 2809 optavit,
722 2704 856 2808 magis,
880 2702 937 2776 uti
957 2701 1050 2775 boni
1069 2700 1293 2804 honestique
1312 2703 1430 2779 vitam
1450 2704 1647 2809 exigerent.
1696 2702 1812 2778 Plura
1834 2703 1932 2777 dice

533 2856 632 2917 rem,
658 2827 845 2924 Quirites,
868 2824 898 2901 si
927 2825 1069 2901 timidis
1094 2826 1274 2900 virtutem
1293 2827 1406 2900 verba
1428 2826 1635 2921 adderent3
1659 2855 1750 2902 nam
1770 2827 1931 2903 strenuis

535 2952 689 3028 abunde
705 2951 852 3026 dictum
870 2955 998 3054 puto.'’

487 3094 525 3155 86
635 3076 906 3150 Huiuscemodi
938 3074 1108 3149 oratione
1133 3072 1285 3165 habita,
1308 3074 1452 3151 Marius
1477 3093 1679 3181 postquam
1703 3076 1825 3179 plebis
1851 3077 1930 3151 ani-

536 3224 616 3277 mos
638 3215 799 3277 arrectos
820 3198 951 3287 videt„
969 3224 1129 3300 propere
1147 3214 1378 3289 commeatu,
1406 3200 1619 3304 stipendio,
1633 3202 1748 3275 armis
1774 3199 1930 3304 aliisque

535 3327 696 3401 utilibus
714 3324 820 3399 navis
844 3338 976 3397 onerat
995 3354 1003 3394 ι
1029 3346 1119 3395 cum
1136 3318 1196 3395 his
1210 3324 1251 3395 A.
1275 3321 1467 3397 Manlium
1485 3322 1651 3428 legatum
1669 3323 1857 3429 proficisci
1876 3326 1931 3401 iu·

534 3512 658 3605 flagitiis
673 3522 723 3603 qui
733 3522 869 3582 dedecor.
889 3519 957 3601 Τις.
979 3518 1040 3578 duo
1052 3514 1139 3578 Rivii.
1152 3514 1287 3579 hubaldo.
1299 3538 1349 3584 un.
1370 3518 1482 3582 Fabric.
1502 3520 1621 3582 tuda.
1632 3544 1659 3583 c.
1671 3522 1698 3581 t.
1708 3544 1744 3585 n.
1764 3524 1806 3583 ita
1813 3522 1930 3585 Havete.

537 3639 602 3687 tuta
616 3637 683 3689 sunt
701 3628 770 3693 vin.
784 3648 809 3687 ι.
831 3622 943 3684 Fabric.
957 3642 982 3682 ι.
1003 3620 1094 3681 dead.
1114 3620 1180 3680 Ecc.
1201 3618 1299 3681 Gucll'.
1314 3642 1342 3681 a.
1352 3622 1380 3681 3.
1391 3622 1420 3695 d.
1432 3624 1462 3684 6.
1474 3646 1519 3685 ιο.
1530 3624 1653 3687 Canio.
1673 3638 1760 3707 atque
1772 3628 1931 3709 upcrbrbm

537 3734 619 3799 tait.
632 3754 660 3793 a.
672 3731 739 3798 bc·
753 3732 783 3791 d.
795 3754 820 3793 c.
834 3754 862 3815 g.
876 3726 907 3788 h.
917 3730 938 3791 i.
947 3728 978 3791 k.
989 3748 1023 3787 n.
1042 3726 1104 3785 Bas.
1117 3746 1141 3784 ι.
1153 3724 1181 3795 d.
1202 3723 1421 3788 Vinar..Guell'.
1434 3728 1463 3800 Δ.
1489 3730 1574 3791 Bern-
1590 3752 1614 3791 ι.
1629 3738 1657 3796 3.
1685 3732 1727 3792 iti
1737 3743 1788 3795 eat.
1808 3744 1850 3794 est
1874 3753 1930 3793 om.

538 3842 623 3901 Vrat.
633 3841 660 3900 b.
682 3836 779 3897 Scnat.
797 3858 822 3896 1.
844 3842 884 3895 cst
898 3842 978 3894 oetus.
998 3842 1040 3892 cst
1051 3852 1124 3893 om..
1136 3830 1215 3890 vrat.
1230 3850 1258 3889 a.
1277 3831 1454 3892 adnitimini
1466 3854 1588 3897 mecum.
1612 3856 1726 3898 mecum
1750 3859 1812 3897 om.
1832 3838 1892 3897 Bas
1907 3857 1930 3894 1.

540 3953 591 4005 aut
606 3944 639 4003 in
654 3942 758 4025 prelio
777 3942 846 4003 vin.
866 3937 1177 4007 Bu..1..uem.,vrat.
1192 3957 1219 3996 1.
1238 3934 1315 4009 lice„
1334 3936 1432 3999 Guell.
1448 3940 1478 4000 6.
1489 3964 1517 4022 7.
1529 3963 1559 4023 9.
1576 3962 1620 4006 ιο.
1647 3944 1729 4005 leid.
1747 3943 1778 4002 d.
1795 3966 1821 4004 e.
1836 3946 1855 4003 l.
1870 3944 1897 4002 l.
1909 3944 1929 4000 l.

541 4072 574 4111 ιι.
592 4049 677 4110 nem.
692 4071 717 4115 ι.
738 4056 790 4107 aut
809 4065 870 4105 οιιι.
890 4047 986 4106 ceteri.
1007 4062 1107 4121 uroque
1122 4062 1229 4121 vosque
1247 4043 1289 4103 ita
1308 4040 1427 4122 Carrio,
1433 4043 1574 4108 ‚Wassius
1595 4057 1624 4107 et
1636 4052 1773 4130 vulgate,
1792 4048 1887 4110 Goell.
1902 4050 1928 4109 3.

540 4154 609 4217 vin.
621 4175 646 4213 ι.
667 4152 759 4214 etalii
770 4161 830 4211 tres
838 4150 970 4209 meliores
982 4146 1086 4219 Cottii.
1107 4165 1153 4207 me
1165 4165 1271 4227 vosque
1289 4146 1405 4207 Gruter.
1418 4158 1448 4208 ct
1468 4150 1573 4213 maior.
1585 4149 1683 4211 Codd.
1692 4172 1767 4233 ,pars
1784 4152 1853 4237 Τις.
1871 4150 1927 4213 aas.

541 4258 572 4333 A.
592 4259 661 4319 Tur.
671 4256 815 4327 ,omatibus
829 4253 911 4315 tout
921 4252 981 4312 duo
995 4252 1091 4325 mvii,
1103 4249 1200 4311 Guelf.
1209 4272 1238 4319 ι.
1258 4252 1373 4311 deceret
1391 4250 1491 4318 Nazar.
1512 4272 1553 4318 m.
1564 4274 1620 4319 sec.
1640 4256 1760 4315 decebat
1779 4268 1835 4319 tres
1847 4256 1928 4315 Palas.

542 4382 619 4436 uuus
629 4362 743 4433 wacii.
764 4359 826 4421 Bu.
838 4380 864 4421 ι.
878 4358 978 4425 Vicat.
989 4378 1016 4419 1.
1035 4354 1231 4438 Iait.d.g.1.
1252 4354 1338 4421 Parit.
1351 4353 1381 4417 b.
1392 4355 1463 4423 ad.
1473 4358 1559 4422 ,decet
1571 4361 1667 4421 ceteri.
1679 4361 1782 4436 sacua
1793 4370 1834 4422 est
1851 4356 1925 4423 Lcid.
