4050 5009
412 433 481 486 roo
542 420 547 429 '

407 612 583 694 cumpost
604 604 853 692 rempublicam
872 624 892 671 a
909 604 1006 671 Sulla
1028 608 1199 691 receptam
1220 600 1363 669 rediisse
1385 602 1482 670 dicit.
1502 601 1659 674 Penatis
1680 608 1748 695 (ita
1776 630 1818 680 ex

406 719 497 781 van.
516 716 782 795 emendandum)
798 750 840 765 -
859 709 1090 788 vilia.}1abeo;
1108 710 1182 789 jam
1197 728 1260 794 per
1280 708 1417 795 singula
1440 710 1623 798 exprimit,
1643 736 1719 796 quae
1736 736 1820 801 par-r
1840 748 1856 797 .·

405 819 526 898 ricidii
548 819 694 882 crimine
719 819 948 890 continentur.
971 814 1059 901 quin
1089 811 1214 881 omnia
1244 823 1306 883 eto.
1333 815 1385 877 ita
1415 815 1525 881 Vatic.
1552 840 1580 882 r.
1608 840 1685 901 quae
1710 822 1816 887 lectio

404 924 627 988 hauddubie
646 922 863 1007 recipienda3
884 923 1041 1007 quamvis
1061 921 1253 985 enimcum
1276 940 1316 985 eo
1337 918 1555 1007 defenderis,
1575 929 1670 1005 quod
1692 926 1816 1011 saepius

405 1027 633 1093 indicativum
663 1030 769 1116 regit,
797 1030 861 1094 uhi
887 1029 940 1094 vis
966 1027 1144 1114 particulae
1162 1026 1235 1091 fere
1258 1027 1376 1089 eadem
1402 1046 1480 1107 quae
1500 1028 1539 1090 in
1564 1030 1729 1110 quoniam
1755 1038 1815 1109 est,
1838 1077 1844 1089 .

408 1133 468 1199 cir.
486 1133 676 1198 Groteieud
697 1138 828 1199 Gomm.
844 1156 885 1197 zu
904 1136 987 1197 Mat.
1005 1141 1067 1198 etc.
1089 1156 1121 1217 p.
1137 1154 1206 1215 575.
1236 1137 1270 1195 51
1287 1133 1381 1212 quod
1399 1150 1440 1195 ex
1459 1152 1523 1197 usu
1539 1134 1672 1219 linguae
1692 1134 1815 1220 priscae

406 1240 447 1304 in
467 1240 667 1305 universum
684 1263 766 1305 cum
785 1241 908 1324 saepius
928 1230 1119 1304 indicativo
1139 1238 1315 1323 jungitur,
1345 1234 1439 1307 (vide
1457 1237 1640 1302 innumera
1662 1240 1739 1303 loca
1760 1257 1812 1323 ap.
1835 1273 1846 1297 .

407 1344 536 1428 Plaut.)
558 1342 647 1428 quin
666 1354 781 1410 tamen
802 1344 954 1409 orationi
977 1344 1088 1408 multo
1115 1343 1282 1422 majorem
1306 1342 1380 1407 vim
1405 1342 1511 1405 addit.
1533 1347 1679 1408 eandem
1693 1344 1843 1408 lectio·-

405 1468 557 1515 nemer
586 1451 657 1515 suis
683 1450 784 1514 libris
817 1450 1038 1535 ciacconius,
1066 1450 1229 1535 Ursinus,
1259 1449 1377 1513 Carrio
1407 1449 1600 1537 laudarunt.
1638 1445 1814 1511 callidam

293 1540 303 1550 ⁸
395 1548 623 1645 facundiam
650 1556 835 1621 immerito*
853 1557 893 1622 V.
910 1555 952 1618 D.
979 1551 1152 1619 caninam
1179 1554 1251 1641 legi
1274 1554 1467 1637 jusserunt,
1491 1555 1584 1635 quod
1612 1554 1680 1615 hoc
1710 1552 1748 1616 in
1770 1551 1813 1615 fr.

314 1679 320 1688 ·
403 1659 577 1725 laudatur.
604 1681 741 1726 sensum
768 1662 838 1727 loci
863 1663 954 1727 bene
982 1661 1145 1745 expressit
1165 1664 1243 1725 Tac.
1267 1660 1380 1746 Agric.
1411 1680 1467 1722 122
1498 1657 1721 1721 calliditatem
1743 1656 1813 1720 lori

407 1784 481 1827 nou
500 1768 661 1831 exercuit.
693 1762 786 1848 Quis
807 1765 921 1832 victus
944 1788 1025 1829 cum
1048 1764 1115 1830 illa
1133 1761 1253 1830 simul.
1276 1765 1414 1829 videtur
1433 1766 1529 1827 Cotta
1553 1783 1689 1827 causam
1709 1762 1812 1827 nobi·

404 1866 494 1930 lium
523 1879 643 1933 contra
665 1871 844 1933 Saturnini
871 1879 905 1934 et
922 1870 1071 1956 Sulpicii
1101 1869 1269 1934 insaniam
1300 1867 1508 1954 defendisse,
1535 1869 1661 1952 quibus
1687 1868 1812 1952 saepius

406 1972 606 2055 opponitur.
626 1972 686 2037 cir.
703 1974 773 2037 Cic.
791 1977 882 2040 Brut.
901 1977 951 2058 57.
967 1980 1017 2057 59.
1032 1979 1081 2040 63.
1094 1973 1191 2067 jara
1212 1982 1359 2041 naturoe
1371 1972 1516 2065 -jure
1534 1978 1608 2041 Vnt.
1629 2000 1657 2037 2.
1676 1974 1744 2037 Sed
1764 1971 1812 2035 il·

404 2076 469 2139 lud
482 2078 617 2141 melius.
637 2078 698 2144 cir.
709 2080 777 2145 Liv.
795 2084 845 2158 54.
865 2085 921 2164 575
943 2082 1053 2169 ipsius
1067 2082 1125 2163 Jus
1143 2090 1247 2167 atque
1263 2080 1445 2147 arbitrium
1464 2099 1551 2161 esse3
1568 2082 1615 2142 lta
1630 2079 1686 2159 jus
1704 2077 1811 2153 belli,

402 2182 520 2268 regni,
540 2184 704 2269 consulis,
724 2188 877 2270 populi'
865 2208 938 2266 Jus,
954 2189 1157 2275 saepissime3
1181 2190 1277 2255 dono
1295 2191 1408 2255 datur·
1425 2180 1739 2271 arqueaccipieur.
1750 2181 1810 2255 cfr,
1831 2226 1842 2247 .

404 2287 481 2373 Jug.
504 2290 555 2355 85.
583 2309 618 2372 p.
638 2288 708 2372 175.
737 2290 801 2353 ubi
823 2294 944 2357 eadem
970 2294 1143 2381 leguntur.
1174 2290 1449 2402 impeditissima
1476 2312 1551 2377 rep.
1585 2291 1646 2355 cfr.
1674 2290 1744 2354 Cic.
1773 2289 1810 2351 iu
1845 2342 1847 2345 .

402 2394 518 2461 Pison.
535 2413 570 2457 lt
591 2394 755 2479 impedita
764 2395 966 2481 respublica
976 2408 1138 2484 tempora
1156 2403 1272 2463 Graece
1290 2406 1340 2461 est
1359 2368 1487 2476 impar.
1534 2398 1705 2478 Namque
1734 2395 1811 2461 Im-

400 2506 594 2582 peratores
609 2536 651 2553 -
667 2509 829 2583 poscunt
844 2523 885 2567 ex
906 2502 963 2565 his
981 2502 1096 2565 verbis
1116 2501 1346 2587 intelligitur,
1379 2501 1484 2586 paulo
1515 2508 1594 2564 ante
1628 2499 1811 2583 epistolam
1864 2582 1868 2590 ⁸

405 2622 428 2663 a
448 2604 613 2686 PompeJo
638 2607 683 2668 ad
715 2614 871 2671 senatum
893 2605 1031 2671 missam
1060 2604 1164 2669 hanc
1180 2607 1373 2671 orationem
1397 2605 1551 2669 habitam
1572 2603 1687 2667 fuisse.
1722 2610 1813 2669 Nam

400 2708 549 2771 Lucullo
570 2719 603 2774 et
633 2713 680 2773 M.
707 2715 806 2779 Cotta
831 2715 920 2776 Coss.
948 2710 1105 2797 Pompcji
1120 2786 1125 2801 ι
1139 2710 1299 2795 precibus
1323 2710 1532 2776 satisfactum
1556 2717 1615 2774 est.
1649 2704 1815 2773 Sertorii

397 2833 468 2896 per
490 2812 736 2908 montmfuga
763 2820 813 2884 ita
831 2820 921 2885 Vott.
945 2839 972 2880 1.
989 2834 1020 2879 5.
1051 2817 1250 2883 contemtim
1277 2819 1352 2884 haec
1375 2816 1467 2882 dicta
1494 2820 1538 2882 dc
1552 2812 1639 2907 belli
1663 2812 1814 2900 gerendi

400 2919 545 3005 ratione,
557 2944 624 3004 qua
632 2922 803 2990 Sertorius
812 2928 988 2990 Romanos
998 2926 1102 2989 duces
1112 2924 1290 3012 fatigabat3
1301 2926 1396 2990 idem
1406 2922 1627 2989 latrocinium
1635 2920 1811 2985 dicebant.
1836 2944 1847 2983 5

402 3046 515 3089 manu
524 3037 667 3095 certare
676 3032 768 3094 idem
778 3034 872 3113 quod
882 3034 962 3118 Jug.
974 3034 1012 3114 57
1023 3014 1201 3118 :proelium
1211 3030 1418 3099 inmanibus
1432 3030 1619 3099 tacerecir.
1630 3028 1702 3093 Liv.
1712 3044 1743 3090 5.
1754 3032 1810 3091 ³0:

402 3130 448 3191 ad
465 3150 606 3195 manum
628 3130 748 3201 venire
770 3145 804 3200 et
821 3155 850 3199 a.
870 3140 926 3215 46:
955 3158 1072 3224 pugna
1089 3138 1223 3217 jamin
1243 3160 1364 3206 manus
1371 3184 1381 3217 ,
1395 3139 1469 3218 jam
1490 3141 1533 3200 ad
1550 3136 1684 3220 gladios
1704 3152 1811 3198 venc-

402 3243 465 3302 rat.
487 3233 597 3305 utilia
610 3263 751 3326 parare
772 3243 796 3306 i.
812 3262 845 3307 e.
860 3262 915 3305 res
936 3246 980 3303 ad
1001 3243 1137 3308 bellum
1154 3244 1377 3327 necessarias,
1397 3248 1625 3305 commeatum
1644 3246 1706 3301 cto.
1725 3240 1810 3304 vide

399 3342 477 3431 iug.
493 3346 542 3407 86.
562 3343 657 3411 Asia
676 3347 807 3410 scilicet
823 3346 1185 3434 prouocationem,
1201 3368 1277 3431 quae
1301 3350 1368 3411 hoo
1391 3344 1533 3409 nomine
1553 3342 1808 3427 appellabatur3

400 3450 446 3514 de
466 3448 539 3528 ejus
560 3450 690 3516 finibus
707 3448 771 3513 cfr.
786 3450 931 3536 Appian.
953 3454 997 3517 de
1019 3456 1053 3517 b.
1080 3456 1198 3522 Mithr.
1223 3475 1250 3521 c.
1271 3455 1322 3517 68.
1343 3446 1524 3515 exercitus
1537 3482 1579 3499 -
1596 3449 1754 3511 aluntur·
1773 3455 1808 3513 et

398 3550 554 3637 legiones
575 3554 766 3622 valeriana
785 3576 848 3642 per
868 3564 980 3621 totum
1005 3562 1073 3623 hoc
1092 3568 1226 3644 tempus
1249 3566 1356 3623 castra
1375 3554 1498 3618 stativa
1511 3553 1551 3617 in
1571 3553 1651 3617 Asia
1672 3555 1806 3620 habuc·
1836 3582 1845 3595 ·

400 3667 488 3749 rant
506 3670 540 3724 et
560 3661 637 3728 aliae
653 3664 760 3749 copiae
778 3684 799 3729 a
819 3664 916 3729 Sulla
932 3664 985 3729 ibi
1002 3665 1131 3729 relictae
1151 3664 1298 3727 fuerant.
1318 3662 1380 3725 cfr.
1393 3660 1574 3725 Plut.Luo.
1595 3681 1626 3743 7.
1642 3661 1804 3724 Sullani.
1833 3696 1837 3709 ·

400 3758 623 3829 Macedonia
642 3770 742 3833 vide
744 3790 847 3853 supra
866 3790 943 3855 pag.
966 3791 1016 3851 19·
1047 3765 1247 3833 marituma
1268 3765 1392 3831 intesta
1415 3773 1513 3830 erant
1536 3767 1725 3851 piratarum
1748 3764 1804 3828 in·

399 3859 620 3929 cursionibus
638 3870 699 3932 cir.
716 3870 793 3933 loca
812 3893 890 3958 pag.
911 3891 962 3950 41.
982 3875 1128 3967 laudata.
1160 3894 1270 3955 quum
1297 3866 1458 3935 interim.
1483 3872 1589 3957 vulgo
1617 3870 1687 3934 hae
1694 3868 1804 3953 parti·

400 3968 486 4034 oulae
504 3965 553 4033 ita
570 3982 797 4061 usurpantur,
816 3988 856 4041 ut
871 3980 1015 4044 dirersis
1034 3958 1199 4043 orationis
1212 3976 1376 4039 membris
1392 3974 1603 4061 praepositae,
1622 3973 1802 4057 pluresres

398 4095 472 4140 uno
489 4076 681 4159 eodemque
701 4088 853 4167 tempore
877 4094 986 4171 gestas
1012 4104 1100 4169 esse,
1120 4082 1311 4147 evidentius
1330 4086 1484 4149 doceant
1504 4080 1572 4143 Sed
1593 4079 1645 4143 vis
1658 4078 1801 4143 causalis

399 4202 475 4264 quae
498 4181 537 4245 in
555 4184 724 4268 particula
747 4208 830 4251 cum
852 4198 919 4266 est,
947 4209 1019 4252 non
1038 4190 1146 4275 perit,
1175 4196 1208 4251 et
1230 4188 1380 4253 multis
1369 4211 1410 4255 ru
1430 4188 1514 4250 locis
1537 4184 1717 4251 manifesta
1734 4190 1797 4261 csta

396 4289 552 4374 exempla
566 4290 646 4359 uide
666 4310 720 4379 ap.
733 4294 853 4359 Horat.
872 4295 1002 4364 Tursel.
1022 4277 1059 4381 p.
1080 4312 1145 4379 559·
1155 4312 1205 4379 sq.
1228 4294 1354 4362 Contra
1368 4291 1431 4361 ubi
1448 4297 1721 4378 componuntur,
1740 4286 1798 4369 (ut
