<?xml version="1.0" encoding="UTF-8"?>
<!DOCTYPE html PUBLIC "-//W3C//DTD XHTML 1.0 Transitional//EN"
    "http://www.w3.org/TR/xhtml1/DTD/xhtml1-transitional.dtd">
<html xmlns="http://www.w3.org/1999/xhtml" xml:lang="en" lang="en">
 <head>
  <title>
</title>
<meta http-equiv="Content-Type" content="text/html;charset=utf-8" />
  <meta name='ocr-system' content='tesseract 3.04.00' />
  <meta name='ocr-capabilities' content='ocr_page ocr_carea ocr_par ocr_line ocrx_word'/>
</head>
<body>
  <div class='ocr_page' id='page_1' title='image "./salustiiquaeexs00sallgoog_0137.png"; bbox 0 0 4050 5009; ppageno 0'>
   <div class='ocr_carea' id='block_1_1' title="bbox 1580 364 1676 473">
    <p class='ocr_par' dir='ltr' id='par_1_1' title="bbox 1580 364 1676 473">
     <span class='ocr_line' id='line_1_1' title="bbox 1580 364 1676 473; baseline 0.021 -26"><span class='ocrx_word' id='word_1_1' title='bbox 1580 364 1676 473; x_wconf 26' lang='lat'>²²9⁴</span> 
     </span>
    </p>
   </div>
   <div class='ocr_carea' id='block_1_2' title="bbox 104 560 1773 2029">
    <p class='ocr_par' dir='ltr' id='par_1_2' title="bbox 104 560 1773 2029">
     <span class='ocr_line' id='line_1_2' title="bbox 247 560 1649 659; baseline -0.002 -19"><span class='ocrx_word' id='word_1_2' title='bbox 247 574 347 659; x_wconf 82' lang='lat' dir='ltr'>s&#39;spra</span> <span class='ocrx_word' id='word_1_3' title='bbox 366 578 444 657; x_wconf 71' lang='lat' dir='ltr'>pag.</span> <span class='ocrx_word' id='word_1_4' title='bbox 465 588 516 653; x_wconf 69' lang='grc' dir='ltr'>ις.</span> <span class='ocrx_word' id='word_1_5' title='bbox 544 582 646 653; x_wconf 84' lang='lat' dir='ltr'>-7o.·</span> <span class='ocrx_word' id='word_1_6' title='bbox 662 564 717 635; x_wconf 77' lang='lat' dir='ltr'>Et</span> <span class='ocrx_word' id='word_1_7' title='bbox 742 560 783 632; x_wconf 78' lang='lat' dir='ltr'>iss</span> <span class='ocrx_word' id='word_1_8' title='bbox 799 560 944 653; x_wconf 74' lang='lat' dir='ltr'>protis&#39;s</span> <span class='ocrx_word' id='word_1_9' title='bbox 968 568 1058 633; x_wconf 83' lang='lat' dir='ltr'>artu</span> <span class='ocrx_word' id='word_1_10' title='bbox 1081 568 1277 653; x_wconf 79' lang='lat' dir='ltr'>promptus</span> <span class='ocrx_word' id='word_1_11' title='bbox 1300 564 1324 631; x_wconf 92' lang='lat' dir='ltr'>i.</span> <span class='ocrx_word' id='word_1_12' title='bbox 1352 582 1381 633; x_wconf 88' lang='lat' dir='ltr'>e.</span> <span class='ocrx_word' id='word_1_13' title='bbox 1404 583 1510 633; x_wconf 84' lang='lat' dir='ltr'>mann</span> <span class='ocrx_word' id='word_1_14' title='bbox 1533 564 1649 657; x_wconf 80' lang='lat' dir='ltr'>tortis,</span> 
     </span>
     <span class='ocr_line' id='line_1_3' title="bbox 244 668 1648 764; baseline -0.004 -20"><span class='ocrx_word' id='word_1_15' title='bbox 244 698 351 744; x_wconf 75' lang='lat' dir='ltr'>manu</span> <span class='ocrx_word' id='word_1_16' title='bbox 369 682 558 762; x_wconf 89' lang='lat' dir='ltr'>promptus.</span> <span class='ocrx_word' id='word_1_17' title='bbox 588 674 651 739; x_wconf 86' lang='lat' dir='ltr'>cir.</span> <span class='ocrx_word' id='word_1_18' title='bbox 669 693 773 759; x_wconf 81' lang='lat' dir='ltr'>supro</span> <span class='ocrx_word' id='word_1_19' title='bbox 791 676 837 737; x_wconf 82' lang='lat' dir='ltr'>sd</span> <span class='ocrx_word' id='word_1_20' title='bbox 858 674 952 742; x_wconf 88' lang='lat' dir='ltr'>Orat.</span> <span class='ocrx_word' id='word_1_21' title='bbox 974 676 1080 741; x_wconf 77' lang='lat' dir='ltr'>oottae</span> <span class='ocrx_word' id='word_1_22' title='bbox 1107 672 1167 735; x_wconf 88' lang='lat' dir='ltr'>fin.</span> <span class='ocrx_word' id='word_1_23' title='bbox 1193 668 1328 756; x_wconf 75' lang='lat' dir='ltr'>prolia</span> <span class='ocrx_word' id='word_1_24' title='bbox 1349 696 1459 764; x_wconf 80' lang='lat' dir='ltr'>agere</span> <span class='ocrx_word' id='word_1_25' title='bbox 1475 674 1579 741; x_wconf 87' lang='lat' dir='ltr'>etism</span> <span class='ocrx_word' id='word_1_26' title='bbox 1592 695 1648 763; x_wconf 84' lang='lat' dir='ltr'>sp.</span> 
     </span>
     <span class='ocr_line' id='line_1_4' title="bbox 244 778 1649 864; baseline 0 -17"><span class='ocrx_word' id='word_1_27' title='bbox 244 784 390 848; x_wconf 78' lang='lat' dir='ltr'>Livium.</span> <span class='ocrx_word' id='word_1_28' title='bbox 413 800 464 847; x_wconf 82' lang='lat' dir='ltr'>as.</span> <span class='ocrx_word' id='word_1_29' title='bbox 486 802 517 864; x_wconf 82' lang='lat'>9.</span> <span class='ocrx_word' id='word_1_30' title='bbox 544 788 629 847; x_wconf 81' lang='lat' dir='ltr'>astu</span> <span class='ocrx_word' id='word_1_31' title='bbox 650 782 746 863; x_wconf 90' lang='lat' dir='ltr'>qnod</span> <span class='ocrx_word' id='word_1_32' title='bbox 763 778 884 843; x_wconf 78' lang='lat' dir='ltr'>Carrio</span> <span class='ocrx_word' id='word_1_33' title='bbox 901 780 1114 863; x_wconf 77' lang='lat' dir='ltr'><strong>emendavit,</strong></span> <span class='ocrx_word' id='word_1_34' title='bbox 1135 778 1225 843; x_wconf 87' lang='lat' dir='ltr'>mihi</span> <span class='ocrx_word' id='word_1_35' title='bbox 1241 778 1380 860; x_wconf 83' lang='lat' dir='ltr'>quidem</span> <span class='ocrx_word' id='word_1_36' title='bbox 1400 780 1511 845; x_wconf 91' lang='lat' dir='ltr'>multo</span> <span class='ocrx_word' id='word_1_37' title='bbox 1532 780 1649 847; x_wconf 85' lang='lat' dir='ltr'>minus</span> 
     </span>
     <span class='ocr_line' id='line_1_5' title="bbox 244 882 1647 973; baseline 0 -22"><span class='ocrx_word' id='word_1_38' title='bbox 244 895 358 972; x_wconf 84' lang='lat' dir='ltr'>aptum</span> <span class='ocrx_word' id='word_1_39' title='bbox 379 908 451 955; x_wconf 86' lang='lat' dir='ltr'>esse</span> <span class='ocrx_word' id='word_1_40' title='bbox 465 888 614 953; x_wconf 78' lang='lat' dir='ltr'>videtur.</span> <span class='ocrx_word' id='word_1_41' title='bbox 634 886 802 973; x_wconf 75' lang='lat' dir='ltr'>Quamvis</span> <span class='ocrx_word' id='word_1_42' title='bbox 823 885 919 950; x_wconf 92' lang='lat' dir='ltr'>enim</span> <span class='ocrx_word' id='word_1_43' title='bbox 935 893 1133 969; x_wconf 83' lang='lat' dir='ltr'>promptus</span> <span class='ocrx_word' id='word_1_44' title='bbox 1151 882 1307 950; x_wconf 83' lang='lat' dir='ltr'>consilio</span> <span class='ocrx_word' id='word_1_45' title='bbox 1329 886 1417 951; x_wconf 88' lang='lat' dir='ltr'>bene</span> <span class='ocrx_word' id='word_1_46' title='bbox 1438 885 1570 950; x_wconf 92' lang='lat' dir='ltr'>dictum</span> <span class='ocrx_word' id='word_1_47' title='bbox 1587 886 1647 973; x_wconf 89' lang='lat' dir='ltr'>sit,</span> 
     </span>
     <span class='ocr_line' id='line_1_6' title="bbox 241 987 1649 1077; baseline 0.001 -22"><span class='ocrx_word' id='word_1_48' title='bbox 241 991 309 1071; x_wconf 86' lang='lat' dir='ltr'>its,</span> <span class='ocrx_word' id='word_1_49' title='bbox 328 1001 368 1058; x_wconf 90' lang='lat' dir='ltr'>ut</span> <span class='ocrx_word' id='word_1_50' title='bbox 387 994 493 1064; x_wconf 85' lang='lat' dir='ltr'>etiam</span> <span class='ocrx_word' id='word_1_51' title='bbox 507 1002 584 1057; x_wconf 83' lang='lat' dir='ltr'>astu</span> <span class='ocrx_word' id='word_1_52' title='bbox 598 999 785 1077; x_wconf 91' lang='lat' dir='ltr'>promptus</span> <span class='ocrx_word' id='word_1_53' title='bbox 802 987 875 1051; x_wconf 87' lang='lat' dir='ltr'>dici</span> <span class='ocrx_word' id='word_1_54' title='bbox 894 990 1064 1072; x_wconf 88' lang='lat' dir='ltr'>potuerit,</span> <span class='ocrx_word' id='word_1_55' title='bbox 1094 998 1197 1055; x_wconf 82' lang='lat' dir='ltr'>astus</span> <span class='ocrx_word' id='word_1_56' title='bbox 1228 999 1343 1053; x_wconf 91' lang='lat' dir='ltr'>tamen</span> <span class='ocrx_word' id='word_1_57' title='bbox 1368 990 1481 1055; x_wconf 90' lang='lat' dir='ltr'>minus</span> <span class='ocrx_word' id='word_1_58' title='bbox 1502 993 1542 1055; x_wconf 89' lang='lat' dir='ltr'>in</span> <span class='ocrx_word' id='word_1_59' title='bbox 1557 1012 1649 1077; x_wconf 82' lang='lat' dir='ltr'>prm·</span> 
     </span>
     <span class='ocr_line' id='line_1_7' title="bbox 240 1092 1649 1181; baseline 0.001 -22"><span class='ocrx_word' id='word_1_60' title='bbox 240 1096 302 1161; x_wconf 89' lang='lat' dir='ltr'>liis</span> <span class='ocrx_word' id='word_1_61' title='bbox 321 1117 429 1181; x_wconf 86' lang='lat' dir='ltr'>quam</span> <span class='ocrx_word' id='word_1_62' title='bbox 452 1099 493 1162; x_wconf 93' lang='lat' dir='ltr'>in</span> <span class='ocrx_word' id='word_1_63' title='bbox 510 1098 586 1163; x_wconf 84' lang='lat' dir='ltr'>acie</span> <span class='ocrx_word' id='word_1_64' title='bbox 603 1096 807 1159; x_wconf 83' lang='lat' dir='ltr'>instmenda</span> <span class='ocrx_word' id='word_1_65' title='bbox 822 1092 1039 1177; x_wconf 67' lang='lat' dir='ltr'><strong>perspicitur.</strong></span> <span class='ocrx_word' id='word_1_66' title='bbox 1066 1128 1082 1143; x_wconf 95' lang='lat'><strong>·</strong></span> <span class='ocrx_word' id='word_1_67' title='bbox 1092 1115 1140 1175; x_wconf 85' lang='lat'>7¹·</span> <span class='ocrx_word' id='word_1_68' title='bbox 1150 1130 1167 1143; x_wconf 91' lang='lat'>-</span> <span class='ocrx_word' id='word_1_69' title='bbox 1186 1092 1370 1163; x_wconf 72' lang='lat' dir='ltr'>Paetinae</span> <span class='ocrx_word' id='word_1_70' title='bbox 1394 1094 1527 1163; x_wconf 84' lang='lat' dir='ltr'>amisso</span> <span class='ocrx_word' id='word_1_71' title='bbox 1548 1096 1649 1162; x_wconf 82' lang='lat' dir='ltr'>Pud-</span> 
     </span>
     <span class='ocr_line' id='line_1_8' title="bbox 243 1197 1649 1290; baseline 0.002 -26"><span class='ocrx_word' id='word_1_72' title='bbox 243 1198 296 1267; x_wconf 86' lang='lat' dir='ltr'>Iio</span> <span class='ocrx_word' id='word_1_73' title='bbox 317 1204 442 1290; x_wconf 75' lang='lat' dir='ltr'>legato</span> <span class='ocrx_word' id='word_1_74' title='bbox 467 1204 520 1265; x_wconf 88' lang='lat' dir='ltr'>ita</span> <span class='ocrx_word' id='word_1_75' title='bbox 537 1202 809 1282; x_wconf 85' lang='lat' dir='ltr'>emendandum,</span> <span class='ocrx_word' id='word_1_76' title='bbox 830 1201 926 1279; x_wconf 91' lang='lat' dir='ltr'>quod</span> <span class='ocrx_word' id='word_1_77' title='bbox 938 1197 1013 1277; x_wconf 89' lang='lat' dir='ltr'>jam</span> <span class='ocrx_word' id='word_1_78' title='bbox 1031 1203 1124 1285; x_wconf 85' lang='lat' dir='ltr'>apud</span> <span class='ocrx_word' id='word_1_79' title='bbox 1144 1202 1432 1287; x_wconf 77' lang='lat' dir='ltr'>Havercampium</span> <span class='ocrx_word' id='word_1_80' title='bbox 1453 1222 1649 1289; x_wconf 78' lang='lat' dir='ltr'>expressum</span> 
     </span>
     <span class='ocr_line' id='line_1_9' title="bbox 243 1303 1648 1395; baseline 0.004 -25"><span class='ocrx_word' id='word_1_81' title='bbox 243 1313 304 1370; x_wconf 83' lang='lat' dir='ltr'>ost.</span> <span class='ocrx_word' id='word_1_82' title='bbox 325 1307 574 1392; x_wconf 83' lang='lat' dir='ltr'>intelligendus</span> <span class='ocrx_word' id='word_1_83' title='bbox 593 1314 643 1371; x_wconf 87' lang='lat' dir='ltr'>est</span> <span class='ocrx_word' id='word_1_84' title='bbox 659 1304 805 1368; x_wconf 75' lang='lat' dir='ltr'>Publius</span> <span class='ocrx_word' id='word_1_85' title='bbox 829 1303 988 1387; x_wconf 77' lang='lat' dir='ltr'>Clodius,</span> <span class='ocrx_word' id='word_1_86' title='bbox 1013 1324 1119 1387; x_wconf 89' lang='lat' dir='ltr'>quem</span> <span class='ocrx_word' id='word_1_87' title='bbox 1149 1308 1287 1371; x_wconf 87' lang='lat' dir='ltr'>Luculli</span> <span class='ocrx_word' id='word_1_88' title='bbox 1314 1310 1467 1395; x_wconf 83' lang='lat' dir='ltr'>legatum</span> <span class='ocrx_word' id='word_1_89' title='bbox 1491 1310 1529 1373; x_wconf 89' lang='lat' dir='ltr'>in</span> <span class='ocrx_word' id='word_1_90' title='bbox 1552 1308 1648 1381; x_wconf 77' lang='lat' dir='ltr'>hetto</span> 
     </span>
     <span class='ocr_line' id='line_1_10' title="bbox 216 1409 1649 1500; baseline 0.003 -27"><span class='ocrx_word' id='word_1_91' title='bbox 216 1411 480 1475; x_wconf 74' lang='lat' dir='ltr'>Mithridatico</span> <span class='ocrx_word' id='word_1_92' title='bbox 510 1409 612 1475; x_wconf 86' lang='lat' dir='ltr'>fuisse</span> <span class='ocrx_word' id='word_1_93' title='bbox 636 1410 711 1489; x_wconf 86' lang='lat' dir='ltr'>jam</span> <span class='ocrx_word' id='word_1_94' title='bbox 738 1428 842 1495; x_wconf 85' lang='lat' dir='ltr'>supra</span> <span class='ocrx_word' id='word_1_95' title='bbox 870 1410 1072 1491; x_wconf 80' lang='lat' dir='ltr'>docuimus3</span> <span class='ocrx_word' id='word_1_96' title='bbox 1098 1410 1249 1500; x_wconf 84' lang='lat' dir='ltr'>omisso,</span> <span class='ocrx_word' id='word_1_97' title='bbox 1282 1416 1420 1482; x_wconf 90' lang='lat' dir='ltr'>Donato</span> <span class='ocrx_word' id='word_1_98' title='bbox 1453 1422 1554 1499; x_wconf 87' lang='lat' dir='ltr'>teste,</span> <span class='ocrx_word' id='word_1_99' title='bbox 1582 1432 1649 1499; x_wconf 92' lang='lat' dir='ltr'>pro</span> 
     </span>
     <span class='ocr_line' id='line_1_11' title="bbox 240 1511 1773 1600; baseline 0 -17"><span class='ocrx_word' id='word_1_100' title='bbox 240 1511 389 1583; x_wconf 75' lang='lat' dir='ltr'>dimisso</span> <span class='ocrx_word' id='word_1_101' title='bbox 415 1517 565 1595; x_wconf 79' lang='lat' dir='ltr'>dictum3</span> <span class='ocrx_word' id='word_1_102' title='bbox 598 1511 784 1580; x_wconf 81' lang='lat' dir='ltr'>dimissum</span> <span class='ocrx_word' id='word_1_103' title='bbox 809 1534 891 1579; x_wconf 89' lang='lat' dir='ltr'>enm</span> <span class='ocrx_word' id='word_1_104' title='bbox 918 1516 1113 1600; x_wconf 87' lang='lat' dir='ltr'>putaverim</span> <span class='ocrx_word' id='word_1_105' title='bbox 1136 1520 1182 1582; x_wconf 88' lang='lat' dir='ltr'>ob</span> <span class='ocrx_word' id='word_1_106' title='bbox 1210 1518 1399 1586; x_wconf 74' lang='lat' dir='ltr'>seditiones</span> <span class='ocrx_word' id='word_1_107' title='bbox 1426 1520 1465 1585; x_wconf 93' lang='lat' dir='ltr'>in</span> <span class='ocrx_word' id='word_1_108' title='bbox 1499 1519 1650 1586; x_wconf 78' lang='lat' dir='ltr'>exercitu</span> <span class='ocrx_word' id='word_1_109' title='bbox 1768 1586 1773 1595; x_wconf 78' lang='grc'>,</span> 
     </span>
     <span class='ocr_line' id='line_1_12' title="bbox 119 1619 1651 1707; baseline -0.001 -18"><span class='ocrx_word' id='word_1_110' title='bbox 119 1678 124 1689; x_wconf 93' lang='grc'><strong>.</strong></span> <span class='ocrx_word' id='word_1_111' title='bbox 239 1630 369 1697; x_wconf 82' lang='lat' dir='ltr'>motas3</span> <span class='ocrx_word' id='word_1_112' title='bbox 400 1642 469 1705; x_wconf 77' lang='lat' dir='ltr'>qus</span> <span class='ocrx_word' id='word_1_113' title='bbox 487 1622 648 1707; x_wconf 78' lang='lat' dir='ltr'>pactione</span> <span class='ocrx_word' id='word_1_114' title='bbox 667 1623 848 1689; x_wconf 80' lang='lat' dir='ltr'>incertum.</span> <span class='ocrx_word' id='word_1_115' title='bbox 872 1640 971 1703; x_wconf 78' lang='lat' dir='ltr'>-7a.·</span> <span class='ocrx_word' id='word_1_116' title='bbox 998 1624 1126 1707; x_wconf 83' lang='lat' dir='ltr'>Ipsum</span> <span class='ocrx_word' id='word_1_117' title='bbox 1157 1646 1260 1689; x_wconf 79' lang='lat' dir='ltr'>mare</span> <span class='ocrx_word' id='word_1_118' title='bbox 1279 1621 1479 1691; x_wconf 77' lang='lat' dir='ltr'>Ponticum</span> <span class='ocrx_word' id='word_1_119' title='bbox 1505 1619 1651 1689; x_wconf 77' lang='lat' dir='ltr'>dulcius</span> 
     </span>
     <span class='ocr_line' id='line_1_13' title="bbox 241 1728 1647 1813; baseline 0.003 -24"><span class='ocrx_word' id='word_1_120' title='bbox 241 1748 354 1809; x_wconf 85' lang='lat' dir='ltr'>quam</span> <span class='ocrx_word' id='word_1_121' title='bbox 378 1737 522 1793; x_wconf 80' lang='lat' dir='ltr'>coetero.</span> <span class='ocrx_word' id='word_1_122' title='bbox 550 1728 758 1799; x_wconf 85' lang='lat' dir='ltr'>cir.1sidor.</span> <span class='ocrx_word' id='word_1_123' title='bbox 784 1732 833 1793; x_wconf 87' lang='grc' dir='ltr'>ι3.</span> <span class='ocrx_word' id='word_1_124' title='bbox 863 1731 910 1791; x_wconf 81' lang='lat' dir='ltr'>sti.</span> <span class='ocrx_word' id='word_1_125' title='bbox 939 1731 1036 1811; x_wconf 89' lang='lat' dir='ltr'>quod</span> <span class='ocrx_word' id='word_1_126' title='bbox 1061 1737 1162 1813; x_wconf 86' lang='lat' dir='ltr'>caput</span> <span class='ocrx_word' id='word_1_127' title='bbox 1185 1728 1257 1795; x_wconf 88' lang='lat' dir='ltr'>lere</span> <span class='ocrx_word' id='word_1_128' title='bbox 1292 1740 1402 1796; x_wconf 91' lang='lat' dir='ltr'>totum</span> <span class='ocrx_word' id='word_1_129' title='bbox 1423 1753 1465 1797; x_wconf 83' lang='lat' dir='ltr'>ex</span> <span class='ocrx_word' id='word_1_130' title='bbox 1499 1728 1647 1794; x_wconf 77' lang='lat' dir='ltr'>salustio</span> 
     </span>
     <span class='ocr_line' id='line_1_14' title="bbox 104 1828 1702 1918; baseline 0.001 -23"><span class='ocrx_word' id='word_1_131' title='bbox 104 1834 111 1839; x_wconf 82' lang='lat'>&#39;</span> <span class='ocrx_word' id='word_1_132' title='bbox 234 1828 390 1917; x_wconf 84' lang='lat' dir='ltr'>&#39;petitum</span> <span class='ocrx_word' id='word_1_133' title='bbox 409 1853 481 1899; x_wconf 88' lang='lat' dir='ltr'>esse</span> <span class='ocrx_word' id='word_1_134' title='bbox 507 1834 654 1899; x_wconf 77' lang='lat' dir='ltr'>Ursinus</span> <span class='ocrx_word' id='word_1_135' title='bbox 676 1834 803 1901; x_wconf 88' lang='lat' dir='ltr'>statuit.</span> <span class='ocrx_word' id='word_1_136' title='bbox 831 1838 927 1918; x_wconf 90' lang='lat' dir='ltr'>quod</span> <span class='ocrx_word' id='word_1_137' title='bbox 951 1836 1150 1901; x_wconf 82' lang='lat' dir='ltr'>absurdum.</span> <span class='ocrx_word' id='word_1_138' title='bbox 1180 1840 1269 1903; x_wconf 89' lang='lat' dir='ltr'>adde</span> <span class='ocrx_word' id='word_1_139' title='bbox 1299 1837 1520 1901; x_wconf 63' lang='lat' dir='ltr'>:immissum</span> <span class='ocrx_word' id='word_1_140' title='bbox 1542 1835 1645 1899; x_wconf 85' lang='lat' dir='ltr'>XXII.</span> <span class='ocrx_word' id='word_1_141' title='bbox 1699 1832 1702 1837; x_wconf 78' lang='grc'><strong>’</strong></span> 
     </span>
     <span class='ocr_line' id='line_1_15' title="bbox 239 1938 1646 2029; baseline 0.004 -31"><span class='ocrx_word' id='word_1_142' title='bbox 239 1938 361 2018; x_wconf 82' lang='lat'>8-103</span> <span class='ocrx_word' id='word_1_143' title='bbox 381 1939 473 2014; x_wconf 82' lang='lat' dir='ltr'>Mela</span> <span class='ocrx_word' id='word_1_144' title='bbox 493 1961 517 2002; x_wconf 84' lang='lat'>1.</span> <span class='ocrx_word' id='word_1_145' title='bbox 541 1940 704 2021; x_wconf 77' lang='lat' dir='ltr'>193Pli11·</span> <span class='ocrx_word' id='word_1_146' title='bbox 727 1962 758 2022; x_wconf 77' lang='lat'>9.</span> <span class='ocrx_word' id='word_1_147' title='bbox 782 1943 830 2005; x_wconf 85' lang='grc' dir='ltr'>ι3.</span> <span class='ocrx_word' id='word_1_148' title='bbox 866 1943 1091 2026; x_wconf 75' lang='lat' dir='ltr'>anmmatici</span> <span class='ocrx_word' id='word_1_149' title='bbox 1107 1942 1146 2007; x_wconf 87' lang='lat' dir='ltr'>in</span> <span class='ocrx_word' id='word_1_150' title='bbox 1170 1944 1404 2029; x_wconf 84' lang='lat' dir='ltr'>comparativo</span> <span class='ocrx_word' id='word_1_151' title='bbox 1427 1942 1646 2017; x_wconf 65' lang='lat' dir='ltr'>haesitatum,</span> 
     </span>
    </p>
   </div>
   <div class='ocr_carea' id='block_1_3' title="bbox 237 2044 1651 2334">
    <p class='ocr_par' dir='ltr' id='par_1_3' title="bbox 237 2044 1651 2334">
     <span class='ocr_line' id='line_1_16' title="bbox 238 2044 1649 2131; baseline 0.001 -27"><span class='ocrx_word' id='word_1_152' title='bbox 238 2044 336 2123; x_wconf 89' lang='lat' dir='ltr'>quod</span> <span class='ocrx_word' id='word_1_153' title='bbox 360 2044 428 2105; x_wconf 88' lang='lat' dir='ltr'>Sal.</span> <span class='ocrx_word' id='word_1_154' title='bbox 452 2064 548 2109; x_wconf 85' lang='lat' dir='ltr'>mare</span> <span class='ocrx_word' id='word_1_155' title='bbox 572 2044 709 2109; x_wconf 90' lang='lat' dir='ltr'>dulcius</span> <span class='ocrx_word' id='word_1_156' title='bbox 734 2046 880 2129; x_wconf 79' lang='lat' dir='ltr'><strong>dixerit,</strong></span> <span class='ocrx_word' id='word_1_157' title='bbox 899 2068 977 2111; x_wconf 84' lang='lat' dir='ltr'>cunt</span> <span class='ocrx_word' id='word_1_158' title='bbox 997 2058 1160 2115; x_wconf 86' lang='lat' dir='ltr'>neutrum</span> <span class='ocrx_word' id='word_1_159' title='bbox 1179 2050 1279 2111; x_wconf 86' lang='lat' dir='ltr'>dulce</span> <span class='ocrx_word' id='word_1_160' title='bbox 1302 2048 1357 2111; x_wconf 87' lang='lat' dir='ltr'>sit.</span> <span class='ocrx_word' id='word_1_161' title='bbox 1385 2048 1488 2131; x_wconf 80' lang='lat' dir='ltr'>Quod</span> <span class='ocrx_word' id='word_1_162' title='bbox 1518 2044 1649 2108; x_wconf 86' lang='lat' dir='ltr'>scilicet</span> 
     </span>
     <span class='ocr_line' id='line_1_17' title="bbox 237 2145 1651 2235; baseline -0.001 -28"><span class='ocrx_word' id='word_1_163' title='bbox 237 2145 477 2229; x_wconf 82' lang='lat' dir='ltr'>negligentius</span> <span class='ocrx_word' id='word_1_164' title='bbox 497 2146 631 2209; x_wconf 86' lang='lat' dir='ltr'>dictum</span> <span class='ocrx_word' id='word_1_165' title='bbox 649 2167 722 2211; x_wconf 88' lang='lat' dir='ltr'>esse</span> <span class='ocrx_word' id='word_1_166' title='bbox 741 2157 951 2225; x_wconf 74' lang='lat' dir='ltr'>statuerunt,</span> <span class='ocrx_word' id='word_1_167' title='bbox 979 2174 1058 2214; x_wconf 89' lang='lat' dir='ltr'>cnm</span> <span class='ocrx_word' id='word_1_168' title='bbox 1087 2152 1228 2235; x_wconf 84' lang='lat' dir='ltr'>proprie</span> <span class='ocrx_word' id='word_1_169' title='bbox 1249 2151 1364 2213; x_wconf 87' lang='lat' dir='ltr'>minus</span> <span class='ocrx_word' id='word_1_170' title='bbox 1387 2168 1542 2213; x_wconf 84' lang='lat' dir='ltr'>amarum</span> <span class='ocrx_word' id='word_1_171' title='bbox 1563 2152 1651 2210; x_wconf 88' lang='lat' dir='ltr'>esset</span> 
     </span>
     <span class='ocr_line' id='line_1_18' title="bbox 240 2236 1650 2334; baseline 0.007 -21"><span class='ocrx_word' id='word_1_172' title='bbox 240 2249 440 2315; x_wconf 86' lang='lat' dir='ltr'>dicendum.</span> <span class='ocrx_word' id='word_1_173' title='bbox 461 2247 524 2312; x_wconf 83' lang='lat' dir='ltr'>cir.</span> <span class='ocrx_word' id='word_1_174' title='bbox 544 2248 710 2315; x_wconf 83' lang='lat' dir='ltr'>Arrianus</span> <span class='ocrx_word' id='word_1_175' title='bbox 726 2250 886 2334; x_wconf 89' lang='lat' dir='ltr'>Periplus</span> <span class='ocrx_word' id='word_1_176' title='bbox 905 2253 979 2315; x_wconf 86' lang='lat' dir='ltr'>Fol.</span> <span class='ocrx_word' id='word_1_177' title='bbox 997 2258 1029 2316; x_wconf 95' lang='grc'>3.</span> <span class='ocrx_word' id='word_1_178' title='bbox 1048 2252 1126 2315; x_wconf 89' lang='lat' dir='ltr'>init.</span> <span class='ocrx_word' id='word_1_179' title='bbox 1142 2255 1204 2315; x_wconf 79' lang='lat' dir='ltr'>lid.</span> <span class='ocrx_word' id='word_1_180' title='bbox 1220 2252 1315 2315; x_wconf 76' lang='lat' dir='ltr'>Stuk.</span> <span class='ocrx_word' id='word_1_181' title='bbox 1344 2249 1418 2331; x_wconf 68' lang='grc' dir='ltr'>πᾶς</span> <span class='ocrx_word' id='word_1_182' title='bbox 1447 2236 1562 2331; x_wconf 75' lang='grc' dir='ltr'>ιη’ντος</span> <span class='ocrx_word' id='word_1_183' title='bbox 1589 2274 1650 2321; x_wconf 73' lang='lat' dir='ltr'>trs·</span> 
     </span>
    </p>
   </div>
   <div class='ocr_carea' id='block_1_4' title="bbox 237 2334 1650 2453">
    <p class='ocr_par' dir='ltr' id='par_1_4' title="bbox 237 2334 1650 2453">
     <span class='ocr_line' id='line_1_19' title="bbox 237 2334 1650 2453; baseline 0.008 -28"><span class='ocrx_word' id='word_1_184' title='bbox 237 2336 330 2425; x_wconf 71' lang='grc' dir='ltr'>λῦτι</span> <span class='ocrx_word' id='word_1_185' title='bbox 349 2337 553 2449; x_wconf 64' lang='grc' dir='ltr'>γλυκυτέρου</span> <span class='ocrx_word' id='word_1_186' title='bbox 570 2351 629 2425; x_wconf 78' lang='grc' dir='ltr'>τοῦ</span> <span class='ocrx_word' id='word_1_187' title='bbox 645 2334 764 2437; x_wconf 62' lang='lat' dir='ltr'>idaeis</span> <span class='ocrx_word' id='word_1_188' title='bbox 782 2354 871 2435; x_wconf 67' lang='lat' dir='ltr'>isat,</span> <span class='ocrx_word' id='word_1_189' title='bbox 891 2336 1007 2453; x_wconf 65' lang='lat' dir='ltr'>isui</span> <span class='ocrx_word' id='word_1_190' title='bbox 1027 2336 1091 2445; x_wconf 68' lang='lat' dir='ltr'>iio</span> <span class='ocrx_word' id='word_1_191' title='bbox 1111 2342 1306 2431; x_wconf 66' lang='lat' dir='ltr'>idme«.</span> <span class='ocrx_word' id='word_1_192' title='bbox 1349 2374 1514 2437; x_wconf 65' lang='lat' dir='ltr'>Caeterum</span> <span class='ocrx_word' id='word_1_193' title='bbox 1549 2370 1650 2437; x_wconf 81' lang='lat' dir='ltr'>Avie-</span> 
     </span>
    </p>
   </div>
   <div class='ocr_carea' id='block_1_5' title="bbox 190 2466 1788 4363">
    <p class='ocr_par' dir='ltr' id='par_1_5' title="bbox 190 2466 1788 4363">
     <span class='ocr_line' id='line_1_20' title="bbox 231 2466 1651 2563; baseline 0.001 -24"><span class='ocrx_word' id='word_1_194' title='bbox 231 2466 327 2539; x_wconf 77' lang='lat' dir='ltr'>&#39;num</span> <span class='ocrx_word' id='word_1_195' title='bbox 347 2476 483 2540; x_wconf 84' lang='lat' dir='ltr'>Festum</span> <span class='ocrx_word' id='word_1_196' title='bbox 500 2476 539 2539; x_wconf 94' lang='lat' dir='ltr'>in</span> <span class='ocrx_word' id='word_1_197' title='bbox 558 2477 789 2561; x_wconf 70' lang='lat' dir='ltr'><strong>descriptione</strong></span> <span class='ocrx_word' id='word_1_198' title='bbox 807 2478 912 2543; x_wconf 86' lang='lat' dir='ltr'>Ponti</span> <span class='ocrx_word' id='word_1_199' title='bbox 931 2477 1117 2542; x_wconf 77' lang='lat' dir='ltr'>Salustium</span> <span class='ocrx_word' id='word_1_200' title='bbox 1137 2498 1208 2543; x_wconf 88' lang='lat' dir='ltr'>esse</span> <span class='ocrx_word' id='word_1_201' title='bbox 1222 2488 1392 2557; x_wconf 87' lang='lat' dir='ltr'>secutum,</span> <span class='ocrx_word' id='word_1_202' title='bbox 1413 2478 1487 2563; x_wconf 93' lang='lat' dir='ltr'>ipse</span> <span class='ocrx_word' id='word_1_203' title='bbox 1508 2476 1651 2563; x_wconf 82' lang='lat' dir='ltr'>profite-</span> 
     </span>
     <span class='ocr_line' id='line_1_21' title="bbox 239 2579 1651 2669; baseline 0.001 -24"><span class='ocrx_word' id='word_1_204' title='bbox 239 2591 298 2645; x_wconf 90' lang='lat' dir='ltr'>tur</span> <span class='ocrx_word' id='word_1_205' title='bbox 308 2579 482 2667; x_wconf 76' lang='lat' dir='ltr'>ofnsupra</span> <span class='ocrx_word' id='word_1_206' title='bbox 496 2585 629 2647; x_wconf 86' lang='lat' dir='ltr'>Comm.</span> <span class='ocrx_word' id='word_1_207' title='bbox 640 2585 677 2646; x_wconf 85' lang='lat' dir='ltr'>P.</span> <span class='ocrx_word' id='word_1_208' title='bbox 685 2585 712 2647; x_wconf 94' lang='lat'>1.</span> <span class='ocrx_word' id='word_1_209' title='bbox 719 2607 753 2669; x_wconf 92' lang='lat' dir='ltr'>p.</span> <span class='ocrx_word' id='word_1_210' title='bbox 766 2603 816 2648; x_wconf 84' lang='lat' dir='ltr'>as.</span> <span class='ocrx_word' id='word_1_211' title='bbox 841 2586 910 2651; x_wconf 83' lang='lat' dir='ltr'>Sed</span> <span class='ocrx_word' id='word_1_212' title='bbox 927 2584 965 2647; x_wconf 92' lang='lat' dir='ltr'>in</span> <span class='ocrx_word' id='word_1_213' title='bbox 975 2583 1115 2649; x_wconf 81' lang='lat' dir='ltr'>Arriani</span> <span class='ocrx_word' id='word_1_214' title='bbox 1128 2585 1220 2648; x_wconf 89' lang='lat' dir='ltr'>libro</span> <span class='ocrx_word' id='word_1_215' title='bbox 1236 2582 1450 2649; x_wconf 88' lang='lat' dir='ltr'>hauddubie</span> <span class='ocrx_word' id='word_1_216' title='bbox 1466 2584 1574 2647; x_wconf 87' lang='lat' dir='ltr'>multa</span> <span class='ocrx_word' id='word_1_217' title='bbox 1591 2583 1651 2647; x_wconf 91' lang='lat' dir='ltr'>in-</span> 
     </span>
     <span class='ocr_line' id='line_1_22' title="bbox 238 2686 1649 2775; baseline 0 -24"><span class='ocrx_word' id='word_1_218' title='bbox 238 2696 334 2771; x_wconf 85' lang='lat' dir='ltr'>sunt,</span> <span class='ocrx_word' id='word_1_219' title='bbox 365 2708 441 2770; x_wconf 80' lang='lat' dir='ltr'>quae</span> <span class='ocrx_word' id='word_1_220' title='bbox 468 2688 575 2753; x_wconf 86' lang='lat' dir='ltr'>etiam</span> <span class='ocrx_word' id='word_1_221' title='bbox 602 2708 657 2773; x_wconf 90' lang='lat' dir='ltr'>sp.</span> <span class='ocrx_word' id='word_1_222' title='bbox 682 2691 871 2755; x_wconf 71' lang='lat' dir='ltr'>Salustium</span> <span class='ocrx_word' id='word_1_223' title='bbox 895 2690 1119 2775; x_wconf 79' lang='lat' dir='ltr'>legebantur3</span> <span class='ocrx_word' id='word_1_224' title='bbox 1148 2690 1344 2754; x_wconf 88' lang='lat' dir='ltr'>testim0nio</span> <span class='ocrx_word' id='word_1_225' title='bbox 1374 2697 1454 2753; x_wconf 87' lang='lat' dir='ltr'>sunt</span> <span class='ocrx_word' id='word_1_226' title='bbox 1481 2686 1649 2755; x_wconf 78' lang='lat' dir='ltr'>cumulis</span> 
     </span>
     <span class='ocr_line' id='line_1_23' title="bbox 239 2793 1648 2875; baseline 0.002 -22"><span class='ocrx_word' id='word_1_227' title='bbox 239 2793 365 2874; x_wconf 84' lang='lat' dir='ltr'>multa,</span> <span class='ocrx_word' id='word_1_228' title='bbox 385 2801 460 2855; x_wconf 87' lang='lat' dir='ltr'>tum</span> <span class='ocrx_word' id='word_1_229' title='bbox 469 2794 601 2858; x_wconf 90' lang='lat' dir='ltr'>mentio</span> <span class='ocrx_word' id='word_1_230' title='bbox 617 2795 740 2859; x_wconf 75' lang='lat' dir='ltr'>insulse</span> <span class='ocrx_word' id='word_1_231' title='bbox 756 2795 1055 2874; x_wconf 76' lang='lat' dir='ltr'>AchillisinJecta3</span> <span class='ocrx_word' id='word_1_232' title='bbox 1078 2800 1123 2857; x_wconf 83' lang='lat' dir='ltr'>de</span> <span class='ocrx_word' id='word_1_233' title='bbox 1134 2814 1203 2875; x_wconf 84' lang='lat' dir='ltr'>qua</span> <span class='ocrx_word' id='word_1_234' title='bbox 1214 2796 1323 2862; x_wconf 76' lang='lat' dir='ltr'>multa</span> <span class='ocrx_word' id='word_1_235' title='bbox 1338 2797 1431 2875; x_wconf 85' lang='lat' dir='ltr'>apud</span> <span class='ocrx_word' id='word_1_236' title='bbox 1445 2794 1648 2873; x_wconf 69' lang='lat' dir='ltr'>Accianum</span> 
     </span>
     <span class='ocr_line' id='line_1_24' title="bbox 241 2894 1652 2976; baseline 0.002 -20"><span class='ocrx_word' id='word_1_237' title='bbox 241 2895 353 2956; x_wconf 84' lang='lat' dir='ltr'>mults</span> <span class='ocrx_word' id='word_1_238' title='bbox 371 2916 509 2976; x_wconf 86' lang='lat' dir='ltr'>quoque</span> <span class='ocrx_word' id='word_1_239' title='bbox 524 2896 728 2959; x_wconf 76' lang='lat' dir='ltr'>Ammianus</span> <span class='ocrx_word' id='word_1_240' title='bbox 748 2896 974 2967; x_wconf 79' lang='lat' dir='ltr'>Marcellinus</span> <span class='ocrx_word' id='word_1_241' title='bbox 994 2918 1036 2960; x_wconf 80' lang='lat' dir='ltr'>ex</span> <span class='ocrx_word' id='word_1_242' title='bbox 1056 2896 1207 2957; x_wconf 80' lang='lat' dir='ltr'>salustio</span> <span class='ocrx_word' id='word_1_243' title='bbox 1236 2894 1391 2958; x_wconf 78' lang='lat' dir='ltr'>hausisse</span> <span class='ocrx_word' id='word_1_244' title='bbox 1422 2894 1568 2959; x_wconf 80' lang='lat' dir='ltr'>videtur.</span> <span class='ocrx_word' id='word_1_245' title='bbox 1588 2894 1652 2959; x_wconf 85' lang='lat' dir='ltr'>cir.</span> 
     </span>
     <span class='ocr_line' id='line_1_25' title="bbox 242 2994 1649 3079; baseline 0.003 -18"><span class='ocrx_word' id='word_1_246' title='bbox 242 2997 321 3061; x_wconf 86' lang='lat' dir='ltr'>Lib.</span> <span class='ocrx_word' id='word_1_247' title='bbox 337 2999 441 3061; x_wconf 83' lang='lat' dir='ltr'>xxn.</span> <span class='ocrx_word' id='word_1_248' title='bbox 461 3001 492 3060; x_wconf 82' lang='grc'>8.</span> <span class='ocrx_word' id='word_1_249' title='bbox 514 3001 685 3061; x_wconf 68' lang='lat' dir='ltr'>ceterum</span> <span class='ocrx_word' id='word_1_250' title='bbox 706 3000 802 3077; x_wconf 91' lang='lat' dir='ltr'>quod</span> <span class='ocrx_word' id='word_1_251' title='bbox 820 2996 1073 3061; x_wconf 86' lang='lat' dir='ltr'>Wernsdorlius</span> <span class='ocrx_word' id='word_1_252' title='bbox 1096 2994 1242 3073; x_wconf 86' lang='lat' dir='ltr'>conjecit</span> <span class='ocrx_word' id='word_1_253' title='bbox 1263 2996 1497 3079; x_wconf 87' lang='lat' dir='ltr'>(Po&#39;e&#39;t.Latin.·</span> <span class='ocrx_word' id='word_1_254' title='bbox 1518 2999 1649 3065; x_wconf 87' lang='lat' dir='ltr'>Minor.</span> 
     </span>
     <span class='ocr_line' id='line_1_26' title="bbox 242 3082 1650 3191; baseline 0.001 -24"><span class='ocrx_word' id='word_1_255' title='bbox 242 3105 388 3171; x_wconf 64' lang='lat' dir='ltr'>Tomis.</span> <span class='ocrx_word' id='word_1_256' title='bbox 400 3105 439 3166; x_wconf 87' lang='lat' dir='ltr'>P.</span> <span class='ocrx_word' id='word_1_257' title='bbox 451 3104 494 3165; x_wconf 91' lang='lat'>11.</span> <span class='ocrx_word' id='word_1_258' title='bbox 504 3124 538 3187; x_wconf 87' lang='lat' dir='ltr'>p.</span> <span class='ocrx_word' id='word_1_259' title='bbox 553 3098 641 3184; x_wconf 77' lang='lat' dir='ltr'>so.)</span> <span class='ocrx_word' id='word_1_260' title='bbox 650 3101 836 3165; x_wconf 77' lang='lat' dir='ltr'>salustium</span> <span class='ocrx_word' id='word_1_261' title='bbox 843 3099 1055 3184; x_wconf 81' lang='lat' dir='ltr'>peculiarem</span> <span class='ocrx_word' id='word_1_262' title='bbox 1069 3082 1200 3163; x_wconf 71' lang='lat' dir='ltr'>liirum</span> <span class='ocrx_word' id='word_1_263' title='bbox 1212 3104 1254 3165; x_wconf 89' lang='lat' dir='ltr'>de</span> <span class='ocrx_word' id='word_1_264' title='bbox 1264 3102 1339 3165; x_wconf 84' lang='lat' dir='ltr'>Situ</span> <span class='ocrx_word' id='word_1_265' title='bbox 1349 3104 1452 3167; x_wconf 88' lang='lat' dir='ltr'>Ponti</span> <span class='ocrx_word' id='word_1_266' title='bbox 1465 3104 1650 3191; x_wconf 84' lang='lat' dir='ltr'>scripsisse,</span> 
     </span>
     <span class='ocr_line' id='line_1_27' title="bbox 240 3204 1650 3289; baseline 0.001 -16"><span class='ocrx_word' id='word_1_267' title='bbox 240 3210 310 3273; x_wconf 82' lang='lat' dir='ltr'>hoc</span> <span class='ocrx_word' id='word_1_268' title='bbox 326 3208 454 3276; x_wconf 71' lang='lat' dir='ltr'>falsum</span> <span class='ocrx_word' id='word_1_269' title='bbox 470 3216 532 3273; x_wconf 83' lang='lat' dir='ltr'>est.</span> <span class='ocrx_word' id='word_1_270' title='bbox 565 3210 653 3271; x_wconf 84' lang='lat' dir='ltr'>Nam</span> <span class='ocrx_word' id='word_1_271' title='bbox 668 3205 811 3271; x_wconf 89' lang='lat' dir='ltr'>laudant</span> <span class='ocrx_word' id='word_1_272' title='bbox 832 3205 975 3288; x_wconf 88' lang='lat' dir='ltr'>quidem</span> <span class='ocrx_word' id='word_1_273' title='bbox 996 3204 1184 3289; x_wconf 76' lang='lat' dir='ltr'>aliquoties</span> <span class='ocrx_word' id='word_1_274' title='bbox 1205 3206 1329 3271; x_wconf 85' lang='lat' dir='ltr'>vetusti</span> <span class='ocrx_word' id='word_1_275' title='bbox 1350 3208 1573 3274; x_wconf 86' lang='lat' dir='ltr'>Grammatici</span> <span class='ocrx_word' id='word_1_276' title='bbox 1589 3212 1650 3273; x_wconf 84' lang='lat' dir='ltr'>Ss-</span> 
     </span>
     <span class='ocr_line' id='line_1_28' title="bbox 240 3309 1649 3397; baseline 0 -18"><span class='ocrx_word' id='word_1_277' title='bbox 240 3314 383 3380; x_wconf 88' lang='lat' dir='ltr'>lnstium</span> <span class='ocrx_word' id='word_1_278' title='bbox 403 3316 447 3379; x_wconf 79' lang='lat' dir='ltr'>de</span> <span class='ocrx_word' id='word_1_279' title='bbox 468 3313 545 3378; x_wconf 86' lang='lat' dir='ltr'>situ</span> <span class='ocrx_word' id='word_1_280' title='bbox 566 3309 700 3397; x_wconf 84' lang='lat' dir='ltr'>Ponti,</span> <span class='ocrx_word' id='word_1_281' title='bbox 726 3313 781 3377; x_wconf 87' lang='lat' dir='ltr'>vel</span> <span class='ocrx_word' id='word_1_282' title='bbox 804 3311 848 3375; x_wconf 88' lang='lat' dir='ltr'>de</span> <span class='ocrx_word' id='word_1_283' title='bbox 866 3312 993 3377; x_wconf 82' lang='lat' dir='ltr'>Ponto</span> <span class='ocrx_word' id='word_1_284' title='bbox 1015 3310 1076 3379; x_wconf 82' lang='lat' dir='ltr'>cir.</span> <span class='ocrx_word' id='word_1_285' title='bbox 1095 3313 1190 3377; x_wconf 83' lang='lat' dir='ltr'>Serv.</span> <span class='ocrx_word' id='word_1_286' title='bbox 1213 3317 1257 3378; x_wconf 86' lang='lat' dir='ltr'>ad</span> <span class='ocrx_word' id='word_1_287' title='bbox 1276 3316 1359 3377; x_wconf 77' lang='lat' dir='ltr'>Aen.</span> <span class='ocrx_word' id='word_1_288' title='bbox 1383 3318 1414 3376; x_wconf 92' lang='grc'>3.</span> <span class='ocrx_word' id='word_1_289' title='bbox 1443 3316 1514 3377; x_wconf 81' lang='grc'><strong>533.</strong></span> <span class='ocrx_word' id='word_1_290' title='bbox 1535 3314 1649 3379; x_wconf 86' lang='lat' dir='ltr'>Schol.</span> 
     </span>
     <span class='ocr_line' id='line_1_29' title="bbox 238 3417 1650 3501; baseline -0.001 -16"><span class='ocrx_word' id='word_1_291' title='bbox 238 3424 287 3485; x_wconf 75' lang='lat' dir='ltr'>ad</span> <span class='ocrx_word' id='word_1_292' title='bbox 296 3423 415 3485; x_wconf 82' lang='lat' dir='ltr'>Horat.</span> <span class='ocrx_word' id='word_1_293' title='bbox 431 3421 496 3483; x_wconf 91' lang='lat' dir='ltr'>Od.</span> <span class='ocrx_word' id='word_1_294' title='bbox 519 3441 547 3483; x_wconf 87' lang='lat'>1.</span> <span class='ocrx_word' id='word_1_295' title='bbox 565 3440 616 3500; x_wconf 85' lang='lat'>17·</span> <span class='ocrx_word' id='word_1_296' title='bbox 636 3420 684 3483; x_wconf 79' lang='lat' dir='ltr'>rii.</span> <span class='ocrx_word' id='word_1_297' title='bbox 710 3420 799 3481; x_wconf 89' lang='lat' dir='ltr'>Non.</span> <span class='ocrx_word' id='word_1_298' title='bbox 817 3418 923 3481; x_wconf 88' lang='lat' dir='ltr'>Marc.</span> <span class='ocrx_word' id='word_1_299' title='bbox 938 3418 1014 3481; x_wconf 85' lang='grc' dir='ltr'>ΧΠ.</span> <span class='ocrx_word' id='word_1_300' title='bbox 1030 3433 1079 3495; x_wconf 76' lang='lat'>24.</span> <span class='ocrx_word' id='word_1_301' title='bbox 1109 3420 1168 3482; x_wconf 84' lang='lat' dir='ltr'>sed</span> <span class='ocrx_word' id='word_1_302' title='bbox 1187 3417 1235 3482; x_wconf 87' lang='lat' dir='ltr'>ita</span> <span class='ocrx_word' id='word_1_303' title='bbox 1249 3418 1363 3483; x_wconf 89' lang='lat' dir='ltr'>solent</span> <span class='ocrx_word' id='word_1_304' title='bbox 1376 3418 1513 3501; x_wconf 88' lang='lat' dir='ltr'>antiqui</span> <span class='ocrx_word' id='word_1_305' title='bbox 1527 3420 1650 3483; x_wconf 83' lang='lat' dir='ltr'>Gram-</span> 
     </span>
     <span class='ocr_line' id='line_1_30' title="bbox 241 3522 1649 3607; baseline -0.001 -17"><span class='ocrx_word' id='word_1_306' title='bbox 241 3524 370 3590; x_wconf 87' lang='lat' dir='ltr'>matici.</span> <span class='ocrx_word' id='word_1_307' title='bbox 391 3524 454 3591; x_wconf 79' lang='lat' dir='ltr'>cir.</span> <span class='ocrx_word' id='word_1_308' title='bbox 468 3523 558 3588; x_wconf 79' lang='lat' dir='ltr'>varii</span> <span class='ocrx_word' id='word_1_309' title='bbox 583 3523 679 3587; x_wconf 88' lang='lat' dir='ltr'>tituli</span> <span class='ocrx_word' id='word_1_310' title='bbox 697 3522 855 3588; x_wconf 88' lang='lat' dir='ltr'>Oration.</span> <span class='ocrx_word' id='word_1_311' title='bbox 872 3523 1008 3589; x_wconf 86' lang='lat' dir='ltr'>Verrin.</span> <span class='ocrx_word' id='word_1_312' title='bbox 1028 3523 1101 3588; x_wconf 90' lang='lat' dir='ltr'>imo</span> <span class='ocrx_word' id='word_1_313' title='bbox 1123 3544 1165 3588; x_wconf 86' lang='lat' dir='ltr'>ex</span> <span class='ocrx_word' id='word_1_314' title='bbox 1184 3525 1260 3607; x_wconf 89' lang='lat' dir='ltr'>ipso</span> <span class='ocrx_word' id='word_1_315' title='bbox 1280 3524 1429 3589; x_wconf 85' lang='lat' dir='ltr'>Salustio</span> <span class='ocrx_word' id='word_1_316' title='bbox 1451 3524 1557 3589; x_wconf 87' lang='lat' dir='ltr'>etiam</span> <span class='ocrx_word' id='word_1_317' title='bbox 1574 3526 1649 3591; x_wconf 89' lang='lat' dir='ltr'>Cel-</span> 
     </span>
     <span class='ocr_line' id='line_1_31' title="bbox 241 3628 1648 3714; baseline 0.002 -19"><span class='ocrx_word' id='word_1_318' title='bbox 241 3630 378 3695; x_wconf 73' lang='lat' dir='ltr'>tiberin</span> <span class='ocrx_word' id='word_1_319' title='bbox 400 3628 666 3713; x_wconf 77' lang='lat' dir='ltr'>descriptionem</span> <span class='ocrx_word' id='word_1_320' title='bbox 687 3629 842 3693; x_wconf 83' lang='lat' dir='ltr'>laudant.</span> <span class='ocrx_word' id='word_1_321' title='bbox 868 3628 936 3696; x_wconf 72' lang='lat' dir='ltr'>cir..</span> <span class='ocrx_word' id='word_1_322' title='bbox 954 3630 1081 3695; x_wconf 87' lang='lat' dir='ltr'>Donat.</span> <span class='ocrx_word' id='word_1_323' title='bbox 1110 3630 1155 3691; x_wconf 86' lang='lat' dir='ltr'>ad</span> <span class='ocrx_word' id='word_1_324' title='bbox 1179 3632 1318 3701; x_wconf 80' lang='lat' dir='ltr'>Terent.</span> <span class='ocrx_word' id='word_1_325' title='bbox 1336 3630 1483 3714; x_wconf 80' lang='lat' dir='ltr'>Adelph.</span> <span class='ocrx_word' id='word_1_326' title='bbox 1502 3634 1532 3694; x_wconf 87' lang='grc'>3.</span> <span class='ocrx_word' id='word_1_327' title='bbox 1550 3646 1579 3694; x_wconf 78' lang='lat' dir='ltr'>s.</span> <span class='ocrx_word' id='word_1_328' title='bbox 1601 3635 1648 3697; x_wconf 76' lang='lat'>26.</span> 
     </span>
     <span class='ocr_line' id='line_1_32' title="bbox 243 3733 1648 3823; baseline 0.001 -23"><span class='ocrx_word' id='word_1_329' title='bbox 243 3737 404 3801; x_wconf 79' lang='lat' dir='ltr'>Ceterum</span> <span class='ocrx_word' id='word_1_330' title='bbox 426 3754 497 3816; x_wconf 91' lang='lat' dir='ltr'>quo</span> <span class='ocrx_word' id='word_1_331' title='bbox 520 3734 560 3797; x_wconf 96' lang='lat' dir='ltr'>in</span> <span class='ocrx_word' id='word_1_332' title='bbox 581 3734 659 3799; x_wconf 91' lang='lat' dir='ltr'>loco</span> <span class='ocrx_word' id='word_1_333' title='bbox 679 3735 847 3799; x_wconf 73' lang='lat' dir='ltr'>Salustius</span> <span class='ocrx_word' id='word_1_334' title='bbox 865 3738 909 3799; x_wconf 92' lang='lat' dir='ltr'>de</span> <span class='ocrx_word' id='word_1_335' title='bbox 930 3735 1043 3798; x_wconf 93' lang='lat' dir='ltr'>Ponto</span> <span class='ocrx_word' id='word_1_336' title='bbox 1064 3733 1190 3819; x_wconf 83' lang='lat' dir='ltr'>egerit,</span> <span class='ocrx_word' id='word_1_337' title='bbox 1210 3734 1254 3797; x_wconf 83' lang='lat' dir='ltr'>ab</span> <span class='ocrx_word' id='word_1_338' title='bbox 1277 3734 1428 3817; x_wconf 85' lang='lat' dir='ltr'>antiquis</span> <span class='ocrx_word' id='word_1_339' title='bbox 1449 3738 1648 3823; x_wconf 80' lang='lat' dir='ltr'>grammati·</span> 
     </span>
     <span class='ocr_line' id='line_1_33' title="bbox 243 3837 1649 3926; baseline 0 -19"><span class='ocrx_word' id='word_1_340' title='bbox 243 3842 295 3907; x_wconf 89' lang='lat' dir='ltr'>cis</span> <span class='ocrx_word' id='word_1_341' title='bbox 312 3862 385 3908; x_wconf 92' lang='lat' dir='ltr'>non</span> <span class='ocrx_word' id='word_1_342' title='bbox 406 3848 565 3904; x_wconf 88' lang='lat' dir='ltr'>notatum</span> <span class='ocrx_word' id='word_1_343' title='bbox 585 3850 645 3914; x_wconf 86' lang='lat' dir='ltr'>est.</span> <span class='ocrx_word' id='word_1_344' title='bbox 663 3840 804 3926; x_wconf 89' lang='lat' dir='ltr'>Optime</span> <span class='ocrx_word' id='word_1_345' title='bbox 822 3842 897 3905; x_wconf 74' lang='lat' dir='ltr'>hnc</span> <span class='ocrx_word' id='word_1_346' title='bbox 923 3837 1090 3924; x_wconf 76' lang='lat' dir='ltr'>digressio</span> <span class='ocrx_word' id='word_1_347' title='bbox 1114 3838 1222 3916; x_wconf 77' lang='lat' dir='ltr'>intexi</span> <span class='ocrx_word' id='word_1_348' title='bbox 1242 3840 1373 3925; x_wconf 86' lang='lat' dir='ltr'>potuit,</span> <span class='ocrx_word' id='word_1_349' title='bbox 1393 3842 1455 3907; x_wconf 91' lang='lat' dir='ltr'>ubi</span> <span class='ocrx_word' id='word_1_350' title='bbox 1475 3848 1518 3909; x_wconf 89' lang='lat' dir='ltr'>de</span> <span class='ocrx_word' id='word_1_351' title='bbox 1537 3844 1649 3907; x_wconf 86' lang='lat' dir='ltr'>Mith-</span> 
     </span>
     <span class='ocr_line' id='line_1_34' title="bbox 245 3922 1648 4032; baseline -0.001 -21"><span class='ocrx_word' id='word_1_352' title='bbox 245 3948 367 4011; x_wconf 74' lang='lat' dir='ltr'>ridatis</span> <span class='ocrx_word' id='word_1_353' title='bbox 385 3945 468 4032; x_wconf 83' lang='lat' dir='ltr'>fuga</span> <span class='ocrx_word' id='word_1_354' title='bbox 488 3946 528 4007; x_wconf 92' lang='lat' dir='ltr'>in</span> <span class='ocrx_word' id='word_1_355' title='bbox 550 3946 798 4011; x_wconf 87' lang='lat' dir='ltr'>Chersonesum</span> <span class='ocrx_word' id='word_1_356' title='bbox 818 3944 1000 4007; x_wconf 85' lang='lat' dir='ltr'>Tauricam</span> <span class='ocrx_word' id='word_1_357' title='bbox 1023 3952 1143 4009; x_wconf 74' lang='lat' dir='ltr'>auctor</span> <span class='ocrx_word' id='word_1_358' title='bbox 1163 3946 1327 4029; x_wconf 80' lang='lat' dir='ltr'>exposuit.</span> <span class='ocrx_word' id='word_1_359' title='bbox 1347 3948 1414 4011; x_wconf 86' lang='lat' dir='ltr'>Sed</span> <span class='ocrx_word' id='word_1_360' title='bbox 1427 3922 1509 4012; x_wconf 54' lang='lat' dir='ltr'>lcuns</span> <span class='ocrx_word' id='word_1_361' title='bbox 1528 3968 1648 4030; x_wconf 86' lang='lat' dir='ltr'>parum</span> 
     </span>
     <span class='ocr_line' id='line_1_35' title="bbox 246 4048 1650 4138; baseline -0.001 -24"><span class='ocrx_word' id='word_1_362' title='bbox 246 4051 429 4138; x_wconf 84' lang='lat' dir='ltr'>probabile</span> <span class='ocrx_word' id='word_1_363' title='bbox 437 4052 499 4135; x_wconf 85' lang='lat' dir='ltr'>sit,</span> <span class='ocrx_word' id='word_1_364' title='bbox 518 4050 607 4115; x_wconf 86' lang='lat' dir='ltr'>belli</span> <span class='ocrx_word' id='word_1_365' title='bbox 623 4050 777 4115; x_wconf 83' lang='lat' dir='ltr'>finemin</span> <span class='ocrx_word' id='word_1_366' title='bbox 790 4049 932 4115; x_wconf 84' lang='lat' dir='ltr'>Salustii</span> <span class='ocrx_word' id='word_1_367' title='bbox 946 4048 1102 4112; x_wconf 85' lang='lat' dir='ltr'>historiis</span> <span class='ocrx_word' id='word_1_368' title='bbox 1120 4048 1223 4114; x_wconf 85' lang='lat' dir='ltr'>luisse</span> <span class='ocrx_word' id='word_1_369' title='bbox 1240 4050 1422 4137; x_wconf 85' lang='lat' dir='ltr'>scriptum,</span> <span class='ocrx_word' id='word_1_370' title='bbox 1443 4056 1515 4117; x_wconf 78' lang='lat' dir='ltr'>haec</span> <span class='ocrx_word' id='word_1_371' title='bbox 1533 4050 1650 4133; x_wconf 89' lang='lat' dir='ltr'>potius</span> 
     </span>
     <span class='ocr_line' id='line_1_36' title="bbox 246 4152 1649 4240; baseline -0.001 -21"><span class='ocrx_word' id='word_1_372' title='bbox 246 4154 337 4220; x_wconf 85' lang='lat' dir='ltr'>belli</span> <span class='ocrx_word' id='word_1_373' title='bbox 356 4154 462 4221; x_wconf 92' lang='lat' dir='ltr'>initio</span> <span class='ocrx_word' id='word_1_374' title='bbox 484 4163 644 4220; x_wconf 84' lang='lat' dir='ltr'>ensrrnta</span> <span class='ocrx_word' id='word_1_375' title='bbox 666 4156 771 4221; x_wconf 67' lang='lat' dir='ltr'>inim</span> <span class='ocrx_word' id='word_1_376' title='bbox 795 4154 998 4240; x_wconf 85' lang='lat' dir='ltr'>putaverim.</span> <span class='ocrx_word' id='word_1_377' title='bbox 1017 4152 1073 4217; x_wconf 89' lang='lat' dir='ltr'>lbi</span> <span class='ocrx_word' id='word_1_378' title='bbox 1098 4153 1191 4219; x_wconf 87' lang='lat' dir='ltr'>enim</span> <span class='ocrx_word' id='word_1_379' title='bbox 1217 4154 1257 4218; x_wconf 90' lang='lat' dir='ltr'>in</span> <span class='ocrx_word' id='word_1_380' title='bbox 1286 4155 1500 4219; x_wconf 86' lang='lat' dir='ltr'>Mithridatis</span> <span class='ocrx_word' id='word_1_381' title='bbox 1523 4152 1649 4234; x_wconf 90' lang='lat' dir='ltr'>opibus</span> 
     </span>
     <span class='ocr_line' id='line_1_37' title="bbox 190 4258 1788 4363; baseline -0.002 -36"><span class='ocrx_word' id='word_1_382' title='bbox 190 4330 220 4363; x_wconf 71' lang='lat'>.-·,</span> <span class='ocrx_word' id='word_1_383' title='bbox 249 4260 459 4347; x_wconf 83' lang='lat' dir='ltr'>explicandis</span> <span class='ocrx_word' id='word_1_384' title='bbox 478 4263 659 4329; x_wconf 89' lang='lat' dir='ltr'>commode</span> <span class='ocrx_word' id='word_1_385' title='bbox 677 4260 753 4328; x_wconf 83' lang='lat' dir='ltr'>lieri</span> <span class='ocrx_word' id='word_1_386' title='bbox 764 4262 900 4347; x_wconf 87' lang='lat' dir='ltr'>potuit,</span> <span class='ocrx_word' id='word_1_387' title='bbox 917 4262 1011 4344; x_wconf 89' lang='lat' dir='ltr'>quod</span> <span class='ocrx_word' id='word_1_388' title='bbox 1028 4278 1087 4327; x_wconf 84' lang='lat' dir='ltr'>rex</span> <span class='ocrx_word' id='word_1_389' title='bbox 1105 4258 1168 4327; x_wconf 91' lang='lat' dir='ltr'>ille</span> <span class='ocrx_word' id='word_1_390' title='bbox 1188 4279 1305 4327; x_wconf 89' lang='lat' dir='ltr'>omnes</span> <span class='ocrx_word' id='word_1_391' title='bbox 1323 4258 1396 4325; x_wconf 85' lang='lat' dir='ltr'>fere</span> <span class='ocrx_word' id='word_1_392' title='bbox 1418 4264 1551 4343; x_wconf 80' lang='lat' dir='ltr'>gentes,</span> <span class='ocrx_word' id='word_1_393' title='bbox 1572 4278 1649 4341; x_wconf 76' lang='lat' dir='ltr'>quer</span> <span class='ocrx_word' id='word_1_394' title='bbox 1784 4330 1788 4340; x_wconf 21' lang='lat' dir='ltr'>q</span> 
     </span>
    </p>
   </div>
   <div class='ocr_carea' id='block_1_6' title="bbox 1303 4374 1345 4459">
    <p class='ocr_par' dir='ltr' id='par_1_6' title="bbox 1303 4374 1345 4459">
     <span class='ocr_line' id='line_1_38' title="bbox 1303 4374 1345 4459; baseline 0 0"><span class='ocrx_word' id='word_1_395' title='bbox 1303 4374 1345 4459; x_wconf 86' lang='lat'>¹7</span> 
     </span>
    </p>
   </div>
   <div class='ocr_carea' id='block_1_7' title="bbox 0 0 2031 5009">
    <p class='ocr_par' dir='ltr' id='par_1_7' title="bbox 0 0 2031 5009">
     <span class='ocr_line' id='line_1_39' title="bbox 0 0 2031 5009; baseline 0 0"><span class='ocrx_word' id='word_1_396' title='bbox 0 0 2031 5009; x_wconf 95' lang='lat' dir='ltr'> </span> 
     </span>
    </p>
   </div>
  </div>
 </body>
</html>
