4050 5009
2909 401 3040 502 177

269 570 371 619 em
416 572 616 651 agas,
658 547 1075 664 exercitum
1104 545 1485 651 suppl-icio
1527 572 1817 651 cogere,
1869 547 1951 623 id
1977 564 2089 624 est
2133 548 2569 642 dominum,
2619 580 2779 630 non
2811 554 3046 661 impea-

267 686 568 746 ratorem
611 697 778 747 esse.
878 673 1059 748 Haec
1098 687 1335 774 atque
1378 671 1556 746 talia
1584 672 1902 748 maiores
1939 673 2161 747 vestri
2195 671 2560 749 faciundo
2593 701 2824 780 seque
2849 704 3043 755 rem-

264 818 395 893 que
443 793 836 899 publicam
901 796 1378 896 celebravere.
1480 797 1673 894 Quis
1729 797 2089 872 nobilitas
2135 796 2358 891 fieta,
2410 798 2591 938 ‘ipsa
2662 800 3042 879 dissimilis

257 918 610 1009 moribus,
658 945 796 999 nos
851 918 1164 995 illorum
1210 919 1522 994 aemulos
1572 914 2039 1009 contemnit,
2104 937 2181 995 et
2222 920 2466 996 omnis
2505 920 2832 998 honores
2878 951 3041 1002 non

257 1065 337 1115 ex
381 1043 679 1132 merito,
728 1042 859 1117 sed
923 1043 1136 1145 quasi
1195 1043 1485 1118 debitos
1535 1070 1581 1116 a
1643 1045 1854 1120 vobis
1904 1043 2195 1147 repeti-t.
2290 1048 2639 1120 Ceterum
2693 1046 3042 1125 homines

248 1166 759 1267 superbissumi
801 1165 1070 1270 procul
1117 1182 1409 1240 errant.
1469 1166 1792 1242 Maiores
1841 1194 2108 1243 eorum
2144 1169 2439 1258 omnia,
2491 1195 2663 1272 quae
2711 1169 3040 1264 licebat,

249 1285 383 1362 illis
416 1290 818 1393 reliquere,
862 1290 1199 1380 divitias,
1249 1290 1640 1394 imagines,
1692 1291 2137 1367 memoriam
2175 1291 2292 1365 sui
2330 1292 2838 1394 praeclaram.
2886 1295 3038 1371 vir·

249 1424 471 1487 tutem
508 1441 667 1488 non
705 1413 1130 1515 reliquere3
1180 1439 1428 1513 neque
1474 1429 1861 1515 poterant:
1911 1440 1998 1489 ea
2037 1413 2193 1515 sola
2236 1440 2485 1516 neque
2528 1415 2759 1491 datur
2803 1417 3032 1507 done,

246 1560 473 1638 neque
510 1536 900 1639 accipitur.
990 1534 1401 1611 Sordidum
1453 1560 1574 1610 me
1621 1552 1698 1609 et
1747 1535 2059 1611 incultis
2118 1536 2459 1611 moribus
2523 1537 2785 1631 aiunt3
2846 1540 3030 1643 quia

245 1684 500 1759 parum
544 1662 727 1735 scite
787 1658 1224 1758 convivium
1291 1683 1616 1746 exorno,
1667 1684 1917 1761 neque
1978 1657 2424 1735 histrionem
2482 1660 2737 1735 ullum
2787 1689 3038 1772 neque

242 1782 463 1884 pluris
505 1783 728 1888 pretii
776 1810 1045 1859 cocum
1103 1808 1337 1883 quam
1388 1780 1734 1855 villicum
1773 1780 2063 1871 habe03
2122 1807 2296 1884 quoe
2348 1781 2542 1856 mihi
2598 1783 2814 1861 lubet
2852 1812 3031 1862 con·

245 1904 454 1996 {itm-i,
525 1907 880 2003 Quirites.
981 1907 1175 1979 Nam
1222 1930 1312 1977 ex
1359 1918 1674 2005 parente
1744 1930 1911 1978 meo
1985 1919 2063 1979 et
2128 1930 2221 1978 ex
2292 1904 2459 1978 aliis
2525 1908 2802 1982 sanctis
2849 1909 3030 1984 viris

246 2029 339 2104 ita
378 2031 671 2134 accepi,
721 2027 1141 2103 munditias
1195 2026 1688 2114 mulieribus,
1754 2026 1933 2102 viris
1991 2026 2329 2102 laborem
2369 2030 2804 2121 convenire,
2866 2059 3025 2107 om-

240 2152 597 2267 nibusque
668 2154 890 2230 bonis
972 2166 1317 2255 oportere
1390 2149 1564 2253 plus
1633 2148 1891 2254 gloriae
1978 2176 2215 2251 quam
2291 2149 2734 2226 divitiarum
2816 2178 3025 2264 esse3

241 2301 429 2351 arma
447 2335 467 2368 ,
534 2305 696 2354 non
760 2272 1362 2379 suppellectilem
1421 2272 1673 2347 decori
1729 2298 1892 2348 esse.
1999 2273 2216 2370 Quin
2258 2298 2433 2378 ergo
2487 2274 2695 2377 quod
2757 2275 3017 2370 iuvat,

240 2400 431 2501 quod
482 2428 750 2477 carum
792 2412 1233 2487 aestumant,
1303 2394 1387 2470 id
1435 2421 1728 2499 semper
1773 2393 2101 2486 faciant,
2155 2411 2449 2485 ament,
2497 2413 2822 2500 potent3
2883 2337 3021 2478 ubi

239 2522 806 2601 adulescentiam
839 2522 1211 2610 habuere,
1260 2518 1369 2593 ibi
1418 2532 1882 2594 senectutem
1920 2533 2151 2623 agant
2169 2574 2189 2608 ‚
2221 2518 2305 2594 in
2348 2520 2708 2630 conviviis
2724 2577 2745 2612 ,
2780 2522 3019 2631 dediti

237 2648 463 2724 ventri
508 2664 584 2724 et
636 2646 1111 2751 turpissumae
1158 2642 1359 2746 parti
1420 2642 1756 2744 corporis
1788 2674 1805 2714 ε
1853 2640 2209 2717 sudorem
2229 2699 2249 2737 ,
2298 2643 2689 2747 pulverem
2749 2662 2827 2722 et
2866 2648 3046 2752 alia‘

238 2770 397 2845 talia
428 2771 873 2875 relinquant
913 2767 1167 2857 nobis,
1217 2764 1496 2868 quibus
1534 2765 1667 2839 illa
1708 2764 1952 2867 epulis
2000 2764 2448 2840 iocundiora
2477 2783 2673 2842 sunt.
2726 2772 3016 2847 Verum

236 2920 377 2972 non
427 2912 537 2971 est
594 2896 721 2969 ita.
804 2894 1001 2969 Nam
1049 2890 1190 2966 ubi
1238 2914 1315 2964 se
1366 2887 1669 2992 flagitiis
1736 2886 2271 2963 dedecoravere
2331 2890 2773 2993 turpissumi
2832 2895 3014 2986 viri,

231 3015 588 3097 bonorum
625 3016 936 3124 praemia
977 3029 1325 3118 ereptum
1364 3025 1570 3085 eunt.
1653 3014 1767 3083 Ita
1813 3008 2667 3101 iniustissumeluxuria
2705 3033 2781 3091 et
2804 3018 3016 3122 igna-

228 3239 462 3308 Leid.m.
490 3240 582 3302 his
605 3260 745 3321 erg-o
784 3239 956 3301 Fabr.
983 3259 1034 3298 1.
1060 3236 1185 3297 Bas.
1212 3256 1263 3294 1.
1305 3235 1425 3294 inc.
1460 3253 1509 3292 ι.
1547 3233 1687 3294 vin.
1713 3251 1768 3293 2.
1813 3231 2009 3294 Guelf.
2030 3251 2087 3291 2.
2113 3230 2252 3291 Tur.
2296 3251 2437 3293 nam
2459 3254 2594 3295 cum
2609 3245 2729 3296 tute
2748 3239 3011 3319 quinque

229 3342 431 3412 Wmii.
470 3348 632 3411 dom.
659 3365 774 3406 esso
803 3364 927 3404 non
952 3342 1091 3421 imp.
1121 3341 1200 3399 ita
1227 3340 1469 3400 Haverc.
1510 3336 1673 3397 Leid.
1713 3338 1831 3398 hoc
1852 3345 1933 3396 est
1951 3335 2117 3398 civile
2147 3336 2283 3416 imp.
2312 3336 2472 3397 Leid.
2498 3361 2549 3400 c.
2572 3361 2622 3405 e.
2648 3342 2689 3400 f.
2711 3340 2835 3401 h.'i.
2877 3343 3005 3405 hoec

228 3450 519 3527 atquealia
555 3449 680 3510 Bas.
713 3469 764 3509 1.
805 3448 941 3509 Ecc.
981 3443 1158 3506 Acad.
1197 3444 1390 3502 Senat.
1415 3462 1466 3500 1.
1507 3440 1706 3501 Vinar.
1740 3461 1796 3501 2.
1853 3440 2011 3501 Vrat.
2036 3461 2087 3499 1.
2143 3440 2337 3500 Guelf.
2361 3462 2416 3502 2.
2443 3442 2500 3513 A.
2527 3466 2584 3525 7.
2613 3465 2705 3505 ιι.
2756 3448 3001 3511 flavere.

225 3552 368 3615 Leid-
409 3556 576 3619 Paris.
604 3576 658 3615 a.
679 3554 742 3613 b.
765 3574 818 3613 c.
844 3573 894 3612 e.
937 3549 1084 3609 talia
1133 3548 1307 3609 ceteri
1338 3545 1501 3610 Cort.
1544 3544 1716 3607 Paris.
1749 3544 1809 3610 d.
1852 3544 2139 3604 incultum
2179 3546 2431 3607 moribus
2469 3546 2591 3614 Bas.
2620 3571 2669 3611 ι.
2712 3550 2918 3613 incer't.
2940 3573 2996 3619 2.

227 3657 415 3720 νησίον.
467 3658 657 3721 nostr-'i
691 3658 815 3717 Bas.
838 3656 895 3727 4.
937 3674 1142 3715 cocum
1190 3652 1387 3715 Senat.
1418 3672 1470 3710 1.
1519 3648 1644 3709 Bas.
1668 3648 1796 3721 ι.4.
1856 3649 2075 3710 fabric.
2115 3669 2172 3715 2.
2211 3650 2405 3711 Guelf.
2431 3656 2567 3713 ι.“2.
2588 3652 2643 3714 6.
2670 3680 2729 3737 9.
2782 3668 2839 3715 et
2869 3658 3001 3720 αῑίἰε

223 3775 388 3824 ωηατ.
411 3764 633 3828 Fabric.
676 3762 878 3825 Vinar.
907 3779 961 3819 2.
1000 3760 1204 3818 incert.
1227 3776 1281 3815 2.
1322 3753 1514 3813 Guels.
1546 3774 1602 3834 7.
1638 3751 1855 3812 sanctis
1880 3751 2012 3812 aliis
2051 3754 2254 3813 incert.
2281 3775 2334 3814 1.
2372 3754 2506 3817 aliis
2548 3778 2670 3817 om.
2705 3760 2904 3821 senat.
2941 3784 2994 3823 ι.

224 3868 539 3930 ἀὶυἰίἱαηυη
565 3888 697 3929 esse.
737 3885 852 3927 esse
889 3884 1012 3925 om.
1054 3862 1212 3924 Rivii
1238 3859 1391 3924 libri.
1431 3858 1657 3940 aliquot
1694 3857 1921 3918 Wassii.
1963 3855 2186 3918 Fabric.
2216 3879 2267 3917 ι.
2309 3858 2501 3919 Senat.
2543 3861 2743 3928 Heus-5.
2785 3868 2904 3927 inc.
2940 3888 2992 3928 1.

224 3965 396 4040 Guelf.
419 3998 468 4040 1.
490 3996 543 4036 2.
565 3996 623 4055 9.
665 3974 883 4033 decora
905 3988 1019 4029 esse
1058 3964 1254 4029 Guelf.
1278 3964 1335 4023 3.
1373 3961 1572 4022 Nazar.
1614 3979 1823 4021 carum
1849 3959 2187 4021 existimant
2226 3964 2343 4025 inc.
2365 3984 2418 4022 2.
2461 3964 2594 4029 Ecc.
2639 3963 2831 4029 Guelf.
2860 3974 2913 4031 3.
2932 3971 2993 4042 4.

227 4077 379 4140 6.ιο.
405 4102 494 4143 ιι.
523 4100 617 4141 ι2.
665 4070 1117 4137 adulescentiam
1155 4068 1325 4128 Bem.
1359 4087 1408 4125 1.
1454 4064 1806 4126 iocundiora
1842 4063 1986 4123 Bas.
2026 4086 2078 4123 ι.
2110 4063 2167 4134 A.
2228 4064 2446 4131 Fabric.
2472 4087 2528 4128 2.
2570 4067 2772 4130 Vinar.
2810 4071 2991 4135 Acad.

213 4181 340 4247 Son.
359 4206 411 4248 2.
435 4185 634 4246 Reuss-
676 4181 871 4243 Guelf.
895 4179 1027 4252 46.
1055 4201 1110 4259 7.
1134 4198 1192 4258 9.
1219 4195 1310 4236 ιο.
1352 4172 1521 4233 Bern-
1557 4193 1608 4232 ι.
1645 4167 2084 4248 ·omm'busflag.
2124 4167 2204 4227 ita
2235 4165 2403 4229 Bern.
2428 4168 2486 4230 3.
2531 4170 2699 4233 Gmt.
2726 4188 2873 4234 'nam
2888 4191 2993 4238 vos

2100 4316 2195 4387 23
