4050 5009
1453 304 1646 398 189·

120 509 186 558 nes.
200 484 417 581 admonuit-3
442 488 623 565 idoneum
643 488 764 565 visum
779 502 857 577 est,
881 484 928 563 de
945 501 1084 560 nutura
1115 485 1300 589 cultuque
1327 482 1408 561 eius
1425 508 1522 588 pou·

120 608 173 681 ci's
197 608 342 703 dicem
368 612 492 715 neque
516 612 619 688 enim
638 612 714 687 alio
736 611 820 687 loco
842 610 890 685 de
916 610 1031 685 Sullte
1059 610 1169 685 rebus
1196 608 1339 685 dicturi
1359 629 1519 683 sumus:

119 744 159 801 et
181 732 220 805 1.
241 734 397 809 Sisenna
420 752 576 855 optume
592 752 631 811 et
648 736 942 841 diligentissume
959 734 1151 824 omnium,
1177 732 1245 834 qui
1265 760 1327 807 eas
1342 758 1399 807 res
1419 731 1523 807 dixe·

120 878 190 941 re,
215 873 449 959 persecutus,
475 884 614 960 parum
637 854 733 933 milii
762 857 882 931 libem
919 883 983 931 ore
1013 856 1162 930 locutus
1191 856 1350 931 videtur.
1400 856 1523 959 Igitur

120 976 223 1053 Sulla
237 980 357 1083 gentis
370 980 538 1083 patriciae
556 980 696 1056 nobilis
707 980 800 1069 fuit,
816 980 959 1055 familia
979 1006 1099 1083 prope
1111 979 1187 1053 iem
1203 980 1384 1055 exstinctu
1404 980 1523 1057 maio·

120 1128 208 1175 mm
229 1102 396 1207 ignavia,
422 1103 539 1179 literis
561 1104 703 1179 Groecis
721 1120 836 1207 atque
851 1102 994 1177 Latinis
1016 1102 1173 1177 iuxtset
1194 1102 1419 1179 doctissume
1435 1131 1535 1179 eru-v

119 1224 248 1317 ditus..
265 1226 396 1301 animo
423 1228 589 1332 ingenti,
622 1226 784 1331 cupidus
806 1227 1075 1329 voluptatum,
1095 1224 1160 1299 sed
1179 1226 1310 1328 gloriae
1327 1227 1520 1328 cupidior:

118 1348 195 1423 otio
217 1350 411 1426 luxurioso
427 1376 522 1441 esse,
547 1367 672 1427 tamen
695 1352 744 1425 ab
761 1350 918 1455 negotiis
938 1376 1152 1450 numquam
1169 1348 1342 1453 voluptas
1356 1378 1521 1428 temore·

119 1486 178 1561 tn3
199 1473 270 1549 nisi
293 1473 399 1577 quod
419 1474 466 1553 de
493 1502 611 1551 uxore
638 1476 766 1580 potuit
788 1472 980 1549 honestius
1007 1472 1182 1547 consuli:
1209 1470 1417 1564 facundus,
1442 1475 1520 1551 cal·

122 1594 217 1671 lidus
244 1614 283 1673 et
317 1596 484 1673 amicitia
511 1596 633 1673 facilis
656 1632 664 1674 ε
685 1598 735 1673 ad
765 1596 980 1674 simulanda
1018 1596 1166 1701 negotia
1189 1595 1356 1673 altitudo
1374 1600 1519 1705 ingenii

123 1717 351 1795 iuuedibilis
373 1754 380 1793 ε
405 1721 615 1797 multarum
635 1748 764 1798 rerum
783 1749 828 1797 ac
847 1746 1025 1795 maxume
1046 1717 1219 1822 pecuniae
1235 1719 1401 1823 largitor.
1451 1728 1519 1799 At-

121 1867 191 1943 que
211 1842 267 1917 illi
285 1843 513 1920 felicissumo
533 1845 708 1921 omnium
719 1862 808 1921 ante
826 1844 974 1919 civilem
996 1841 1441 1946 victoriam,numquam
1455 1874 1518 1923 su·

120 1990 183 2065 per
204 1966 430 2042 industriam
455 1968 610 2044 lbrtuna
626 1969 700 2043 suit
723 2002 732 2041 ε
759 1966 948 2070 multique
963 1965 1202 2054 dubitavere,
1231 1966 1367 2041 fortior
1389 1996 1440 2043 au
1459 1970 1513 2045 l'e·

123 2084 224 2163 licior
244 2107 357 2185 essct;
382 2118 474 2165 nam
495 2108 630 2198 posten-
643 2118 729 2195 quae
749 2090 893 2179 fecerit,
919 2090 1110 2165 incertum
1131 2085 1272 2178 babeo,
1295 2090 1439 2194 pudeat
1461 2121 1512 2175 an

122 2211 236 2315 pigent
254 2213 439 2289 disserere.
489 2215 611 2321 Igitur
629 2216 754 2304 Sulla,
772 2215 831 2291 uti
846 2212 1124 2317 supradictum
1137 2227 1213 2304 eet,
1237 2231 1440 2317 postquam
1466 2217 1508 2293 in
1521 2216 1562 2296 9⁶

124 2332 279 2411 Africam
302 2352 416 2439 atque
437 2337 479 2411 in
513 2353 632 2411 costra
660 2340 774 2413 Marii
798 2365 887 2413 cum
919 2337 1094 2438 equitatu
1115 2336 1240 2425 venit,
1266 2339 1371 2412 nudis
1398 2356 1510 2417 antee

123 2474 157 2530 et
175 2458 322 2563 ignarus
351 2459 462 2549 belli,
486 2460 775 2536 sollertissumus
796 2460 969 2537 omnium
994 2460 1035 2533 in
1070 2460 1202 2562 paucis
1229 2464 1512 2565 tempestatibus

124 2577 231 2657 lactus
251 2599 314 2657 est.
363 2584 423 2657 Ad
447 2582 521 2659 hoo
549 2584 687 2659 milites
711 2585 875 2689 benigne
891 2581 1103 2687 adpellare5
1126 2582 1510 2689 multisnogantibus‘,

124 2702 195 2779 aliis
210 2732 275 2813 per
291 2730 329 2781 se
345 2706 423 2811 ipse
445 2706 536 2780 dare
557 2707 757 2799 beneficia,
785 2708 925 2782 invitus
943 2707 1138 2809 accipere:
1163 2706 1228 2781 scd
1246 2734 1289 2783 ou
1301 2737 1510 2815 properan-

124 2826 186 2903 tius
207 2856 322 2934 qunm
339 2854 387 2904 aes
409 2846 590 2905 mutuum
611 2832 766 2907 reddero
780 2867 803 2927 5.
818 2832 895 2935 ipse
923 2830 971 2904 ab
992 2830 1102 2903 nullo
1125 2847 1308 2933 repetere:
1334 2835 1450 2940 magis
1469 2835 1509 2910 id

122 3023 160 3081 uti
174 3028 281 3109 reliqui.
314 3026 453 3105 qttombm
472 3047 526 3089 nos
551 3048 638 3109 pron.
656 3029 755 3089 sedem
773 3029 864 3092 variat
879 3028 910 3087 in
936 3026 1077 3087 Patisinis.
1108 3028 1148 3086 de
1170 3036 1282 3086 natum
1300 3027 1508 3112 absudtuqm

122 3125 207 3188 Guell.
222 3153 266 3191 ιο.
287 3132 348 3191 eius
359 3132 495 3196 onnEcc.
517 3152 608 3211 neque
619 3134 678 3193 alio
692 3134 755 3193 loco
776 3130 913 3191 Gneus
933 3131 1028 3209 gentis
1035 3131 1170 3211 patruis
1189 3132 1366 3209 nobilbsm't
1384 3138 1425 3195 itc
1438 3158 1518 3195 om·-

119 3236 229 3294 notiore
246 3236 324 3295 libri.
346 3234 449 3295 nobilis
454 3236 521 3311 suit
540 3239 571 3295 in
585 3238 695 3299 Fabric.
713 3259 737 3295 t.
758 3238 789 3296 in
808 3238 936 3317 margine
948 3257 997 3295 m.
1010 3256 1055 3314 pr.
1075 3235 1236 3317 adscripsit.
1257 3237 1317 3296 ium
1332 3260 1422 3320 prope
1442 3240 1505 3303 an.

122 3358 144 3394 t.
166 3339 277 3405 Vntn.
308 3340 466 3404 Guell.12.
487 3351 514 3400 et
531 3340 640 3401 lautim's
669 3343 730 3405 Bne.
747 3362 772 3399 t.
793 3340 984 3417 iustamque.
1020 3342 1149 3417 otqttein
1172 3344 1285 3421 aliquot
1307 3342 1457 3404 Cinoconii
1477 3358 1516 3407 ct

119 3440 220 3503 Gmteri
238 3446 319 3505 libris
335 3446 483 3503 omissum.
494 3495 496 3503 ,
509 3446 658 3505 omnimo
675 3464 740 3504 esse.
761 3465 818 3504 esse
839 3466 899 3503 om.
921 3442 1018 3503 Guell.
1032 3442 1060 3507 3.
1089 3443 1173 3503 ilem.
1190 3466 1214 3503 t.
1239 3444 1385 3507 luxuriose
1407 3447 1505 3511 Turio.

119 3544 203 3607 Guett.
214 3550 242 3620 l.
262 3550 348 3608 aditu
362 3556 389 3607 et
406 3548 537 3607 amicitia
544 3549 650 3625 fiscilis
670 3548 803 3610 Gutta.
823 3548 902 3609 th.
917 3568 942 3605 ι.
964 3546 1092 3607 Panto.
1114 3546 1238 3609 Puteobii
1252 3549 1337 3625 liber,
1356 3552 1438 3619 leid.
1448 3577 1474 3615 c.
1483 3559 1504 3617 i.

119 3653 252 3712 candet.
266 3662 293 3714 et
309 3672 369 3711 om.
388 3652 471 3713 Born.
489 3674 512 3709 ι.
533 3652 578 3709 itti
586 3652 708 3728 feliciss.
730 3673 817 3733 pron.
839 3674 899 3715 om.
920 3652 986 3710 lice.
1007 3651 1148 3712 cuum..
1166 3656 1263 3734 plures
1272 3654 1521 3720 leidtresGm..

121 3757 165 3817 uri
179 3760 316 3816 meliores.
333 3757 443 3835 pudeat
458 3756 551 3835 magis
575 3756 733 3819 Lcid.b.c.
748 3758 768 3813 l.
793 3758 882 3835 prule!
899 3758 992 3833 magis
1009 3776 1051 3817 un
1065 3755 1145 3835 piget
1173 3757 1393 3821 Fabricllem.
1412 3761 1503 3825 deod.

123 3860 234 3921 Vina.
255 3863 351 3924 suuv.
371 3860 439 3920 Ece.
460 3860 556 3921 Gueli.
570 3884 598 3943 7.
614 3882 658 3926 ιι,
673 3882 717 3925 m.
738 3862 817 3919 Leid.
829 3885 855 3920 c.
868 3860 898 3924 h.
912 3861 942 3919 d.
963 3862 1014 3941 qui
1030 3862 1230 3941 tumenmugis
1241 3868 1413 3947 transponit.
1433 3868 1503 3952 Teg.

122 3959 171 4027 llas.
183 3966 209 4037 l.
233 3964 393 4031 Patis.b.d.
414 3964 482 4027 Tur.
509 3968 618 4045 pudeat
634 3986 675 4025 on
690 3965 788 4047 pigeat
804 3965 897 4044 mugit
916 3964 996 4024 leid.
1010 3988 1036 4025 c.
1049 3967 1071 4026 i.
1084 3966 1112 4025 k.
1123 3971 1147 4029 l.
1161 3966 1266 4049 Regius
1277 3970 1400 4042 Wattii,
1415 3972 1515 4033 Beru..

124 4085 144 4123 t·
160 4070 245 4148 magu
264 4070 356 4130 iollas.
373 4092 400 4129 i.
419 4064 668 4131 antecedunt.
691 4090 752 4131 om.
768 4070 883 4133 Leido.
894 4090 926 4127 n.

191 4196 321 4281 Coppb.
343 4200 388 4259 uli
402 4201 676 4283 utpmpcttdt‘elwtt
697 4208 735 4259 est
766 4197 865 4258 linet.
894 4196 1000 4259 multus
1017 4218 1080 4263 otto.
1101 4198 1413 4266 Contosollllurblt.
1441 4203 1513 4283 ipse
1571 4171 1578 4185 ¹
