4050 5009
1555 400 1602 497 47

195 620 288 671 crnn
309 589 535 667 auctoritate
553 614 615 665 ars
636 585 769 663 critice
793 584 995 690 saepissime
1018 583 1169 659 nititur.
1211 584 1376 688 Operose
1399 584 1516 690 igitur
1537 584 1606 661 illa

196 710 408 785 lectionum
422 706 657 782 variantium
679 702 853 779 collectio
873 702 923 777 ad
942 701 1035 777 lalsa
1058 700 1297 775 exturbanda
1324 716 1362 775 et
1381 700 1429 775 ad
1444 728 1531 776 vera
1548 728 1607 777 re·

194 824 388 901 stituenda
412 822 627 925 plurimum
649 820 761 901 valet.
795 817 953 893 Accedit
973 817 1101 919 quod,
1124 816 1269 893 etiarnsi
1295 817 1335 891 in
1359 816 1486 901 libris,
1512 844 1606 921 quos

196 940 420 1028 oontuleris,
443 938 622 1012 lectiones
641 964 723 1011 non
743 934 950 1022 inveneris,
978 960 1064 1037 quae
1080 932 1238 1037 receptis
1256 933 1334 1007 sint
1354 932 1611 1036 praelerendae,

197 1065 311 1157 (quae
331 1071 458 1127 tamen
478 1079 653 1127 meorum
676 1052 864 1127 librorum
885 1078 965 1126 non
990 1067 1046 1125 est
1068 1050 1193 1139 ratio)
1221 1064 1347 1123 tamen
1372 1048 1494 1122 multa
1521 1048 1608 1127 edo·

197 1171 316 1259 ceris,
334 1196 421 1272 quae
442 1170 484 1242 in
502 1186 584 1243 arte
608 1169 739 1243 critica
764 1167 977 1271 gravissima
1003 1182 1106 1243 suut.
1150 1167 1210 1241 De
1233 1165 1352 1240 causis
1377 1166 1611 1268 corruptela-

197 1314 288 1361 rum
313 1287 528 1361 accuratius
548 1310 767 1389 cognosces,
791 1311 870 1386 quo
901 1283 1083 1357 orationis
1111 1308 1245 1385 genere
1275 1306 1363 1355 usus
1387 1281 1436 1355 sit
1457 1298 1610 1373 auctor,

195 1400 292 1476 hinc
313 1402 551 1505 optissimum
566 1400 773 1503 intelliges,
796 1399 845 1474 de
866 1399 954 1502 ipsis
967 1398 1194 1473 lectionibus
1214 1396 1452 1471 variantibus
1470 1398 1610 1475 rectius

195 1532 356 1605 statues,
382 1534 422 1591 et
444 1517 568 1591 multo
592 1516 762 1619 paratius
782 1531 898 1617 atque
919 1514 1141 1589 instructius
1163 1513 1213 1586 ad
1236 1514 1408 1587 criticam
1435 1540 1610 1591 exercen-

194 1634 288 1708 dam
303 1633 465 1709 accedes.
491 1632 699 1708 Salustium
717 1630 823 1735 quod
842 1628 982 1706 attinet
999 1627 1073 1705 hoc
1095 1645 1283 1703 assecutus
1296 1656 1398 1719 sum,
1420 1646 1466 1705 ut
1486 1630 1609 1707 multa

276 1900 321 1956 sel
341 1918 386 1956 ιτ.
406 1900 532 1977 scriptus
548 1896 710 1956 Catilinam
731 1904 760 1954 et
783 1892 961 1977 Jugurtham
986 1896 1132 1957 continet.
1174 1898 1240 1959 Fuit
1271 1896 1344 1955 olim
1373 1896 1404 1954 in
1427 1894 1610 1957 bibliotheca

275 1993 428 2054 laurentii
439 1996 592 2069 Sentenii,
609 1993 689 2053 unde
705 2004 818 2052 emtum
833 2014 902 2051 cum
918 1994 1021 2053 ceteris
1033 1992 1117 2053 libris
1130 1999 1188 2054 suis
1200 1994 1238 2053 H.
1250 1994 1298 2053 br.
1313 1992 1429 2051 Diezius
1447 1992 1611 2054 bibliothe-

277 2112 318 2151 α
339 2092 437 2173 Regia
458 2093 573 2171 legavit.
602 2090 678 2149 Cod.
693 2090 889 2151 berolinensis
913 2091 962 2152 lV.
980 2094 1059 2151 inter
1080 2092 1257 2165 Diezianos,
1279 2092 1332 2171 qui
1355 2092 1448 2149 forma
1467 2090 1610 2171 quadrata

278 2199 349 2247 sunt
369 2202 417 2267 49.
440 2193 475 2247 ln
499 2186 740 2268 homoquidam
757 2190 872 2245 notavit
889 2188 958 2251 Seec.
974 2188 1056 2247 lilll.
1079 2189 1192 2247 librum
1218 2188 1274 2245 sibi
1299 2198 1446 2245 exaratum
1468 2187 1559 2246 videri
1581 2198 1610 2247 et

278 2302 347 2343 sane
365 2285 551 2363 antiquitatis
573 2286 700 2363 speciem
723 2286 855 2362 praefert,
876 2282 1016 2342 ductibus
1036 2286 1188 2343 literarum
1205 2284 1358 2364 sepissime
1381 2284 1609 2349 evanidis.1ton
1693 2270 1695 2275 ¹

277 2400 372 2459 pauca
389 2383 447 2438 alia
465 2401 569 2438 manus
589 2377 768 2438 emendavit.
788 2376 987 2438 berolinensis
999 2380 1035 2439 V.
1057 2382 1134 2439 inter
1147 2380 1343 2438 Santenianos
1356 2394 1422 2459 249.
1444 2380 1608 2441 Membran.

278 2479 411 2551 octonis,
431 2476 526 2535 nitide
552 2476 602 2535 sed
630 2486 797 2534 atramento
825 2476 929 2553 sepius
956 2478 1132 2554 pallescente
1165 2486 1295 2535 exaratus
1315 2476 1384 2535 Ssec.
1409 2498 1452 2535 xv.
1478 2479 1609 2536 continet

277 2593 346 2632 cum
366 2575 437 2631 alias
451 2572 603 2634 Ciceronis
618 2572 716 2633 Oratt.
744 2583 809 2630 tum
830 2573 998 2631 invectivas.
1026 2572 1222 2631 berolinensis
1236 2573 1289 2632 Vl.
1315 2572 1609 2633 interSantenianos.
1642 2620 1647 2623 .

278 2690 329 2751 7²·
349 2669 527 2729 chartaceus
545 2672 615 2729 Suc.
627 2670 691 2735 XV.
713 2670 849 2741 octonis3
872 2672 926 2749 qui
944 2671 1053 2749 etipse
1073 2670 1234 2730 luvectivas
1259 2672 1415 2746 continet,
1437 2690 1509 2751 quas
1531 2671 1610 2729 inte·

276 2786 341 2847 gras
361 2767 397 2827 V.
414 2767 451 2826 D.
470 2788 539 2825 curn
559 2766 690 2826 editione
702 2774 773 2824 mea
795 2769 933 2825 contulit.

316 2864 432 2922 Horum
452 2863 547 2922 Codd.
571 2864 623 2943 qui
640 2866 789 2945 integrum
819 2862 982 2921 Catilinam
1003 2874 1033 2923 et
1054 2860 1234 2945 Jugurtham
1252 2864 1424 2935 continent,
1446 2867 1559 2943 primus
1581 2878 1611 2925 et

276 2961 423 3021 secundus
440 2960 615 3034 deteriores,
629 2964 731 3020 tertius
749 2971 779 3019 et
794 2971 930 3039 quartus,
950 2960 1085 3019 meliores
1100 2982 1159 3019 esse
1172 2960 1318 3021 ridentur.
1340 2958 1418 3018 Cum
1432 2962 1464 3019 in
1483 2968 1505 3023 l.
1528 2974 1557 3022 et
1569 2962 1609 3023 ll.

277 3056 488 3140 orthographia
505 3060 727 3137 corruptissima
748 3060 805 3130 sit,
824 3069 885 3116 cet
904 3066 930 3132 t,
951 3070 1011 3116 eet
1023 3076 1058 3116 oe
1079 3068 1207 3130 mutata,
1228 3058 1261 3114 in
1275 3060 1329 3116 111.
1343 3068 1372 3115 et
1392 3057 1440 3115 IV.
1452 3060 1609 3139 aliquoties

276 3172 379 3230 quom,
400 3176 559 3225 maxumo,
582 3154 680 3212 lubido
693 3157 836 3234 scriptum
856 3156 905 3215 sit.
936 3156 1089 3213 Lectiones
1110 3153 1230 3233 quidem
1251 3151 1360 3211 horum
1377 3153 1520 3212 librorum
1536 3176 1610 3235 pro·

275 3252 355 3329 prias
382 3254 573 3330 paucissimas
592 3252 692 3309 inveni
701 3274 711 3323 3
733 3252 783 3310 sed
811 3254 969 3331 aliquoties
995 3252 1153 3309 meliorum
1183 3252 1387 3308 auctoritatem
1418 3254 1607 3311 confirmant.

274 3346 387 3406 Primus
407 3349 529 3428 quidem
548 3349 704 3408 nonnullis
728 3350 801 3408 locis
824 3348 940 3407 brevior
958 3351 1023 3429 ipso
1039 3348 1143 3407 Cortio
1160 3360 1221 3421 est,
1243 3347 1376 3427 quamvis
1390 3349 1493 3428 glossis
1510 3346 1608 3407 abun-

274 3442 334 3503 dat

315 3540 424 3599 Paucas
438 3545 580 3601 lectiones
603 3540 818 3600 transcribamz
843 3538 933 3600 Catil.
953 3562 978 3599 ι.
1000 3541 1203 3599 animantibus
1218 3540 1313 3599 borol.
1333 3561 1357 3598 1.
1374 3540 1402 3599 3.
1425 3543 1523 3601 omnis
1536 3564 1609 3601 nos-

274 3638 427 3697 trar.a.3.
444 3639 539 3697 beluis
558 3660 582 3697 ι.
600 3658 626 3698 a.
648 3638 724 3697 Nam
735 3642 910 3719 priusquam
922 3638 950 3698 3.
962 3640 989 3709 4.
1006 3639 1119 3721 indiget
1136 3640 1164 3698 3.
1175 3640 1202 3708 4.
1224 3671 1243 3685 -
1263 3660 1289 3696 c.
1303 3660 1330 3697 a.
1351 3672 1370 3686 -
1390 3652 1418 3699 et
1435 3643 1565 3701 tumvita
1580 3661 1607 3701 t.

275 3736 416 3793 transiere
431 3735 459 3794 3.
477 3738 505 3807 4.
533 3750 557 3783 -·
571 3736 637 3795 eb.
659 3768 677 3782 -
703 3734 743 3796 ht
756 3734 832 3793 mihi
853 3736 973 3815 quidem
998 3736 1026 3795 3.
1048 3738 1076 3805 4.
1097 3738 1252 3795 tamenetsi
1273 3737 1304 3793 b.
1321 3738 1349 3796 3.
1382 3740 1440 3816 (m,
1458 3738 1522 3819 pr.)
1544 3760 1608 3819 que

273 3830 494 3910 reprehenderis
517 3832 643 3911 (delicta
666 3834 787 3909 omisit)
810 3848 837 3904 4.
859 3832 959 3891 studio
978 3833 1015 3891 li.
1042 3856 1073 3913 p.
1096 3836 1171 3893 latus
1192 3854 1216 3891 r.
1240 3832 1341 3913 ibique
1365 3838 1458 3893 multa
1488 3834 1606 3895 adversa

273 3928 303 3999 4.
323 3961 342 3976 -
362 3951 388 3988 c.
404 3931 433 3999 4.
455 3962 474 3976 -
494 3930 600 3988 disidia
620 3952 644 3989 t.
665 3932 784 4009 incepto
798 3929 925 3987 ambitio
945 3951 970 3987 ι.
994 3930 1076 4009 quod
1094 3952 1109 3988 a
1130 3952 1180 4011 spe
1209 3951 1234 3988 ι.
1257 3932 1394 4009 inprimis
1414 3932 1606 3991 memorabile

276 4045 302 4084 s.
323 4056 344 4072 -
363 4046 389 4089 c.
405 4027 453 4090 51.
474 4060 494 4073 ·
513 4030 632 4085 suimus
654 4028 809 4107 providet,
830 4028 882 4087 ubi
902 4048 926 4085 ι.
950 4028 1063 4107 inpulsi
1088 4048 1112 4091 r.
1135 4030 1220 4107 copis
1242 4037 1281 4086 cst
1304 4026 1487 4087 memorandi
1508 4062 1526 4076 -
1550 4031 1606 4106 (est

269 4122 307 4182 in
327 4120 346 4180 3
366 4126 466 4182 locum
488 4135 584 4182 mutat
603 4126 634 4182 in
658 4140 677 4197 4
696 4148 738 4190 m.
758 4146 815 4183 sec.
833 4125 968 4203 addidit]
990 4130 1205 4185 consuluerunt
1228 4146 1250 4185 t.
1265 4144 1291 4188 a.
1307 4124 1336 4183 3.
1349 4127 1378 4195 4.
1405 4126 1542 4186 dimisere
1556 4146 1605 4186 eos

271 4235 299 4275 ι.
319 4220 414 4276 multa
436 4221 565 4278 nefanda
582 4222 714 4281 facinora
738 4244 764 4287 r.
786 4223 847 4299 (m.
862 4220 941 4299 sec.)
962 4224 991 4292 4.
1013 4226 1081 4302 plus
1102 4234 1174 4302 aput
1192 4244 1244 4281 tos
1263 4226 1358 4283 valeat
1380 4244 1404 4281 ι.
1420 4244 1448 4286 a.
1462 4222 1489 4281 3.
1506 4226 1533 4291 4.
1557 4245 1605 4281 ex-

269 4323 374 4393 uperat
393 4334 420 4385 ι,
441 4336 468 4377 a.
502 4317 609 4377 domos
634 4322 755 4400 spoliari
782 4342 807 4381 r.
826 4340 854 4380 a.
871 4324 900 4388 3.
918 4320 948 4391 4.
975 4340 1079 4380 cruore
1097 4323 1182 4380 luctu
1203 4319 1234 4380 3.
1261 4322 1466 4401 conjuratione
1486 4322 1603 4384 laceret·
