4050 5009
296 392 445 479 '16

387 592 463 659 ub.
474 588 561 656 xct.
581 587 696 655 initio.
720 584 767 653 lu
781 584 904 653 Baetica
921 581 1078 651 Metellus
1099 601 1178 648 cum
1196 580 1389 669 Hirtuleio,
1409 584 1556 653 Sertorii
1573 587 1705 681 legato,
1724 599 1799 679 acie

388 719 464 765 non
476 714 676 782 congressus
692 702 756 773 est3
780 694 909 778 quippe
929 690 987 755 cui
1004 689 1188 755 asertor-io
1206 692 1405 754 mandatum
1416 700 1503 773 erat,
1523 702 1579 781 ut,
1599 700 1696 766 omni
1710 723 1802 787 proe.

388 804 583 888 novitate,
602 802 683 866 satis
707 800 865 881 baberet,
887 798 997 864 socias
1013 796 1166 862 civitates
1189 796 1281 863 tueri
1302 797 1553 882 Metellumque
1571 802 1610 868 in
1631 806 1800 876 ulteriore

388 898 559 995 Hispania
577 904 770 988 retinere0)
792 904 853 973 cfr.
877 905 951 970 Liv.
967 902 1091 991 fragm.
1111 902 1236 970 Hieme
1257 902 1430 968 Sertorius
1450 916 1658 975 conventum
1680 911 1814 979 civim·

387 1017 478 1082 tium
493 1014 581 1101 egit,
601 1032 710 1094 arma,
730 1019 937 1078 commeatus
952 1010 1121 1096 providit,
1140 1016 1176 1073 et
1190 1006 1338 1073 maxima
1351 1030 1433 1074 cura
1449 1011 1584 1077 bellum
1601 1014 1641 1079 in
1653 1034 1801 1100 sequen.

386 1126 460 1187 tem
481 1140 612 1184 aunum
628 1118 769 1205 paravit.
789 1118 849 1181 cfr.
868 1117 942 1180 Liv.
958 1114 1082 1201 fragm.
1111 1114 1275 1181 Praeterea
1295 1116 1418 1201 legatis
1437 1124 1472 1181 et
1492 1118 1636 1201 reliquis
1652 1123 1799 1189 ducibus

388 1224 586 1312 imperavit,
606 1244 677 1306 quo
697 1226 801 1287 modo
815 1221 951 1287 bellum
973 1218 1266 1286 administrarent.
1287 1223 1358 1285 Ncc
1373 1221 1491 1286 minus
1510 1225 1667 1310 Pompeii
1687 1228 1798 1294 strsdi.

388 1352 463 1410 um;
485 1350 565 1395 nam
590 1336 625 1394 et
649 1328 723 1414 ipse
740 1327 893 1395 hiemem
914 1328 954 1391 in
975 1324 1093 1389 castris
1111 1325 1183 1411 egit
1200 1333 1235 1390 et
1255 1323 1385 1390 milites
1407 1326 1586 1394 laboribus
1605 1333 1801 1401 assuefecitt

388 1458 468 1505 cum
491 1436 658 1502 alacribus
670 1435 779 1515 saltui,
800 1454 879 1498 cum
894 1432 1071 1499 velocibus
1086 1450 1204 1516 cursu,
1224 1451 1303 1494 cum
1317 1432 1442 1498 validis
1457 1442 1552 1500 vecte
1567 1437 1715 1501 certabat
1720 1463 1731 1513 t
1752 1460 1800 1507 ne

386 1544 513 1627 multa,
540 1542 678 1605 nullum
692 1539 827 1622 strenui
846 1538 943 1606 ducis
962 1535 1116 1607 officium
1132 1534 1325 1605 omittebat.
1347 1536 1410 1605 cfr.
1427 1540 1489 1628 Ep.
1508 1540 1628 1627 Pomp.
1649 1542 1695 1608 ad
1714 1542 1795 1613 Seu.

382 1648 450 1713 sal.
468 1646 591 1737 fragm.
612 1648 682 1711 Inc.
703 1648 753 1709 62.
767 1642 826 1730 ⁰⁹)

410 1850 519 1933 Ἀηηι·
537 1818 783 1937 Dchltlx.
806 1858 852 1933 P.
883 1853 927 1934 U.
950 1856 989 1933 c.
1014 1854 1190 1951 munus
1215 1858 1254 1933 n
1276 1856 1449 1937 cotanen
1469 1855 1535 1932 cn.
1549 1857 1595 1932 r.
1614 1854 1680 1933 cn.
1702 1856 1773 1950 tt,

905 1980 943 2061 C.
964 1980 1143 2060 Aurelius
1165 1983 1282 2060 Cotta.

409 2166 411 2175 ’
477 2163 521 2226 In
537 2160 623 2227 urbe
643 2168 679 2228 et
695 2169 836 2248 propter
848 2182 996 2231 auuonae
1016 2163 1191 2231 caritatem
1213 2171 1247 2229 et
1259 2168 1401 2249 propter
1412 2160 1524 2229 erarii
1541 2161 1714 2254 angustias
1740 2168 1796 2227 tu-

381 2262 589 2335 multuatum
604 2277 664 2335 est.
676 2270 729 2331 Ad
742 2268 855 2354 plebis
868 2268 956 2335 iram
966 2271 1169 2358 placandam
1180 2292 1260 2336 cum
1273 2270 1401 2334 Consul
1416 2270 1513 2332 Cotta
1526 2267 1651 2331 frustra
1664 2268 1797 2353 piaculi

381 2371 464 2437 loco
477 2374 585 2438 vitam
599 2372 789 2467 obbrlisset‚
810 2376 870 2437 cfr.
886 2378 954 2437 Sal.
968 2376 1090 2459 fragm.
1110 2379 1180 2437 luc.
1200 2394 1250 2453 ιφ.
1271 2380 1485 2458 repugnante
1501 2372 1687 2439 nobilitate
1704 2376 1793 2439 duas

379 2476 475 2565 leges
489 2480 588 2563 tulit,
610 2480 754 2543 alteram
774 2476 1019 2561 tribuniciam,
1038 2476 1151 2561 utiis,
1169 2475 1232 2559 qui
1249 2475 1506 2561 tribuniplebis
1527 2476 1689 2558 fuissent,
1706 2478 1794 2545 alios

383 2603 523 2666 quoque
543 2585 759 2671 magistratus
773 2602 894 2667 capere
909 2581 1047 2666 liceret,
1069 2580 1129 2649 cfr.
1143 2580 1212 2646 Cic.
1232 2582 1305 2645 Act.
1324 2581 1364 2645 iu
1380 2584 1477 2648 Verr.
1499 2604 1527 2645 1.
1548 2586 1598 2648 tio.
1619 2592 1654 2648 et
1667 2586 1789 2650 Ascon.

381 2689 522 2756 Pedion.
540 2694 585 2755 ad
607 2692 644 2761 h.
664 2692 688 2755 l.
713 2692 812 2757 etad
837 2690 897 2752 Or.
919 2708 984 2774 pro
1006 2689 1042 2757 C.
1064 2686 1227 2753 Cornelio
1245 2710 1279 2773 p.
1305 2692 1382 2767 1313
1402 2689 1804 2774 alteramjudiciariami'

381 2796 425 2859 de
438 2794 581 2874 judiciis
596 2797 755 2882 privatis,
777 2816 854 2880 quaa
867 2794 905 2859 in
918 2795 1022 2860 rebus
1031 2795 1147 2882 parvis
1163 2794 1269 2859 luisse
1279 2794 1432 2873 videtum
1454 2813 1630 2877 quoscum
1649 2797 1793 2873 tulisset,

381 2902 501 2967 retulit
520 2905 564 2967 de
580 2902 625 2967 iis
645 2904 852 2990 abrogandis
878 2907 923 2967 ad
940 2912 1107 2971 senatum.
1138 2902 1180 2966 ln
1195 2897 1364 2988 Hispania
1381 2901 1515 2967 bellum
1534 2900 1700 2966 acerrime
1716 2919 1794 2989 ges·

379 3010 466 3069 tum.
497 3005 652 3067 Primum
677 3008 837 3075 Metellus
865 3032 945 3076 cum
973 3008 1148 3092 Hirtulejo
1165 3010 1261 3075 haud
1285 3008 1408 3093 procul
1430 3009 1569 3085 Italica,
1589 3007 1718 3074 Baeticae
1732 3026 1794 3070 ur·

307 3192 312 3204 ι
380 3106 441 3193 be,
463 3128 616 3196 pugnam
635 3115 821 3201 conseruit,
841 3125 875 3183 et
894 3117 1024 3205 viginti
1038 3115 1197 3181 millibus
1214 3114 1366 3171 militum
1380 3112 1475 3169 caesis
1488 3110 1619 3170 victum
1635 3109 1674 3166 in
1695 3108 1796 3168 Lusi·

382 3212 515 3289 taniam
535 3214 654 3306 fugere
675 3223 797 3309 coegit.
819 3218 880 3283 cir.
897 3222 996 3284 Oros.
1020 3216 1046 3284 l,
1069 3208 1268 3276 secontia.
1297 3226 1327 3270 r.
1357 3227 1386 3270 r.
1407 3223 1466 3285 123
1492 3227 1522 3269 a.
1547 3226 1575 3269 a.
1599 3221 1643 3287 ις
1664 3227 1694 3273 a·
1712 3211 1744 3271 ³.
1763 3207 1794 3275 6,

384 3426 918 3463 ,.,.,.,.,...,...,....--.-

475 3531 511 3617 ⁶)
523 3532 682 3601 Metellus
695 3527 790 3593 baud
804 3522 911 3589 dubie
925 3521 1005 3590 ideo
1015 3519 1244 3609 nullaproelitt
1253 3525 1438 3592 cumbusta
1446 3506 1639 3613 iniitquod
1647 3528 1785 3599 viribus

378 3634 521 3713 attritis,
543 3636 613 3703 nisi
634 3636 712 3701 loco
735 3638 953 3718 opportuno,
973 3629 1048 3696 acie
1066 3631 1239 3696 decertare
1261 3650 1333 3695 non
1350 3632 1473 3717 potuit.
1494 3636 1535 3697 Id
1558 3634 1666 3721 igitur
1682 3638 1791 3722 potis-

376 3738 506 3805 simum
526 3742 636 3823 egisse
654 3740 807 3823 uidetur,
833 3745 890 3812 ut,
910 3737 983 3803 suis
1011 3734 1121 3821 copiis
1149 3756 1227 3801 cum
1256 3736 1422 3823 Pompejo
1437 3737 1584 3825 junctis,
1611 3741 1791 3805 communi

379 3840 525 3907 consilio
546 3842 679 3909 bellum
697 3850 880 3931 gereretur.
909 3846 1017 3931 Quod
1042 3862 1088 3909 ue
1112 3842 1226 3929 fieret,
1245 3844 1416 3911 Sertorim
1439 3844 1561 3915 virtute
1582 3852 1617 3921 et
1638 3844 1786 3912 consilio

377 3948 571 4034 prohibuit.

459 4052 514 4136 θ’)
534 4056 586 4119 De
612 4054 730 4139 bellis,
749 4055 787 4121 iu
807 4055 974 4121 Cilicia-a
992 4054 1156 4140 Servilio,
1183 4055 1222 4121 iu
1249 4056 1452 4123 Macedonia
1477 4057 1522 4119 ab
1551 4054 1664 4141 Appio
1684 4054 1790 4143 gestis

376 4180 480 4248 supra
499 4160 692 4247 expositum
716 4168 774 4243 est.
804 4163 881 4229 Hoc
904 4182 996 4231 anno
1015 4162 1177 4249 inprimis
1197 4169 1316 4227 contra
1334 4164 1487 4248 btoedos,
1507 4162 1625 4249 (rign.
1638 4163 1726 4225 Anu.
1742 4163 1786 4231 ΙΙ.

234 4358 239 4363 ¹
376 4284 447 4357 ²94·
466 4264 630 4340 Moecioe
647 4272 822 4351 emendat)
843 4270 937 4339 varie
949 4269 1150 4343 dimicatum
1165 4267 1282 4359 tuisse,
1294 4278 1416 4338 auctor
1431 4278 1480 4344 est
1502 4269 1703 4356 obsequens
1718 4284 1787 4338 tao.
