4050 5009
421 380 473 475 4⁰

517 568 733 635 Mithridates
750 567 819 631 hoc
839 584 929 631 anno
947 568 1058 631 totum
1075 562 1148 629 iere
1161 582 1305 650 regnum
1321 566 1464 651 recepit,
1485 568 1580 648 quod
1594 565 1701 652 legati
1710 568 1822 633 Roma

422 678 462 744 in
486 676 601 739 Asiam
632 674 743 756 missi,
767 673 900 752 jamin
923 670 965 737 eo'
992 681 1105 757 erant,
1129 680 1168 735 ut
1191 672 1229 734 in
1251 663 1436 755 provinciae
1452 672 1599 736 formam
1617 674 1822 759 redigerent.

422 781 559 847 Triario
586 780 678 843 enim
703 780 816 865 legato
837 789 916 843 ante
937 779 1073 841 Luculli
1094 780 1274 841 adventum
1291 778 1382 843 victo
1400 780 1540 859 ejusque
1561 780 1710 843 exercitu
1727 798 1823 864 paene

423 890 468 953 nd
487 887 757 951 internecionem
774 906 874 969 caeso,
895 885 1049 967 reliquus
1063 883 1227 949 exercitus
1246 886 1384 948 Luculli
1397 885 1543 977 imperio
1558 886 1687 949 diutius
1702 904 1824 970 parere
1937 930 1941 937 -

423 993 601 1061 recusavit.
630 995 703 1057 lmo
721 992 922 1058 valerianae
944 990 1135 1077 legionesa
1157 991 1282 1055 Publio
1305 992 1426 1057 Clodio
1449 992 1658 1070 sollicitatae,
1680 1012 1752 1057 non
1770 1010 1825 1056 so·

420 1100 495 1164 lum
514 1100 696 1163 Lucullum
721 1100 819 1181 sequi
843 1099 1022 1174 nolebant,
1043 1095 1103 1163 sed
1127 1108 1160 1160 et
1181 1096 1262 1179 ipsis
1279 1098 1395 1164 castris
1421 1098 1651 1164 discedebant.
1670 1101 1722 1162 lta
1741 1105 1824 1183 Cap·

421 1207 568 1291 padocia
594 1227 615 1269 a
632 1205 833 1269 Mithridate
849 1212 979 1269 vastata
1007 1211 1072 1279 est3
1093 1222 1173 1263 uam
1190 1222 1302 1282 neque
1320 1206 1468 1269 Marcius
1485 1206 1575 1290 Rex,
1600 1205 1727 1270 Ciliciae
1742 1225 1825 1289 pro·
1894 1250 1900 1263 .

249 1286 255 1299 ¹
332 1302 335 1308 ’
422 1312 558 1395 consul,
572 1333 682 1394 neque
697 1313 857 1387 Glabrio,
869 1308 926 1370 cui
937 1305 1102 1390 Bithynia
1112 1319 1278 1387 evenerat,
1289 1306 1533 1371 auxiliovenit.
1548 1310 1607 1371 csr.
1615 1312 1721 1373 Dion.
1738 1316 1825 1375 Cass.

419 1417 497 1481 Lib.
512 1420 661 1487 XXXVI.
684 1434 815 1498 12-17.
834 1416 923 1484 Plut.
941 1413 1075 1477 Lucull.
1093 1433 1121 1481 c.
1138 1414 1190 1477 35.
1209 1411 1354 1498 Appian.
1371 1411 1525 1476 Mithrid.
1543 1433 1571 1476 c.
1591 1432 1641 1492 9⁰·
1653 1412 1690 1492 ο)

367 1648 369 1657 ’
445 1648 553 1726 Anni
573 1651 619 1727 P.
648 1650 691 1727 U.
720 1648 758 1725 G.
783 1644 1111 1725 DCLXXXVIII
1135 1644 1310 1721 Consules
1331 1642 1400 1718 M.
1422 1643 1600 1720 Aemilius
1623 1641 1800 1743 Lepidus,

619 1772 620 1777 ’
889 1821 891 1833 ,
911 1774 951 1846 L.
978 1772 1172 1847 Volcatius
1198 1770 1337 1845 Tullus.
1584 1781 1587 1786 '

429 1970 432 1975 -
501 1938 560 1995 Cn.
577 1932 760 2017 Pompejus
780 1934 913 1999 bellum
934 1933 1147 1997 maritimum
1169 1942 1315 1997 extrema
1332 1931 1448 1997 hieme
1469 1934 1661 2018 apparavit,
1681 1933 1826 2001 ineunte

335 2074 338 2081 ·
419 2054 498 2105 rere
517 2038 675 2125 suscepit,
693 2039 807 2105 media
823 2049 936 2123 estate
948 2037 1173 2129 confecit.⁰⁰)
1194 2040 1327 2127 Quibus
1336 2038 1438 2107 rebus
1452 2038 1570 2124 gestis,
1592 2059 1671 2102 cum
1687 2026 1726 2103 in
1740 2039 1844 2105 essim

477 2357 515 2440 ο)
537 2358 601 2422 Cir.
620 2361 694 2423 Liv.
713 2362 952 2445 Epitxcvm.
971 2363 1341 2443 ,C.Triarius·legatus
1358 2360 1496 2421 Luculli
1516 2363 1675 2422 adversus
1689 2359 1825 2423 Mithri·

414 2462 530 2529 datam
557 2486 679 2547 pamm
698 2483 858 2543 prospere
871 2462 1053 2545 pugnavit,
1072 2462 1236 2523 Lucullus
1255 2480 1301 2523 ne
1318 2469 1574 2544 persequeretur
1587 2462 1827 2528 Mithridatem

415 2583 457 2627 ac
480 2567 667 2645 Tigranem
691 2582 927 2642 summamque
949 2560 1103 2623 victoriae
1133 2562 1343 2646 imponeret,
1372 2567 1496 2629 seditio
1519 2566 1671 2628 militum
1695 2568 1826 2648 tenuit,

418 2665 503 2748 quia
519 2665 618 2745 sequi
637 2664 801 2727 nolebant
820 2664 844 2730 i.
865 2686 894 2729 e.
914 2664 996 2747 quia
1013 2663 1167 2750 legiones
1183 2668 1391 2753 valerianae,
1410 2671 1549 2755 impleta
1560 2691 1589 2732 a
1607 2689 1643 2733 se
1653 2670 1828 2753 stipendia

294 2768 301 2785 '
416 2768 579 2853 dicentes,
592 2770 774 2833 Lucullum
786 2770 1031 2853 reliquerunt.»
1044 2771 1113 2837 Cic.
1123 2794 1188 2858 pro
1199 2773 1275 2861 lege
1285 2776 1405 2840 Manil.
1415 2796 1444 2857 9.
1457 2780 1565 2851 «Nam
1579 2795 1686 2856 quum
1697 2776 1827 2858 (Mith-

417 2874 562 2961 ridates)
585 2894 621 2941 se
637 2874 676 2939 in
698 2894 842 2960 regnum
863 2877 1046 2958 recepisset
1064 2899 1183 2964 suum,
1202 2900 1274 2944 non
1297 2879 1365 2945 fuit
1385 2902 1427 2947 eo
1451 2891 1645 2964 contentus,
1670 2883 1765 2963 quod
1791 2878 1826 2942 ei
1950 2878 1953 2882 ’

416 2988 541 3066 praeter
555 3000 642 3064 spem
655 2981 841 3065 acciderat,
860 2989 899 3044 ut
917 2982 1015 3044 illam
1032 2993 1254 3067 posteaquam
1272 2985 1392 3067 pulsus
1405 2993 1508 3067 esset,
1529 2994 1654 3047 terram
1669 3002 1825 3065 unquam

359 3150 366 3162 ,
414 3084 615 3171 attingeret,
636 3080 703 3150 sed
722 3084 964 3151 inexercitum
986 3098 1153 3165 vestrum,
1176 3090 1307 3152 clarum
1328 3098 1433 3167 atque
1453 3089 1636 3169 rictorem,
1658 3094 1825 3171 impetum

420 3188 512 3255 fecit.
531 3225 573 3241 -
594 3192 713 3256 Clades
731 3200 824 3256 tanta
839 3192 925 3274 fuit,
944 3200 984 3251 ut
1002 3210 1073 3250 eam
1087 3192 1131 3248 ad
1148 3206 1246 3249 aures
1259 3190 1296 3248 Ι.
1308 3188 1447 3250 Luculli
1460 3208 1533 3251 non
1546 3209 1587 3252 ex
1597 3192 1721 3274 proelio
1735 3215 1825 3258 nun·

389 3375 392 3381 ¹
417 3294 502 3377 lius,
523 3299 582 3362 sed
607 3318 648 3361 ex
665 3314 823 3359 sermone
843 3284 962 3354 rumor
984 3285 1131 3352 afferret.
1152 3289 1220 3351 Hic
1238 3290 1275 3352 in
1296 3290 1374 3375 ipso
1392 3292 1457 3356 illo
1477 3294 1588 3373 malo,
1604 3296 1822 3380 gravissima.

414 3424 480 3487 qne
501 3404 589 3468 belli
608 3396 816 3478 offensione,
837 3398 874 3456 L.
891 3393 1070 3478 Lucullus,
1093 3394 1154 3475 qui
1178 3403 1291 3460 tamen
1313 3396 1432 3478 aliqua
1452 3418 1494 3463 ex
1515 3408 1611 3483 parte
1630 3400 1673 3463 iis
1691 3405 1823 3468 incom-

374 3522 376 3527 '
417 3506 530 3575 modis
548 3504 680 3570 mederi
699 3502 840 3566 sortasse
857 3470 1040 3585 potirisset,
1058 3508 1169 3564 vestro
1183 3501 1282 3580 jussu
1299 3511 1447 3581 coactns,
1469 3508 1564 3586 quod
1580 3504 1721 3591 imperii
1743 3510 1824 3573 diu·

420 3612 577 3675 turnitati
593 3613 735 3674 modum
753 3610 971 3673 statuendum
987 3604 1096 3669 reteri
1112 3607 1267 3691 exemplo
1287 3608 1482 3693 putavistis,
1500 3620 1632 3695 partem
1651 3612 1825 3701 militum,

418 3713 482 3796 qui
495 3715 565 3791 jam
584 3715 767 3799 stipendiis
788 3712 951 3779 coniectis
972 3712 1087 3795 erant,
1108 3710 1257 3798 dimisit,
1278 3723 1410 3797 partem
1429 3715 1611 3781 Glabrioni
1629 3718 1801 3791 tradidit*

479 3816 539 3900 ⁰⁰)
562 3817 629 3883 Cir.
646 3818 716 3882 Cic.
732 3838 796 3903 pro
811 3821 886 3903 lege
897 3818 1114 3881 Manil.c.1a.
1132 3820 1311 3893 ,nondum
1319 3820 1518 3903 tempestivo
1532 3825 1576 3885 ad
1588 3823 1823 3909 navigandum

416 3924 522 4001 mari,
541 3923 697 3988 Siciliam
716 3922 818 4007 adiit,
838 3923 983 3988 Africam
1008 3918 1213 4010 'explorarit3
1236 3924 1315 3989 inde
1332 3925 1525 3990 Sardiniam
1542 3948 1621 3991 cum
1640 3928 1745 3995 classe
1763 3948 1822 3994 ve·

417 4031 486 4116 nit,
505 4039 608 4113 atque
629 4032 703 4095 hacc
720 4028 786 4094 tria
798 4028 951 4093 subsidia
972 4029 1170 4114 reipublice
1187 4028 1388 4094 firmissimis
1403 4031 1572 4114 presidiis
1588 4032 1821 4117 classibusque

415 4136 575 4209 munivit.
595 4138 681 4201 Inde
697 4156 733 4202 se
754 4156 833 4199 cum
858 4135 896 4198 in
917 4136 1052 4198 ltaliam
1077 4134 1274 4220 recepisset,
1295 4136 1427 4212 duabus
1451 4138 1631 4221 Hispaniis
1648 4147 1683 4203 et
1705 4138 1821 4206 Gallia

414 4241 590 4331 Cisalpina
612 4242 782 4329 presidiis
806 4260 846 4309 ac
871 4240 1017 4317 navibus
1036 4240 1251 4325 confirmata,
1271 4239 1384 4308 missis
1404 4241 1489 4308 item
1508 4242 1549 4308 in
1568 4262 1664 4309 oram
1683 4244 1820 4332 lllyrici
