4050 5009
835 722 869 805 L
891 750 906 805 ι
930 747 961 802 n
999 717 1048 803 ll

315 928 405 981 ··r,
385 898 645 975 -Sardim'a
628 925 669 971 ιιι
697 898 837 993 Africo
868 899 976 968 mari.
1010 900 1199 967 Salustium
1220 902 1436 989 geographie
1458 898 1652 989 plurimum

243 1008 405 1075 tribuisse
426 1021 460 1075 et
481 1010 642 1076 historiis
657 1010 782 1091 saepius
798 978 1032 1102 medvana*
1055 1008 1255 1094 intrauisse,
1276 1028 1353 1073 cum
1370 1010 1515 1073 Catilina
1537 1018 1570 1073 et
1589 1010 1652 1071 lu·

239 1119 385 1204 gurtha,
403 1124 479 1181 tum
498 1118 648 1181 maxime
666 1112 891 1177 historiarum
903 1112 989 1175 libn’
1007 1116 1242 1213 comprobant.
1263 1118 1382 1199 ltaque
1398 1136 1474 1181 cum
1489 1118 1533 1181 de
1549 1114 1653 1185 rebus

241 1238 265 1284 a
278 1222 414 1305 Lepido
434 1220 642 1285 inSardinia
659 1218 762 1305 gestis
781 1226 868 1281 esset
888 1218 1121 1303 expositurus,
1140 1229 1242 1284 antea
1257 1220 1380 1287 insulae
1397 1222 1498 1285 situm
1518 1220 1653 1289 incola.

243 1344 396 1407 mamque
415 1347 530 1391 mores
547 1324 736 1408 descripsit.
758 1322 819 1387 cfr.
833 1322 955 1411 fragm.
978 1325 1069 1389 Inoo.
1089 1326 1140 1389 38.
1168 1329 1240 1406 1963
1264 1347 1341 1407 ¹973
1364 1346 1439 1405 ηις
1458 1330 1500 1393 V.
1519 1346 1564 1390 ιο.
1583 1324 1652 1393 Sed

239 1450 315 1497 non
333 1431 449 1494 minus
465 1451 569 1513 quam
589 1430 628 1493 in
646 1413 771 1494 Africae
788 1430 1021 1515 descriptione
1042 1430 1080 1497 in
1100 1432 1322 1513 antiquitates
1340 1432 1462 1499 insulae
1484 1431 1652 1517 origines·

236 1554 307 1617 que
324 1535 465 1599 urbium
490 1535 695 1617 inquisivit,
714 1556 787 1599 ιιοιι
806 1556 877 1619 quo
890 1536 996 1601 fidem
1018 1537 1062 1603 iis
1076 1538 1255 1625 tribueret,
1275 1543 1334 1605 sed
1351 1542 1442 1621 quod
1461 1540 1535 1603 bec
1550 1536 1652 1601 labu·

236 1639 314 1705 losa
330 1662 375 1705 ne
393 1641 571 1713 historicis
594 1640 736 1722 quidem
752 1643 961 1727 negligenda
977 1663 1049 1708 esse
1062 1644 1241 1725 judicavit.
1261 1648 1314 1710 De
1329 1646 1451 1711 insule
1465 1645 1578 1707 torma
1591 1638 1652 1705 cir.

237 1747 418 1811 claudian.
441 1751 485 1812 de
508 1752 546 1817 B.
569 1748 661 1811 Gild.
678 1753 757 1831 ⁵⁰7³
778 1752 947 1814 Humanae
959 1748 998 1814 in
1017 1752 1163 1836 speciem
1186 1753 1313 1837 plante
1331 1772 1367 1817 se
1383 1771 1507 1837 magna
1526 1748 1652 1833 figurat

237 1850 371 1939 harda,
390 1854 554 1919 Sardoam
569 1864 699 1920 veteres
719 1856 836 1921 dixere
855 1858 988 1937 coloni3
1010 1858 1071 1923 cir.
1085 1858 1205 1923 Heins.
1219 1862 1265 1921 ad
1283 1862 1319 1921 b.
1335 1858 1359 1921 l.
1377 1856 1499 1921 Manil.
1513 1856 1651 1923 Astron.

234 1974 266 2036 4.
290 1962 367 2042 629:
397 1962 559 2025 Sardinia
584 1961 624 2026 in
640 1962 775 2047 Libyco
800 1962 913 2049 signat
932 1964 1076 2049 vestigia
1096 1966 1233 2049 plantae.
1263 1964 1325 2028 Sil.
1349 1964 1458 2027 Italic.
1477 1964 1550 2025 llll.
1567 1960 1650 2023 3⁵5·

233 2066 353 2127 Insula
373 2067 556 2131 fluctisono
578 2067 835 2131 circumvallata
855 2068 1048 2155 profundo,
1068 2078 1243 2155 castigatas
1267 2068 1367 2151 aquis
1387 2080 1650 2151 compressaque

237 2167 377 2253 gurgite
391 2176 498 2230 terras
518 2189 677 2230 enormes
693 2174 851 2251 cohibet,
870 2177 973 2235 nudas
991 2173 1054 2234 sub
1068 2172 1222 2255 imagine
1242 2174 1379 2253 plantae.
1399 2174 1485 2233 lnde
1500 2173 1648 2235 lehnuss

239 2272 345 2357 prius
366 2272 481 2351 Grajis
503 2279 693 2335 memorata
710 2270 865 2349 colonis,
892 2290 973 2333 mox
989 2272 1121 2353 Libyci
1140 2274 1300 2333 Sardus
1290 2288 1456 2355 generoso
1480 2270 1648 2356 sanguiue
1682 2272 1688 2291 '

236 2378 350 2444 fidens
371 2377 549 2462 Herculis,
571 2397 613 2439 ex
631 2396 704 2440 sese
724 2374 872 2437 mutavit
891 2374 1036 2437 nomina
1053 2385 1158 2441 terre.
1186 2376 1246 2439 cir.
1267 2378 1314 2442 M.
1335 2377 1520 2461 Capellam.
1539 2378 1595 2443 v1.
1612 2382 1647 2443 et

236 2484 385 2568 Dionys.
402 2487 474 2565 467.
494 2483 645 2567 Hesych.
663 2448 903 2549 Σανδᾱλωῖη
884 2492 903 2549 'l
922 2450 1040 2558 Σθθδά)
1057 2450 1185 2537 ΝΜ·
1202 2483 1299 2545 Adde
1314 2482 1467 2547 Plinium
1484 2485 1543 2546 llI.
1554 2504 1582 2547 c.
1594 2486 1645 2547 1³.

232 2590 298 2673 qui
326 2589 587 2673 animadvertit,
615 2608 693 2653 cum
717 2586 877 2652 Sardinia
901 2585 981 2649 aliis
1005 2586 1216 2649 Sandaliotis
1235 2588 1443 2673 appelletur,
1466 2588 1646 2655 Melinum

232 2714 311 2762 eam
326 2715 347 2757 a
362 2696 593 2761 similitudine
608 2696 735 2780 plantae
745 2698 905 2759 bumanae
914 2695 1095 2756 Ichnusam
1108 2692 1250 2771 dixisses
1272 2694 1402 2759 similia
1417 2696 1520 2760 babet
1534 2696 1646 2761 Solio.

235 2802 363 2885 Polyb·
380 2822 410 2864 c.
429 2804 459 2869 ti.
480 2804 549 2865 nisi
563 2804 658 2883 quod
673 2802 777 2880 hujus
793 2799 947 2863 nominis
957 2800 1129 2883 originem
1149 2802 1363 2883 Chrysippo,
1383 2800 1440 2863 vel
1461 2812 1497 2863 ut
1514 2803 1553 2863 in
1569 2800 1651 2866 aliis

235 2908 345 2969 eodo.
358 2926 431 2970 csse
444 2906 591 2988 dicitur,
611 2906 732 2987 Crispo
746 2904 879 2967 tribuit.
901 2906 999 2963 Unde
1014 2921 1141 2961 nouum
1155 2902 1295 2958 Salustii
1307 2902 1536 2983 fragmentum
1554 2924 1649 2967 com·
1747 2896 1754 2911 ’

239 3015 400 3095 ponunt:
435 3008 529 3070 Iade
553 3006 720 3068 Ichnusa
750 3003 954 3082 adpellata,
979 3020 1056 3080 que
1083 3020 1155 3065 non
1185 3002 1295 3088 magis
1318 3004 1522 3091 Salustiana,
1544 3024 1650 3089 quem

239 3132 319 3197 quar
334 3118 544 3193 sequuntur:
562 3110 668 3183 ,Mox
682 3105 863 3169 Aristaeum
882 3108 1060 3191 regnaudo
1076 3106 1132 3169 his
1147 3108 1340 3191 proximum
1360 3111 1399 3173 in
1420 3114 1505 3177 urbe
1525 3112 1649 3199 Carali,
1738 3163 1743 3173 .

234 3237 343 3304 quam
374 3216 596 3291 condiderat,
626 3211 703 3297 ipso
722 3209 908 3289 conjuncto
934 3211 1068 3294 populo
1094 3212 1274 3294 utriusque
1298 3216 1493 3299 sanguinis,
1515 3219 1649 3303 sejuges

232 3346 343 3411 usque
362 3327 407 3388 ad
423 3344 460 3387 se
481 3329 600 3408 gentes
617 3322 662 3383 ad
685 3339 793 3381 unum
810 3337 942 3381 morem
963 3316 1179 3404 conjugasse,
1200 3319 1387 3404 imperium
1406 3340 1447 3385 err
1461 3322 1648 3387 insolentia

232 3432 329 3503 nihil
349 3439 553 3515 aspernatas.
580 3428 649 3491 Sed
673 3434 707 3489 et
726 3424 785 3488 hic
802 3424 963 3489 Aristeus
981 3425 1121 3489 lolaum
1143 3434 1251 3511 creat,
1272 3426 1335 3509 qui
1358 3428 1404 3489 ad
1424 3426 1462 3490 id
1487 3428 1645 3491 locorum

233 3557 336 3624 agros
359 3536 412 3599 ibi
440 3536 599 3600 insedit.²‘
629 3534 713 3616 Quae
736 3531 841 3595 Debr.
862 3532 954 3595 inter
975 3531 1166 3617 fragmenta
1188 3534 1331 3597 rettulit.
1354 3533 1464 3597 Multa
1484 3534 1644 3599 Solinum

235 3664 280 3711 ex
291 3640 443 3705 Salustio
457 3640 608 3705 hausisse
629 3638 850 3703 manifestum
871 3647 936 3721 est,
954 3639 1015 3701 sed
1033 3640 1106 3701 baec
1121 3638 1226 3701 verba
1245 3636 1355 3721 ipsius
1367 3640 1506 3705 Salustii
1523 3651 1644 3725 putare

235 3749 426 3833 absurdum
457 3754 516 3809 est.
553 3748 620 3809 Sed
644 3743 814 3825 ejusmodi
840 3742 1112 3829 comparationes
1142 3745 1234 3828 apud
1260 3736 1422 3827 antiquos
1447 3746 1644 3829 frequentes

235 3856 342 3920 fuisse
362 3852 604 3917 animadvertit
626 3852 811 3938 Pignorius
830 3851 948 3935 Symb.
974 3848 1079 3934 Epist.
1099 3848 1155 3911 lll.
1178 3851 1222 3913 ad
1239 3850 1361 3935 Angel.
1383 3854 1571 3929 Bocchum,
1594 3854 1644 3916 ila

237 3964 410 4045 Europam
431 3968 465 4024 ct
481 3957 634 4022 Africam
658 3960 740 4022 nuci
754 3958 872 4042 pineae
896 3955 1094 4041 aequabant,
1113 3956 1363 4042 Peloponesum
1380 3960 1514 4045 platani
1531 3956 1641 4035 lolio,

236 4077 383 4155 pontum
393 4068 563 4133 Euxinum
581 4066 674 4128 arcui
689 4066 866 4150 Scythico,
886 4063 1017 4127 Indiam
1033 4064 1198 4141 rhombo,
1218 4074 1369 4127 montem
1387 4068 1515 4149 Calpen
1534 4076 1640 4121 nrnae.

236 4197 318 4240 ·2.·
336 4171 498 4237 Dubium
516 4194 566 4236 an
585 4174 707 4236 insula
726 4170 787 4241 sit.
811 4173 905 4237 baud
920 4169 1025 4235 dubie
1040 4170 1281 4257 corrigendum
1298 4178 1347 4235 est
1363 4157 1641 4233 circumluvitur

209 4348 211 4352 .
238 4299 317 4365 quae
330 4279 457 4347 'Celeri
475 4281 674 4361 conjectura
688 4286 749 4346 est·
766 4283 848 4347 ·2.-
866 4278 967 4351 Nam
983 4277 1126 4345 Sullam
1145 4279 1340 4347 consulem.
1373 4274 1451 4340 Hoc
1470 4268 1643 4369 fragmen·
