4050 5009
287 614 329 676 ob
352 634 496 700 regnum
525 619 705 679 tutandum
731 624 764 681 J.
788 633 856 678 202.
877 620 982 701 pedes
1002 617 1112 704 magis
1131 636 1352 700 quamarcia
1372 625 1479 682 tutata
1499 628 1579 684 sunt
1600 638 1650 706 74.

287 717 516 806 tyrannidem
538 721 718 786 dimittere.
738 722 783 783 H.
804 723 831 784 1.
854 725 902 786 25.

900 901 942 966 U.
964 901 1004 962 V.

12 1051 14 1108 4
251 1019 400 1090 Vacuus
419 1027 536 1092 animo
555 1040 587 1095 J.
612 1032 657 1090 52.
687 1047 708 1088 a
729 1027 829 1109 culpa
853 1037 887 1092 c.
916 1044 964 1102 24.
989 1045 1020 1086 v.
1041 1025 1152 1090 facere
1174 1030 1316 1089 domum
1337 1029 1469 1111 nuptiis
1493 1031 1538 1096 25.
1560 1029 1598 1091 in
1616 1050 1650 1092 v.

12 1111 13 1184 l
287 1147 393 1213 remp.
416 1130 455 1192 fit
483 1132 630 1214 impetus
651 1133 700 1194 52.
723 1132 775 1192 ira
802 1138 836 1192 et
864 1128 1102 1193 misericordia
1129 1150 1255 1194 vacuos
1277 1150 1349 1194 esse
1377 1134 1543 1196 (1000152.
1565 1153 1648 1217 ager

288 1230 429 1317 l'rugum
447 1254 478 1294 v.
497 1246 527 1298 J.
542 1255 592 1314 9ο.
611 1256 644 1296 v.
666 1255 686 1296 a
706 1235 796 1297 curis
815 1235 859 1296 H.
883 1223 943 1299 llI.
966 1221 1013 1314 89.
1034 1232 1227 1298 simultates
1247 1255 1402 1301 exercere
1420 1257 1566 1298 vacuum
1579 1234 1650 1299 fuit

289 1337 315 1396 1.
337 1357 367 1415 9.
388 1336 501 1399 insula
521 1337 722 1414 hominibus
740 1358 847 1400 vacua
869 1338 932 1400 inc.
958 1342 1027 1419 296.

252 1438 372 1502 Vadas
391 1443 419 1500 L
440 1442 580 1504 dederat
599 1452 631 1505 J·
649 1444 698 1508 85.
719 1445 769 1505 62.
789 1443 926 1505 vadosa
947 1442 1016 1504 alia
1029 1446 1078 1520 78.
1098 1439 1233 1528 vagari
1251 1443 1391 1507 incertis
1411 1445 1550 1508 sedibus
1570 1456 1603 1510 c.
1620 1447 1650 1506 6.

289 1543 388 1605 nullo
409 1553 501 1608 certo
531 1543 635 1608 exilio
666 1548 710 1606 H.
733 1545 800 1608 inc.
824 1548 887 1618 254.
914 1545 1010 1630 vagi,
1039 1545 1196 1627 palantes
1226 1549 1273 1609 28.
1303 1550 1425 1611 valere
1446 1550 1563 1610 animo
1586 1566 1650 1630 pa-

289 1664 366 1708 rum
387 1657 419 1712 J.
440 1667 488 1710 22.
504 1646 697 1724 conjuratio
716 1649 751 1714 C.
772 1669 818 1729 27.
839 1668 998 1732 magnum
1019 1657 1120 1728 atque
1136 1649 1205 1710 late
1228 1648 1309 1731 imp.
1333 1651 1363 1709 J.
1392 1652 1420 1710 5.
1443 1649 1568 1711 calens
1589 1668 1651 1732 op-

289 1746 411 1829 pidum
420 1760 452 1816 J.
468 1754 517 1830 89.
534 1751 629 1814 120110
647 1752 762 1814 valere
776 1772 844 1813 202.
865 1750 1029 1815 factiones
1046 1743 1143 1818 (1.52.
1164 1751 1269 1816 armis
1281 1751 1429 1835 amplius
1438 1763 1472 1817 J.
1489 1772 1555 1811 220.
1574 1751 1654 1834 plu·

289 1849 416 1926 rimum
443 1855 590 1937 imperio
618 1875 672 1918 res
701 1858 857 1918 Romana
884 1856 994 1918 valuit
1023 1857 1067 1918 Η.
1088 1859 1115 1918 1.
1138 1878 1168 1936 7.
1202 1857 1449 1940 imperatorum
1475 1855 1585 1916 virtus
1613 1855 1654 1917 in

290 1974 373 2038 pace
393 1965 431 2018 ut
451 1957 489 2018 in
510 1959 603 2020 bello
623 1959 659 2022 G.
684 1981 713 2020 2.
739 1959 795 2036 jus
822 1961 1022 2040 bonumque
1043 1965 1135 2044 apud
1158 1980 1215 2026 eos
1236 1983 1265 2041 9.
1287 1959 1380 2022 fama
1404 1963 1449 2032 24.
1471 1962 1653 2024 advorsum

289 2077 392 2138 quem
413 2079 525 2138 neque
537 2059 682 2142 imperia
696 2061 971 2144 magistratuum,
993 2083 1105 2142 neque
1116 2064 1210 2145 leges
1221 2085 1270 2142 77.
1289 2064 1384 2144 ,viget
1404 2070 1493 2141 aetaa,
1515 2062 1651 2123 animus

288 2161 380 2225 valet
403 2182 449 2226 20.
471 2182 627 2224 maxume
648 2163 771 2243 opibus
793 2165 842 2222 51.
861 2160 1023 2226 calidior
1043 2162 1172 2239 injuria
1185 2165 1230 2223 H.
1250 2164 1277 2222 I.
1298 2186 1328 2242 9.
1348 2162 1490 2245 ingenia
1510 2162 1654 2225 validis-

288 2265 375 2328 sima
394 2277 426 2332 J.
450 2268 517 2327 205.
548 2265 667 2328 animo
689 2265 734 2328 ob
756 2262 895 2325 morbos
915 2279 1037 2344 parum
1057 2265 1175 2322 valido
1197 2268 1245 2324 65.
1277 2264 1457 2342 ingenium
1484 2265 1653 2346 sapientia

290 2369 322 2430 C.
345 2371 373 2430 6.
394 2368 537 2454 ingenio
556 2381 590 2436 J.
611 2371 640 2430 6.
663 2371 704 2431 Η.
725 2371 752 2430 1.
778 2368 825 2428 28.
855 2367 992 2429 vallum
1013 2383 1117 2447 super
1134 2361 1343 2446 praecipitari
1363 2375 1396 2429 J.
1421 2366 1468 2426 58.
1491 2365 1579 2427 alios
1598 2383 1654 2428 su·

289 2491 352 2554 per
371 2492 403 2534 v.
424 2473 462 2534 in
483 2472 706 2536 munimentis
727 2474 841 2536 locare
861 2482 894 2538 J.
921 2492 985 2532 200.
1005 2490 1103 2532 unna
1122 2465 1263 2552 ingenia
1283 2469 1318 2528 C.
1341 2484 1390 2531 ao.
1415 2487 1448 2529 v.
1469 2467 1654 2530 consilium

292 2578 338 2640 52.
357 2575 522 2638 stolidior
543 2597 589 2638 an
615 2576 739 2640 vanior
758 2580 802 2639 H.
823 2577 880 2641 IV.
904 2598 931 2640 ι.
968 2575 1082 2637 hostes
1107 2577 1173 2636 208.
1194 2570 1290 2635 vanis
1312 2581 1551 2654 opponuntur
1570 2591 1652 2636 vera

289 2671 322 2740 J.
343 2679 392 2749 24.
415 2699 486 2741 non
507 2681 623 2744 minor
643 2678 786 2744 vanitas
806 2677 919 2743 inerat
939 2679 974 2740 C.
994 2682 1043 2746 28.
1065 2700 1099 2745 v.
1118 2687 1221 2758 atque
1242 2676 1415 2760 imperitia
1438 2681 1486 2740 88.
1508 2675 1652 2740 varium

287 2779 419 2842 bellum
440 2791 472 2844 J.
496 2786 546 2853 48.
568 2783 713 2842 victoria
735 2785 764 2840 5.
787 2784 922 2841 animus
944 2785 981 2840 C.
1005 2786 1033 2840 5.
1055 2782 1159 2841 facies
1180 2782 1312 2860 negotii
1331 2793 1363 2844 J.
1385 2784 1434 2840 52.
1454 2780 1570 2857 vultu,
1592 2801 1651 2844 eo·

290 2881 375 2961 lore,
390 2882 507 2943 animo
526 2880 641 2942 varius
656 2895 722 2938 rra.
743 2899 775 2938 v.
796 2877 1016 2954 incertusque
1037 2878 1231 2958 agitabatur
1244 2893 1301 2961 74.
1314 2889 1421 2938 uasta
1437 2888 1538 2956 atque
1555 2882 1652 2944 arida

291 2983 368 3045 loca
391 2985 439 3062 75.
461 2985 510 3064 89.
539 3003 569 3045 v.
592 2979 722 3064 rapinis
742 2978 843 3040 Italia
872 2979 915 3040 H.
938 2977 1005 3039 inc.
1031 2979 1099 3056 ¹³9·
1127 3000 1159 3040 v.
1181 2979 1263 3039 urbs
1285 2979 1365 3063 luga
1386 2987 1420 3041 et
1441 2980 1589 3044 cedibus
1609 2985 1652 3045 Η.

291 3087 319 3146 I.
343 3088 391 3149 25.
417 3089 543 3149 humus
577 3107 609 3146 v.
639 3092 673 3147 et
700 3078 874 3166 profunda
901 3082 955 3146 1v.
978 3083 1028 3141 88.
1056 3101 1088 3142 r.
1109 3081 1244 3142 animus
1264 3083 1299 3141 C.
1323 3084 1654 3150 sacramentalia

291 3199 324 3257 J.
347 3191 375 3254 5.
405 3191 481 3276 igni
501 3188 609 3274 magis
630 3207 732 3270 quam
753 3188 868 3268 praeda
887 3192 1057 3248 vastatus
1076 3204 1157 3270 ager
1178 3189 1228 3248 55.
1249 3185 1408 3268 polluere
1429 3193 1461 3247 et
1481 3208 1512 3252 v.
1534 3188 1653 3252 omnia

291 3310 345 3383 42.
363 3315 462 3380 agros
483 3310 532 3370 42.
553 3291 746 3377 respublica
765 3297 916 3353 vastatur
938 3289 987 3350 52.
1093 3295 1099 3306 ’
1224 3373 1239 3388 x

259 3399 332 3464 Ubi
351 3401 388 3465 G.
413 3422 436 3461 1.
461 3418 490 3463 a.
511 3404 540 3461 8.
562 3415 589 3473 4.
612 3418 641 3478 9.
664 3418 712 3477 27.
738 3417 785 3456 20.
807 3413 858 3472 40.
880 3393 942 3456 22121
963 3412 1032 3475 quo
1053 3405 1087 3459 J.
1111 3414 1137 3452 1.
1159 3391 1290 3476 ubique
1309 3393 1332 3456 i.
1354 3414 1382 3457 e.
1404 3403 1437 3456 et
1458 3393 1519 3455 ubi
1540 3395 1578 3454 C.
1601 3395 1651 3456 26.

297 3507 347 3564 28.
376 3523 426 3582 27.
459 3499 629 3566 vecordia
660 3501 698 3562 in
724 3499 823 3562 vultu
848 3501 893 3560 25.
923 3517 1034 3576 eoque
1055 3497 1223 3558 vecordia
1243 3496 1451 3579 processitJ.
1474 3499 1501 3562 5.
1534 3496 1654 3558 1022221-

295 3605 378 3668 dine
405 3605 503 3685 quasi
535 3627 567 3666 v.
597 3603 760 3689 exagitari
782 3619 830 3682 72.
863 3621 894 3663 v.
926 3599 1098 3675 objectare
1128 3596 1309 3678 2211022194.
1341 3599 1554 3684 vectigalem
1584 3619 1655 3663 esse
1714 3651 1731 3668 „

295 3709 331 3778 6.
362 3726 410 3771 ao.
449 3709 488 3770 in
516 3708 623 3771 latere
654 3705 874 3792 vectigalium
902 3713 1099 3765 nostrorum
1124 3701 1167 3761 H.
1192 3703 1218 3766 1.
1249 3720 1296 3780 29.
1325 3699 1523 3788 vectigalia
1551 3703 1656 3768 hellis

296 3815 426 3880 incerta
446 3814 488 3875 H.
511 3811 578 3875 inc.
603 3835 649 3890 27.
681 3813 860 3874 vehemens
886 3809 991 3869 homo
1014 3813 1047 3868 et
1079 3803 1251 3867 violentus
1272 3805 1306 3864 (l
1327 3809 1378 3882 48.
1409 3806 1511 3889 regiae
1530 3806 1655 3870 volun·

296 3931 381 3984 tates
400 3931 432 3986 J.
459 3921 525 3980 228.
553 3917 771 3980 veliementer
800 3913 951 3977 studium
987 3908 1114 3973 simulo
1135 3928 1184 3986 42.
1215 3932 1247 3971 v.
1275 3928 1316 3973 eo
1352 3912 1492 3996 negotio
1513 3896 1653 3994 permo-

297 4034 351 4087 tus
386 4035 418 4090 J.
447 4025 476 4083 6.
513 4041 544 4082 v.
581 4039 677 4082 carus
715 4043 742 4100 7.
773 4015 1079 4082 vehementissume
1117 4013 1185 4075 sibi
1219 4013 1372 4076 animum
1415 4017 1460 4077 ad
1490 4014 1652 4076 virtutem

258 4105 262 4108 .,
296 4127 438 4192 accendi
459 4103 487 4198 4.
508 4146 549 4190 00
569 4123 803 4187 vehementius
824 4119 950 4182 2211152.
971 4118 1032 4180 vel.
1055 4119 1125 4198 (ter
1145 4117 1343 4199 repetitum)
1361 4118 1396 4178 C.
1411 4119 1457 4178 25.
1477 4116 1532 4177 vel
1553 4115 1655 4199 igna·
1723 4172 1727 4178 .

253 4231 262 4264 ²
297 4232 349 4296 vis
377 4229 521 4318 gloriari
547 4228 629 4292 licet
655 4237 689 4294 J.
710 4228 760 4288 58.
791 4227 847 4292 vel
866 4223 957 4288 10220
979 4222 1066 4306 septi
1086 4225 1131 4285 H.
1151 4224 1179 4289 1.
1201 4229 1248 4286 15.
1283 4220 1455 4285 scelerum
1469 4218 1526 4282 vel
1546 4216 1654 4283 maxi·
