4050 5009
1568 380 1638 461 105

227 593 435 657 accusativus
456 599 526 670 est,
547 608 660 673 neque
682 558 821 670 Φροῦρῑῶ
851 592 913 655 sed
945 561 1145 675 ittttatuiete
1169 596 1234 658 hac
1253 615 1337 661 voce
1360 598 1506 683 exprimi
1537 609 1639 687 puta-

225 698 343 764 verim.
364 700 584 763 Caeterumer
597 696 797 762 Coloniensi
811 696 894 759 Cod.
916 698 1129 763 thesaurum
1140 699 1278 766 videtur
1291 722 1361 769 esse
1372 710 1638 773 emendandum

223 811 301 888 post
320 824 473 889 pugnam
487 804 532 867 ad
547 803 714 866 Caberam
728 802 856 867 factam
871 805 940 867 hoc
960 805 1004 867 ab
1022 825 1065 869 eo
1088 814 1220 927 gestum
1242 808 1388 875 videtur.
1408 812 1469 877 cir.
1487 814 1576 879 Plut.
1594 818 1635 881 V.

223 889 304 973 huc.
320 911 377 972 rs.
396 894 444 979 roi
480 894 516 980 il
553 893 702 1004 ueissnpa
738 894 959 992 Μβᾶνκαὶ
899 908 1058 981 κωτῶν
1095 890 1213 983 imur
1254 916 1404 1009 φρουρίων
1432 904 1479 989 ri
1506 916 1639 998 πλιῖςαι

221 1014 414 1126 Suscipere
429 1055 466 1103 τε
484 1016 660 1129 μεγάλους
687 1016 774 1122 siet
802 1022 863 1096 ml
891 1014 1089 1125 δειμυτηρισι
1118 1057 1149 1103 κ.
1177 1059 1206 1103 τ.
1235 1043 1270 1105 A
1293 1044 1353 1109 cfr.
1377 1048 1521 1133 Appian.
1544 1052 1578 1113 d.
1604 1050 1638 1113 b.

222 1151 343 1215 blithr.
365 1174 394 1217 c.
416 1154 472 1214 sr:
493 1151 590 1231 quod
608 1148 717 1233 igitur
731 1145 904 1211 Charisius
920 1166 962 1213 ex
981 1148 1083 1213 tertio
1103 1151 1195 1217 libro
1208 1156 1281 1218 hacc
1300 1152 1473 1232 laudarit,
1491 1156 1558 1219 hoc
1578 1154 1638 1219 rix

223 1256 305 1321 fieri
322 1256 477 1339 potuisse
495 1254 652 1331 ridetur,
681 1260 720 1315 ut
733 1252 805 1329 jam
824 1252 942 1336 priore
960 1252 1054 1318 libro
1076 1259 1150 1321 brec
1171 1266 1411 1342 narrarentur,
1431 1278 1509 1323 cum
1533 1280 1637 1343 quar·

220 1370 276 1425 tus
298 1370 332 1425 et
350 1361 492 1442 quintus
511 1358 583 1423 fere
604 1358 707 1423 unice
727 1358 765 1421 in
788 1358 927 1423 Luculli
948 1362 1052 1426 rebus
1070 1362 1287 1429 illustrandis
1311 1372 1496 1449 occupatus
1522 1364 1636 1429 fuerit.

219 1486 324 1529 ·1r.-
344 1462 503 1547 Reliqua
531 1466 709 1530 cadavera
731 1465 855 1529 solitu
887 1466 962 1532 haec
993 1467 1129 1534 incuria
1157 1468 1383 1534 librariorum
1411 1470 1450 1533 in
1476 1476 1635 1535 contestu

221 1570 365 1655 omissa,
386 1568 602 1634 hauddubie
621 1590 700 1634 cum
726 1569 844 1655 priore
862 1570 1056 1659 fragmento
1070 1580 1099 1640 3.
1122 1595 1168 1639 ιο.
1186 1580 1377 1663 jungenda,
1399 1579 1459 1641 sed
1482 1596 1551 1639 non
1570 1594 1635 1660 pro

222 1678 346 1742 eodem
367 1678 544 1755 hahenda3
566 1696 645 1739 cum
665 1675 760 1741 enim
779 1676 940 1746 Diomed.
961 1679 986 1740 1.
1008 1695 1049 1756 4:
1077 1682 1237 1767 Veteres,
1264 1684 1372 1767 dicat,
1402 1678 1636 1767 ambiguitatis

220 1802 322 1847 causa
339 1781 472 1845 solitus
488 1782 649 1846 dixerunt
663 1782 706 1844 ab
723 1782 813 1867 salo,
835 1804 908 1848 non
925 1804 946 1847 a
961 1786 1070 1872 salio,
1092 1788 1312 1851 manifestum
1326 1796 1391 1863 est,
1410 1786 1635 1872 participium

219 1891 314 1973 apud
343 1886 531 1951 Salustium
569 1890 697 1953 lectum
729 1888 853 1971 fuisse3
892 1894 1024 1958 accedit
1052 1895 1147 1978 quod
1183 1896 1257 1961 haec
1292 1896 1471 1960 commode
1504 1890 1635 1977 priori-

218 1994 284 2058 bus
307 1994 535 2084 adjuguntur,
558 2016 639 2061 nam
657 1992 779 2085 fragm.
805 2000 835 2062 3.
861 2020 916 2064 ao:
944 2003 1162 2086 mandatum,
1183 2002 1250 2067 hoc
1275 1996 1434 2066 effectum
1459 1996 1634 2083 exprimit.

218 2102 314 2165 Num
339 2121 422 2165 vero
452 2105 550 2185 prius
577 2104 616 2168 in
644 2114 823 2191 quartum,
856 2128 901 2171 an
930 2108 1062 2174 hocin
1093 2108 1232 2171 tertium
1258 2106 1386 2168 librum
1414 2103 1634 2167 referendum

218 2203 293 2287 sit,
328 2204 517 2267 admodum
555 2206 712 2273 dubium.
753 2210 821 2269 Sed
852 2230 931 2270 cum
967 2213 1049 2271 finis
1085 2210 1173 2269 belli
1205 2208 1394 2270 Sertoriani
1432 2214 1466 2267 ct
1501 2201 1635 2286 gladia·

217 2308 306 2374 torii
330 2310 370 2373 in
400 2314 550 2376 cundem
582 2331 714 2375 annum
743 2311 928 2385 inciderit,
955 2319 988 2377 et
1013 2310 1180 2375 Salustius
1205 2310 1245 2371 in
1276 2328 1390 2372 rerum
1413 2304 1536 2371 ordine
1563 2304 1635 2369 iere

197 2408 199 2412 ’
217 2423 352 2481 veteres
377 2417 565 2481 Annalium
586 2418 770 2503 scriptores
789 2424 925 2482 secutus
951 2436 1024 2482 csse
1041 2417 1215 2493 videatur,
1237 2415 1286 2480 ita
1306 2424 1343 2479 ut
1360 2412 1507 2500 singulis
1523 2410 1633 2496 annis,

218 2540 298 2607 quac
314 2522 446 2605 ubique
458 2532 553 2611 gesta
571 2533 668 2588 erant
680 2531 881 2611 exponeret,
900 2522 1044 2610 propius
1061 2524 1106 2589 ad
1124 2542 1243 2587 verum
1258 2523 1403 2605 accedit,
1424 2520 1517 2583 libro
1533 2536 1633 2601 quar·

217 2628 453 2715 to‘Calaguris
468 2629 689 2695 obsidionem
714 2630 820 2696 fuisse
840 2638 1021 2693 narratam.

299 2768 319 2784 ·
329 2752 399 2797 ra·
418 2732 591 2816 Epistula
606 2733 857 2822 Mithridatis,
870 2738 919 2802 ita
926 2736 1037 2805 Vatic.
1049 2737 1154 2819 1.Ep.
1166 2730 1410 2801 Mithridatis.
1419 2734 1495 2799 vat.
1506 2747 1535 2792 s.
1550 2728 1634 2813 Epi·

219 2838 345 2904 stolam
354 2846 432 2921 post
446 2838 602 2921 priorem
610 2840 771 2923 Tigranis
781 2843 916 2905 cladem
928 2862 999 2905 non
1009 2841 1132 2923 procul
1146 2840 1285 2918 acepite
1295 2838 1394 2919 regni
1409 2843 1599 2916 acceptam,
1613 2854 1634 2896 a

220 2941 426 3002 Mithridate
439 2944 483 3000 ad
490 2946 637 3000 Arsacen
650 2943 722 3000 sive
731 2944 901 3001 Pacorum
912 2946 1027 3000 datam
1037 2957 1126 3019 csse,
1144 2956 1184 2997 ex
1195 2936 1463 2999 iismanilestum
1472 2945 1538 3017 est,
1556 2954 1632 3015 que

220 3061 326 3127 supra
335 3042 429 3126 pes.
439 3038 714 3104 memoravimus.
726 3038 957 3123 Mithridates,
973 3040 1128 3120 quamvis
1141 3040 1254 3105 fractae
1264 3041 1335 3119 ejus
1347 3060 1429 3126 opes
1440 3049 1565 3124 essent,
1581 3046 1632 3103 ta·

218 3168 303 3213 men
325 3146 486 3210 timorem
507 3145 724 3227 dissimulat,
743 3144 817 3208 imo
840 3164 1000 3228 magnam
1023 3144 1133 3211 animi
1153 3145 1316 3208 fiduciam
1344 3155 1538 3229 certamque
1560 3146 1632 3211 vic-

183 3276 188 3283 ·
220 3254 321 3320 toriae
343 3272 436 3340 spem
465 3270 538 3336 prae
559 3270 596 3314 se
625 3248 706 3333 fert,
733 3258 768 3314 et
791 3257 832 3315 ut
859 3250 1008 3314 Arsacen
1036 3253 1081 3315 ad
1108 3252 1197 3316 belli
1218 3250 1416 3315 societatem
1443 3253 1629 3317 ineundam

219 3359 393 3447 pelliciat,
413 3375 614 3421 communes
629 3355 787 3421 omnium
798 3357 914 3420 hostes
928 3358 1104 3421 Romanos
1123 3356 1321 3434 resederet,
1344 3376 1545 3439 eumquenc
1562 3376 1632 3421 mc·

221 3466 320 3532 dium
342 3485 377 3531 se
396 3472 508 3549 gerat,
528 3465 741 3527 dehortatur.
760 3462 897 3527 Similia
919 3464 1034 3527 sedin
1061 3463 1130 3526 alia
1158 3483 1196 3528 re
1217 3462 1336 3527 Livius
1360 3463 1465 3527 habet
1495 3466 1547 3531 32.
1575 3481 1634 3547 rr,

221 3574 274 3639 35.
287 3590 344 3652 49:
366 3569 521 3633 intentio
539 3570 614 3654 ipsa
631 3577 981 3653 argumentorumque
1000 3568 1182 3653 dispositio
1203 3570 1299 3633 baud
1317 3569 1488 3633 absimilis
1502 3570 1541 3637 in
1549 3572 1632 3633 Gor-

222 3696 416 3764 cyraeorum
429 3674 586 3739 oratione
605 3677 700 3759 apud
718 3676 827 3738 Thuc.
850 3675 877 3743 1.
898 3676 1036 3736 32-36:
1063 3676 1123 3737 sed
1138 3676 1345 3759 absurdum,
1376 3679 1471 3758 quod
1487 3676 1628 3741 Ursinus

223 3786 322 3869 dicit,
343 3781 456 3847 videri
476 3779 548 3845 fere
570 3790 676 3845 totam
701 3780 884 3865 epistolam
902 3780 1023 3844 exilla
1042 3779 1200 3845 oratione
1226 3780 1433 3847 translatam.
1454 3780 1631 3850 societate

224 3896 424 3956 morantur·
436 3890 512 3954 Vat.
529 3908 557 3949 r.
575 3904 691 3951 errore
706 3886 930 3950 librariorum
944 3885 994 3947 ita
1010 3894 1184 3950 exaratum
1205 3896 1298 3973 puta.
1320 3888 1402 3953 dein
1418 3892 1519 3973 quod
1534 3910 1632 3973 quoe·

221 3992 323 4061 citur
338 3998 408 4058 Vat.
431 4016 457 4056 ι.
479 3996 576 4077 quod
591 3994 685 4055 hand
704 3993 811 4057 dubie
828 3992 1088 4057 restituendum.
1110 3990 1172 4055 eir.
1192 3992 1262 4055 ir.
1251 4014 1319 4057 rnc.
1341 3998 1397 4058 so.
1418 3992 1631 4059 indecorum

223 4094 286 4165 sit.
313 4101 380 4162 hoc
402 4101 640 4164 tantummodo
667 4110 848 4184 postremas
874 4098 954 4162 voci
979 4096 1195 4183 oppositum,
1222 4121 1326 4181 quare
1348 4101 1411 4182 qui
1445 4068 1634 4159 indecor

226 4206 307 4271 rstas
315 4204 459 4291 jactant,
483 4207 572 4272 etin
590 4204 740 4271 salustio
757 4226 896 4289 quoque
910 4203 1011 4291 plura
1030 4204 1106 4270 loca
1124 4208 1214 4275 hanc
1232 4209 1276 4271 ad
1294 4226 1450 4271 normam
1468 4200 1560 4287 erigi
1574 4200 1633 4280 ju·

1288 4322 1332 4411 ¹4
