4050 5009
1392 499 1396 506 .
1432 427 1495 478 ιοι

109 562 230 643 locum
255 569 533 650 Catabathmon
555 574 689 652 incolae
720 575 925 683 adpellant.
966 577 1074 656 Mare
1100 605 1258 670 saevum,
1291 581 1502 685 importuo-

106 712 203 786 tum3
225 719 314 799 ager
331 696 486 801 frugum
501 698 650 794 fertilis,
674 699 797 776 bonus
812 701 957 805 pecori,
981 702 1109 779 arbori
1128 703 1378 780 infecundus:
1403 703 1501 781 coelo

109 828 278 920 terraque
311 820 476 923 penuria
504 848 701 924 aquarum.
756 824 888 902 Genus
922 823 1127 903 hominum
1153 826 1298 902 salubri
1326 853 1501 930 corpore:

107 938 227 1031 velox,
251 943 399 1045 patiens
421 944 615 1022 laborum:
639 949 840 1054 plerosque
856 966 1026 1026 senectus
1044 950 1229 1040 dissolvit,
1256 951 1327 1024 nisi
1341 951 1409 1053 qui
1427 949 1501 1027 ler-

105 1087 147 1136 ro
163 1080 230 1138 aut
255 1066 380 1141 bestiis
402 1068 602 1172 interiere:
627 1099 719 1147 nam
741 1074 895 1150 morbus
924 1071 1031 1148 haud
1060 1099 1156 1176 saepe
1182 1099 1416 1176 quemquam
1441 1098 1502 1148 su·

106 1204 216 1286 perat
251 1189 311 1264 Ad
333 1189 407 1265 hoc
434 1193 596 1281 malefici
623 1195 768 1300 generis
789 1195 957 1301 plurima
981 1197 1173 1272 animalia.
1223 1197 1295 1272 Sed
1317 1196 1385 1298 qui
1403 1222 1503 1272 mor·

108 1308 193 1384 tals
225 1312 338 1389 initio
368 1314 536 1391 Africam
570 1313 795 1409 habuerint,
831 1319 977 1422 quique
1009 1299 1136 1423 postes
1163 1319 1402 1408 accesserint,
1435 1335 1503 1394 aut

108 1435 295 1533 quomodo
313 1437 415 1512 inter
432 1464 471 1514 se
486 1441 664 1542 permixti
684 1441 781 1536 sint3
804 1468 1038 1546 quamquam
1059 1442 1108 1516 ab
1126 1467 1169 1516 ea
1183 1441 1301 1532 sama,
1327 1467 1412 1545 quae
1425 1441 1506 1546 ple-

106 1583 237 1661 rosque
253 1561 418 1651 obtinet,
450 1562 645 1640 divorsum
665 1580 749 1640 est:
785 1581 912 1641 tamen
944 1565 1003 1640 uti
1028 1591 1073 1639 ex
1094 1564 1201 1640 libris
1226 1563 1401 1655 Punicis,
1436 1566 1505 1668 qui

106 1683 194 1786 regis
209 1685 433 1790 Hiempsalis
451 1685 694 1777 dicebantur,
718 1688 1023 1792 interpretatum
1039 1687 1147 1764 nobis
1171 1704 1245 1778 est,
1272 1689 1407 1792 utique
1425 1713 1506 1763 rem

107 1829 178 1880 sese
201 1804 343 1882 habere
364 1809 527 1884 cultores
544 1809 624 1884 eius
644 1826 751 1884 terrae
775 1827 935 1914 putant,
960 1839 1078 1915 quam
1097 1811 1343 1916 paucissumis
1372 1811 1505 1886 dicam.

109 1930 281 2006 Ceterum
295 1931 385 2006 fides
407 1934 487 2008 eius
507 1935 561 2008 rei
584 1961 698 2038 penes
715 1951 885 2010 auctores
911 1935 993 2010 erit.
1027 1934 1194 2009 Africam
1213 1935 1324 2008 initio
1338 1933 1507 2010 habuere
1521 1957 1556 2018 18

109 2051 237 2128 Getuli
256 2072 296 2130 et
313 2056 446 2158 Libyes
455 2065 473 2146 ,⁴
498 2057 618 2159 asperi
645 2057 879 2159 incultique;
913 2058 999 2158 quis
1029 2057 1136 2132 cibus
1159 2074 1240 2134 erat
1261 2083 1350 2132 caro
1385 2057 1507 2131 serina

109 2191 222 2280 atque
245 2177 355 2254 humi
375 2178 585 2283 pabulum,
608 2179 666 2252 uti
695 2181 902 2283 pecoribus,
952 2180 1004 2254 Hi
1038 2206 1162 2282 neque
1194 2179 1362 2254 moribus
1384 2205 1508 2282 neque

108 2299 184 2405 lege
222 2319 290 2378 aut
328 2302 488 2406 imperio
520 2302 746 2405 cuiusquam
773 2304 1032 2409 regebantur:
1063 2303 1169 2408 vagi,
1198 2303 1386 2407 palantes,
1415 2325 1508 2404 quas

109 2451 181 2498 nox
206 2441 379 2536 -eoegerat
401 2424 503 2500 sedes
534 2422 737 2500 habebant
775 2426 847 2501 Sed
869 2443 1070 2529 postquam
1101 2427 1142 2500 in
1164 2427 1346 2530 Hispania
1365 2427 1509 2500 Hercu·

110 2549 233 2638 eules,
257 2548 369 2623 sicuti
395 2547 653 2652 arripuisse,
678 2549 843 2642 interiit3
873 2551 1057 2624 exercitus
1083 2547 1183 2640 eius,
1208 2550 1436 2653 compositus
1465 2575 1510 2624 ex

109 2673 220 2747 variis
239 2673 440 2778 gentibus,
471 2673 604 2747 amisso
624 2671 722 2747 duee
750 2698 795 2747 ac
822 2672 959 2775 passim
989 2671 1121 2746 multis
1155 2672 1226 2746 sibi
1256 2673 1417 2776 quisque
1441 2673 1510 2747 im-

111 2797 260 2898 perium
276 2796 510 2900 petentibus,
532 2796 636 2872 brevi
663 2795 857 2870 dilabitur.
898 2798 955 2870 Ex
984 2821 1028 2870 eo
1052 2821 1214 2872 numero
1238 2795 1359 2887 Medi,
1392 2799 1510 2887 Persoe

111 2935 149 2993 et
171 2920 349 3009 Armeni,
374 2919 535 2994 navibus
556 2920 598 2994 in
618 2919 787 2994 Africam
813 2919 1031 3010 transvecti,
1058 2943 1262 3022 proxumos
1283 2934 1411 2994 nostro
1432 2945 1511 2994 ma·

113 3117 228 3196 busiris.
248 3119 328 3180 Vrst.
342 3139 369 3177 ι.
389 3117 494 3178 Fraus.
514 3115 611 3176 Gusil.
626 3101 752 3182 iasine.
775 3136 800 3174 1.
820 3115 900 3180 Ieid.
914 3115 943 3175 Ιι.
963 3115 1055 3176 Murk.
1069 3129 1098 3181 r.
1120 3116 1261 3178 arborum
1280 3115 1349 3178 Vin.
1364 3136 1391 3176 ι.
1413 3115 1511 3176 Gueli.

114 3223 141 3293 4.
157 3223 243 3284 Bem.
259 3243 284 3282 ι.
305 3222 365 3283 misi
375 3220 622 3302 qun-imerierit
647 3220 730 3284 Laid.
744 3223 765 3278 Ι.
786 3219 952 3278 habuerunt
975 3218 1076 3285 Gueli.
1088 3241 1118 3300 9.
1134 3241 1180 3280 ro.
1197 3241 1242 3284 ra.
1262 3219 1342 3280 Vret.
1360 3239 1385 3284 ι.
1401 3239 1429 3278 a.
1450 3221 1512 3280 ine.

118 3349 142 3387 ι.
162 3338 215 3388 aut
233 3347 291 3407 quo
303 3329 392 3387 modo
409 3326 487 3386 inter
500 3346 529 3388 sc
541 3324 685 3407 penates
696 3323 755 3385 siut
781 3322 843 3384 haee
856 3345 917 3384 om.
934 3324 1017 3383 Cort.
1045 3325 1123 3384 inter
1141 3345 1170 3385 ss
1184 3323 1272 3384 mixti
1285 3323 1343 3386 sint
1363 3324 1459 3382 Senat.
1484 3341 1511 3383 ι.

115 3431 212 3498 Reuss.
230 3432 467 3512 interpretum.
485 3442 535 3494 est.
556 3431 623 3490 nob.
643 3449 706 3489 οιιι.
727 3427 797 3510 Reg.
820 3428 971 3509 interpret.
989 3437 1030 3488 est
1050 3430 1118 3490 nob.
1139 3428 1201 3488 Bas.
1214 3430 1243 3502 4.
1263 3427 1331 3488 Tur.
1352 3437 1513 3507 aequarem

116 3536 226 3604 Febris.
241 3558 267 3597 1.
287 3536 376 3597 dead.
396 3537 456 3601 inc.
471 3557 496 3600 ι.
518 3535 587 3595 Tur.
603 3555 643 3598 m.
655 3554 702 3614 pr.
721 3533 807 3593 bern.
823 3554 848 3593 ι.

194 3665 270 3748 Cap.
285 3667 331 3726 ι8.
356 3663 455 3726 Gabali
472 3665 604 3728 meliores
621 3663 737 3723 Gmteri
756 3673 786 3721 et
802 3661 895 3721 Curtii
911 3659 989 3720 libri.
1018 3658 1114 3740 uipera·
1130 3659 1238 3722 inculti
1255 3660 1352 3722 Gueli.
1370 3681 1415 3722 ra.
1444 3683 1515 3743 quas

118 3793 177 3834 nex
196 3775 237 3833 ita
249 3772 364 3832 Gruter.
385 3770 477 3832 wass
498 3768 644 3830 Commel.
673 3766 771 3826 Psmb.
792 3766 883 3825 Mart.
895 3777 924 3829 r·
939 3777 974 3828 Δ.
993 3765 1056 3823 Bas.
1073 3785 1098 3823 ι.
1120 3763 1205 3826 bern.
1226 3788 1251 3826 1.
1273 3787 1332 3846 ᾳιια
1351 3767 1464 3828 Fabrie.
1489 3790 1514 3828 ι.

116 3879 209 3940 Strui.
228 3879 289 3938 ine.
308 3875 394 3935 Rem.
407 3893 436 3934 ι.
454 3875 594 3937 Vinum.
613 3874 693 3932 Vrat.
708 3869 738 3930 3.
759 3869 843 3928 Bodl.
866 3867 992 3929 Putsehii
1008 3869 1086 3928 libri.
1113 3872 1210 3948 plures
1226 3869 1315 3931 Pelet.
1335 3872 1402 3937 Eec.
1424 3872 1514 3934 lead.

120 4005 159 4042 m.
172 4004 228 4044 see.
249 3981 346 4043 Gueli.
360 3999 387 4040 a.
403 3979 433 4040 3.
449 4002 477 4060 7.
489 3999 518 4060 9.
533 3999 578 4038 ιο.
593 3998 638 4036 ιι.
656 3996 702 4035 ιι.
721 3975 791 4033 Τιιι.
810 3973 934 4033 Βοιιι.3.
954 3973 1016 4040 Bas,
1029 3975 1057 4046 4.
1078 3983 1129 4034 aut
1143 3973 1264 4053 imperio
1279 3974 1340 4035 Bas.
1354 3977 1418 4049 r.4.
1430 3976 1515 4038 Bem.

126 4109 150 4146 ι.
162 4092 191 4150 3.
219 4105 322 4146 omnes
334 4083 415 4150 laid.
448 4081 545 4143 multis
558 4082 613 4143 sibi
625 4081 741 4159 quisquo
766 4080 806 4137 its
826 4080 958 4138 meliores
972 4079 1049 4143 libri.
1070 4080 1187 4159 queisque
1207 4100 1269 4139 οιιι.
1295 4081 1390 4142 Strur.
1410 4079 1516 4144 Franc.

123 4192 218 4252 Gueli.
231 4191 258 4261 4.
271 4212 300 4270 9.
320 4211 365 4249 ιι.
381 4208 427 4248 ιι.
455 4187 536 4246 Laid.
548 4208 578 4268 g.
588 4183 620 4248 h.
630 4205 672 4245 m.
702 4183 783 4246 dravi
791 4183 962 4243 dilabuntur
986 4181 1055 4243 Eue.
1083 4183 1144 4242 Bas.
1160 4205 1185 4244 ι.
1215 4205 1257 4245 ιιι.
1270 4203 1326 4244 sec.
1345 4184 1426 4245 Laid.
1441 4183 1471 4246 b.
1484 4186 1515 4246 d.

124 4297 255 4356 materies
272 4295 340 4354 Ecc.
361 4313 468 4357 muse.
490 4291 587 4352 Guels.
601 4311 646 4354 ιο,
663 4307 760 4349 mcum
775 4288 855 4348 mise.
873 4305 969 4347 ιωιυη
987 4307 1049 4346 οιιι.
1061 4285 1276 4362 Gueli4.'Ece.
1288 4308 1330 4347 m.
1338 4308 1384 4369 pr.
1404 4288 1515 4352 drund.

127 4401 197 4485 Reg.
218 4398 316 4464 Pemb.
337 4419 380 4457 ιιι.
389 4418 436 4482 pr.
455 4395 511 4457 sibi
527 4394 611 4456 bern.
623 4393 653 4455 ὅ.
679 4393 774 4458 Strui.
806 4391 869 4452 alia
880 4390 987 4453 deiende
1001 4391 1064 4453 alia
1079 4390 1145 4453 loca
1164 4393 1227 4456 Βιι.
1243 4413 1268 4456 ι.
1287 4392 1311 4454 F
1311 4391 1399 4456 sbrie.
1418 4393 1516 4461 Strui.
