<?xml version="1.0" encoding="UTF-8"?>
<!DOCTYPE html PUBLIC "-//W3C//DTD XHTML 1.0 Transitional//EN"
    "http://www.w3.org/TR/xhtml1/DTD/xhtml1-transitional.dtd">
<html xmlns="http://www.w3.org/1999/xhtml" xml:lang="en" lang="en">
 <head>
  <title>
</title>
<meta http-equiv="Content-Type" content="text/html;charset=utf-8" />
  <meta name='ocr-system' content='tesseract 3.04.00' />
  <meta name='ocr-capabilities' content='ocr_page ocr_carea ocr_par ocr_line ocrx_word'/>
</head>
<body>
  <div class='ocr_page' id='page_1' title='image "./salustiiquaeexs00sallgoog_0729.png"; bbox 0 0 4050 5009; ppageno 0'>
   <div class='ocr_carea' id='block_1_1' title="bbox 1522 434 1594 510">
    <p class='ocr_par' dir='ltr' id='par_1_1' title="bbox 1522 434 1594 510">
     <span class='ocr_line' id='line_1_1' title="bbox 1522 434 1594 510; baseline 0.042 -28"><span class='ocrx_word' id='word_1_1' title='bbox 1522 434 1594 510; x_wconf 80' lang='lat'><strong>2¹7</strong></span> 
     </span>
    </p>
   </div>
   <div class='ocr_carea' id='block_1_2' title="bbox 82 567 1692 3669">
    <p class='ocr_par' dir='ltr' id='par_1_2' title="bbox 82 567 1692 3669">
     <span class='ocr_line' id='line_1_2' title="bbox 196 567 1596 692; baseline 0.013 -46"><span class='ocrx_word' id='word_1_2' title='bbox 196 567 359 669; x_wconf 80' lang='lat' dir='ltr'><strong>vidistis,</strong></span> <span class='ocrx_word' id='word_1_3' title='bbox 383 595 423 657; x_wconf 90' lang='lat' dir='ltr'><strong>et</strong></span> <span class='ocrx_word' id='word_1_4' title='bbox 442 582 642 687; x_wconf 85' lang='lat' dir='ltr'><strong>sepulchra</strong></span> <span class='ocrx_word' id='word_1_5' title='bbox 667 580 806 661; x_wconf 79' lang='lat' dir='ltr'><strong>infecta</strong></span> <span class='ocrx_word' id='word_1_6' title='bbox 833 582 1019 690; x_wconf 73' lang='lat' dir='ltr'><strong>sauguine</strong></span> <span class='ocrx_word' id='word_1_7' title='bbox 1036 580 1149 659; x_wconf 83' lang='lat' dir='ltr'><strong>cirili</strong></span> <span class='ocrx_word' id='word_1_8' title='bbox 1184 584 1301 661; x_wconf 71' lang='lat' dir='ltr'><strong>Estne</strong></span> <span class='ocrx_word' id='word_1_9' title='bbox 1328 584 1419 663; x_wconf 85' lang='lat' dir='ltr'><strong>viris</strong></span> <span class='ocrx_word' id='word_1_10' title='bbox 1454 586 1596 692; x_wconf 83' lang='lat' dir='ltr'><strong>reliqui</strong></span> 
     </span>
     <span class='ocr_line' id='line_1_3' title="bbox 193 693 1595 815; baseline 0.004 -30"><span class='ocrx_word' id='word_1_11' title='bbox 193 693 323 791; x_wconf 64' lang='lat' dir='ltr'><strong>allud,</strong></span> <span class='ocrx_word' id='word_1_12' title='bbox 349 730 468 807; x_wconf 79' lang='lat' dir='ltr'><strong>quam</strong></span> <span class='ocrx_word' id='word_1_13' title='bbox 491 708 632 785; x_wconf 83' lang='lat' dir='ltr'><strong>solvere</strong></span> <span class='ocrx_word' id='word_1_14' title='bbox 654 708 837 785; x_wconf 87' lang='lat' dir='ltr'><strong>iniuriam</strong></span> <span class='ocrx_word' id='word_1_15' title='bbox 862 724 931 785; x_wconf 88' lang='lat' dir='ltr'><strong>aut</strong></span> <span class='ocrx_word' id='word_1_16' title='bbox 952 707 1051 785; x_wconf 84' lang='lat' dir='ltr'><strong>mori</strong></span> <span class='ocrx_word' id='word_1_17' title='bbox 1073 733 1143 811; x_wconf 85' lang='lat' dir='ltr'><strong>per</strong></span> <span class='ocrx_word' id='word_1_18' title='bbox 1170 707 1376 786; x_wconf 74' lang='lat' dir='ltr'><strong>virtutem?</strong></span> <span class='ocrx_word' id='word_1_19' title='bbox 1408 712 1595 815; x_wconf 84' lang='lat' dir='ltr'><strong>quoniam</strong></span> 
     </span>
     <span class='ocr_line' id='line_1_4' title="bbox 84 819 1593 938; baseline 0.011 -39"><span class='ocrx_word' id='word_1_20' title='bbox 84 876 85 899; x_wconf 49' lang='lat' dir='ltr'><strong>r</strong></span> <span class='ocrx_word' id='word_1_21' title='bbox 190 819 353 921; x_wconf 82' lang='lat' dir='ltr'><strong>quidem</strong></span> <span class='ocrx_word' id='word_1_22' title='bbox 373 854 499 907; x_wconf 88' lang='lat' dir='ltr'><strong>uuum</strong></span> <span class='ocrx_word' id='word_1_23' title='bbox 518 831 696 909; x_wconf 84' lang='lat' dir='ltr'><strong>omnibus</strong></span> <span class='ocrx_word' id='word_1_24' title='bbox 716 830 833 907; x_wconf 86' lang='lat' dir='ltr'><strong>finem</strong></span> <span class='ocrx_word' id='word_1_25' title='bbox 851 846 991 907; x_wconf 88' lang='lat' dir='ltr'><strong>natura</strong></span> <span class='ocrx_word' id='word_1_26' title='bbox 1011 829 1071 907; x_wconf 82' lang='lat' dir='ltr'><strong>rel</strong></span> <span class='ocrx_word' id='word_1_27' title='bbox 1089 830 1189 907; x_wconf 80' lang='lat' dir='ltr'><strong>ferro</strong></span> <span class='ocrx_word' id='word_1_28' title='bbox 1207 832 1321 938; x_wconf 81' lang='lat' dir='ltr'><strong>teptis</strong></span> <span class='ocrx_word' id='word_1_29' title='bbox 1338 834 1500 911; x_wconf 76' lang='lat' dir='ltr'><strong>statuit:</strong></span> <span class='ocrx_word' id='word_1_30' title='bbox 1527 864 1593 915; x_wconf 83' lang='lat' dir='ltr'><strong>uo·</strong></span> 
     </span>
     <span class='ocr_line' id='line_1_5' title="bbox 84 950 1593 1057; baseline 0.007 -30"><span class='ocrx_word' id='word_1_31' title='bbox 84 972 85 1027; x_wconf 60' lang='lat'><em>³</em></span> <span class='ocrx_word' id='word_1_32' title='bbox 187 968 270 1047; x_wconf 79' lang='lat' dir='ltr'><strong>que</strong></span> <span class='ocrx_word' id='word_1_33' title='bbox 292 950 498 1057; x_wconf 81' lang='lat' dir='ltr'><strong>quisquam</strong></span> <span class='ocrx_word' id='word_1_34' title='bbox 519 972 725 1033; x_wconf 78' lang='lat' dir='ltr'><strong>extremm</strong></span> <span class='ocrx_word' id='word_1_35' title='bbox 754 954 1010 1033; x_wconf 79' lang='lat' dir='ltr'><strong>neeeuiutem</strong></span> <span class='ocrx_word' id='word_1_36' title='bbox 1037 952 1140 1030; x_wconf 85' lang='lat' dir='ltr'><strong>nihil</strong></span> <span class='ocrx_word' id='word_1_37' title='bbox 1160 981 1293 1049; x_wconf 77' lang='lat' dir='ltr'><strong>amus,</strong></span> <span class='ocrx_word' id='word_1_38' title='bbox 1315 957 1390 1033; x_wconf 80' lang='lat' dir='ltr'><strong>nisi</strong></span> <span class='ocrx_word' id='word_1_39' title='bbox 1412 958 1593 1038; x_wconf 79' lang='lat' dir='ltr'>muliebri</span> 
     </span>
     <span class='ocr_line' id='line_1_6' title="bbox 83 1066 1594 1190; baseline 0.009 -42"><span class='ocrx_word' id='word_1_40' title='bbox 83 1150 85 1161; x_wconf 71' lang='grc'><strong>,</strong></span> <span class='ocrx_word' id='word_1_41' title='bbox 186 1066 364 1175; x_wconf 75' lang='lat' dir='ltr'><strong>ingenio,</strong></span> <span class='ocrx_word' id='word_1_42' title='bbox 387 1096 583 1185; x_wconf 77' lang='lat' dir='ltr'><strong>exspectat</strong></span> <span class='ocrx_word' id='word_1_43' title='bbox 616 1083 763 1157; x_wconf 89' lang='lat' dir='ltr'><strong>Verum</strong></span> <span class='ocrx_word' id='word_1_44' title='bbox 783 1105 851 1184; x_wconf 80' lang='lat' dir='ltr'><strong>ego</strong></span> <span class='ocrx_word' id='word_1_45' title='bbox 869 1077 1086 1169; x_wconf 80' lang='lat' dir='ltr'><strong>seditiosae,</strong></span> <span class='ocrx_word' id='word_1_46' title='bbox 1107 1078 1169 1155; x_wconf 89' lang='lat' dir='ltr'><strong>uti</strong></span> <span class='ocrx_word' id='word_1_47' title='bbox 1186 1078 1294 1155; x_wconf 86' lang='lat' dir='ltr'><strong>Sulla</strong></span> <span class='ocrx_word' id='word_1_48' title='bbox 1313 1081 1391 1172; x_wconf 89' lang='lat' dir='ltr'><strong>ait,</strong></span> <span class='ocrx_word' id='word_1_49' title='bbox 1414 1082 1594 1190; x_wconf 85' lang='lat' dir='ltr'><strong>quiproe·</strong></span> 
     </span>
     <span class='ocr_line' id='line_1_7' title="bbox 83 1194 1593 1315; baseline 0.012 -47"><span class='ocrx_word' id='word_1_50' title='bbox 83 1212 84 1259; x_wconf 69' lang='lat' dir='ltr'><strong>l</strong></span> <span class='ocrx_word' id='word_1_51' title='bbox 184 1194 269 1271; x_wconf 81' lang='lat' dir='ltr'><strong>mia</strong></span> <span class='ocrx_word' id='word_1_52' title='bbox 290 1200 495 1281; x_wconf 83' lang='lat' dir='ltr'><strong>turbarum</strong></span> <span class='ocrx_word' id='word_1_53' title='bbox 516 1229 677 1309; x_wconf 83' lang='lat' dir='ltr'><strong>queror3</strong></span> <span class='ocrx_word' id='word_1_54' title='bbox 702 1220 741 1280; x_wconf 88' lang='lat' dir='ltr'><strong>et</strong></span> <span class='ocrx_word' id='word_1_55' title='bbox 765 1202 910 1279; x_wconf 88' lang='lat' dir='ltr'><strong>bellum</strong></span> <span class='ocrx_word' id='word_1_56' title='bbox 933 1202 1109 1306; x_wconf 83' lang='lat' dir='ltr'><strong>cupiens,</strong></span> <span class='ocrx_word' id='word_1_57' title='bbox 1134 1203 1203 1305; x_wconf 92' lang='lat' dir='ltr'><strong>qui</strong></span> <span class='ocrx_word' id='word_1_58' title='bbox 1227 1202 1312 1279; x_wconf 90' lang='lat' dir='ltr'><strong>iura</strong></span> <span class='ocrx_word' id='word_1_59' title='bbox 1330 1207 1435 1309; x_wconf 83' lang='lat' dir='ltr'><strong>pacis</strong></span> <span class='ocrx_word' id='word_1_60' title='bbox 1453 1226 1593 1315; x_wconf 82' lang='lat' dir='ltr'>repeto.</span> 
     </span>
     <span class='ocr_line' id='line_1_8' title="bbox 83 1319 1591 1431; baseline 0.013 -37"><span class='ocrx_word' id='word_1_61' title='bbox 83 1408 84 1415; x_wconf 6' lang='grc' dir='ltr'>ἵ</span> <span class='ocrx_word' id='word_1_62' title='bbox 183 1319 363 1415; x_wconf 82' lang='lat' dir='ltr'>Scilicet,</span> <span class='ocrx_word' id='word_1_63' title='bbox 387 1326 480 1429; x_wconf 87' lang='lat' dir='ltr'><strong>quia</strong></span> <span class='ocrx_word' id='word_1_64' title='bbox 500 1354 581 1405; x_wconf 88' lang='lat' dir='ltr'><strong>non</strong></span> <span class='ocrx_word' id='word_1_65' title='bbox 597 1326 709 1405; x_wconf 85' lang='lat' dir='ltr'><strong>aliter</strong></span> <span class='ocrx_word' id='word_1_66' title='bbox 733 1326 829 1405; x_wconf 82' lang='lat' dir='ltr'><strong>salvi</strong></span> <span class='ocrx_word' id='word_1_67' title='bbox 846 1325 1011 1431; x_wconf 86' lang='lat' dir='ltr'><strong>satisque</strong></span> <span class='ocrx_word' id='word_1_68' title='bbox 1031 1326 1106 1401; x_wconf 89' lang='lat' dir='ltr'><strong>tuti</strong></span> <span class='ocrx_word' id='word_1_69' title='bbox 1125 1325 1168 1402; x_wconf 91' lang='lat' dir='ltr'><strong>in</strong></span> <span class='ocrx_word' id='word_1_70' title='bbox 1190 1326 1351 1431; x_wconf 85' lang='lat' dir='ltr'><strong>imperio</strong></span> <span class='ocrx_word' id='word_1_71' title='bbox 1370 1330 1492 1424; x_wconf 88' lang='lat' dir='ltr'><strong>eritis,</strong></span> <span class='ocrx_word' id='word_1_72' title='bbox 1515 1335 1591 1413; x_wconf 80' lang='lat' dir='ltr'><strong>nisi</strong></span> 
     </span>
     <span class='ocr_line' id='line_1_9' title="bbox 83 1420 1591 1561; baseline 0.005 -42"><span class='ocrx_word' id='word_1_73' title='bbox 83 1420 85 1545; x_wconf 59' lang='lat' dir='ltr'><strong>l</strong></span> <span class='ocrx_word' id='word_1_74' title='bbox 185 1444 342 1522; x_wconf 84' lang='lat' dir='ltr'><strong>Vettius</strong></span> <span class='ocrx_word' id='word_1_75' title='bbox 352 1448 482 1543; x_wconf 80' lang='lat' dir='ltr'><strong>Pirene</strong></span> <span class='ocrx_word' id='word_1_76' title='bbox 500 1469 539 1528; x_wconf 93' lang='lat' dir='ltr'><strong>et</strong></span> <span class='ocrx_word' id='word_1_77' title='bbox 557 1451 681 1529; x_wconf 82' lang='lat' dir='ltr'><strong>scriba</strong></span> <span class='ocrx_word' id='word_1_78' title='bbox 692 1449 908 1541; x_wconf 88' lang='lat' dir='ltr'><strong>Cornelius,</strong></span> <span class='ocrx_word' id='word_1_79' title='bbox 925 1449 1171 1553; x_wconf 28' lang='lat' dir='ltr'><strong>aliena-bene</strong></span> <span class='ocrx_word' id='word_1_80' title='bbox 1186 1467 1319 1554; x_wconf 84' lang='lat' dir='ltr'><strong>parata</strong></span> <span class='ocrx_word' id='word_1_81' title='bbox 1332 1452 1591 1561; x_wconf 77' lang='lat' dir='ltr'><strong>prodegerint:</strong></span> 
     </span>
     <span class='ocr_line' id='line_1_10' title="bbox 184 1568 1590 1681; baseline 0.011 -38"><span class='ocrx_word' id='word_1_82' title='bbox 184 1568 263 1645; x_wconf 82' lang='lat' dir='ltr'><strong>nisi</strong></span> <span class='ocrx_word' id='word_1_83' title='bbox 284 1572 539 1677; x_wconf 86' lang='lat' dir='ltr'><strong>adprobaritis</strong></span> <span class='ocrx_word' id='word_1_84' title='bbox 570 1602 699 1653; x_wconf 83' lang='lat' dir='ltr'><strong>omnes</strong></span> <span class='ocrx_word' id='word_1_85' title='bbox 729 1572 1045 1681; x_wconf 69' lang='lat' dir='ltr'><strong>proscriptionem</strong></span> <span class='ocrx_word' id='word_1_86' title='bbox 1069 1574 1317 1653; x_wconf 86' lang='lat' dir='ltr'><strong>innoxiorum</strong></span> <span class='ocrx_word' id='word_1_87' title='bbox 1342 1579 1391 1653; x_wconf 88' lang='lat' dir='ltr'><strong>ob</strong></span> <span class='ocrx_word' id='word_1_88' title='bbox 1419 1580 1590 1660; x_wconf 68' lang='lat' dir='ltr'><strong>divitiasv</strong></span> 
     </span>
     <span class='ocr_line' id='line_1_11' title="bbox 185 1694 1589 1805; baseline 0.011 -39"><span class='ocrx_word' id='word_1_89' title='bbox 185 1694 384 1771; x_wconf 85' lang='lat' dir='ltr'><strong>cruciatus</strong></span> <span class='ocrx_word' id='word_1_90' title='bbox 414 1696 587 1775; x_wconf 84' lang='lat' dir='ltr'><strong>virorum</strong></span> <span class='ocrx_word' id='word_1_91' title='bbox 618 1699 849 1787; x_wconf 81' lang='lat' dir='ltr'><strong>illustrium,</strong></span> <span class='ocrx_word' id='word_1_92' title='bbox 890 1713 1034 1773; x_wconf 85' lang='lat' dir='ltr'><strong>vastam</strong></span> <span class='ocrx_word' id='word_1_93' title='bbox 1062 1700 1199 1774; x_wconf 91' lang='lat' dir='ltr'><strong>urbem</strong></span> <span class='ocrx_word' id='word_1_94' title='bbox 1221 1698 1311 1805; x_wconf 74' lang='lat' dir='ltr'><strong>fuga</strong></span> <span class='ocrx_word' id='word_1_95' title='bbox 1338 1718 1377 1777; x_wconf 89' lang='lat' dir='ltr'><strong>et</strong></span> <span class='ocrx_word' id='word_1_96' title='bbox 1404 1704 1589 1797; x_wconf 70' lang='lat' dir='ltr'><strong>oedibus,</strong></span> 
     </span>
     <span class='ocr_line' id='line_1_12' title="bbox 84 1816 1589 1925; baseline 0.012 -35"><span class='ocrx_word' id='word_1_97' title='bbox 84 1862 85 1909; x_wconf 55' lang='lat'><strong>,</strong></span> <span class='ocrx_word' id='word_1_98' title='bbox 187 1816 294 1893; x_wconf 86' lang='lat' dir='ltr'><strong>bona</strong></span> <span class='ocrx_word' id='word_1_99' title='bbox 309 1819 452 1897; x_wconf 83' lang='lat' dir='ltr'><strong>civium</strong></span> <span class='ocrx_word' id='word_1_100' title='bbox 462 1822 685 1899; x_wconf 86' lang='lat' dir='ltr'><strong>miserorum</strong></span> <span class='ocrx_word' id='word_1_101' title='bbox 704 1820 812 1925; x_wconf 71' lang='lat' dir='ltr'><strong>quusi</strong></span> <span class='ocrx_word' id='word_1_102' title='bbox 822 1820 1053 1897; x_wconf 86' lang='lat' dir='ltr'><strong>Cimbricam</strong></span> <span class='ocrx_word' id='word_1_103' title='bbox 1067 1821 1237 1924; x_wconf 78' lang='lat' dir='ltr'><strong>puedam</strong></span> <span class='ocrx_word' id='word_1_104' title='bbox 1247 1849 1388 1900; x_wconf 84' lang='lat' dir='ltr'><strong>renum</strong></span> <span class='ocrx_word' id='word_1_105' title='bbox 1404 1845 1474 1904; x_wconf 87' lang='lat' dir='ltr'><strong>aut</strong></span> <span class='ocrx_word' id='word_1_106' title='bbox 1487 1830 1589 1907; x_wconf 87' lang='lat' dir='ltr'><strong>dono</strong></span> 
     </span>
     <span class='ocr_line' id='line_1_13' title="bbox 186 1938 1589 2057; baseline 0.012 -42"><span class='ocrx_word' id='word_1_107' title='bbox 186 1938 331 2019; x_wconf 87' lang='lat' dir='ltr'><strong>datam.</strong></span> <span class='ocrx_word' id='word_1_108' title='bbox 356 1948 408 2021; x_wconf 83' lang='lat' dir='ltr'><strong>At</strong></span> <span class='ocrx_word' id='word_1_109' title='bbox 424 1948 588 2022; x_wconf 85' lang='lat' dir='ltr'><strong>obiectat</strong></span> <span class='ocrx_word' id='word_1_110' title='bbox 598 1945 696 2021; x_wconf 89' lang='lat' dir='ltr'><strong>mihi</strong></span> <span class='ocrx_word' id='word_1_111' title='bbox 709 1944 1006 2051; x_wconf 81' lang='lat' dir='ltr'><strong>possessionesex</strong></span> <span class='ocrx_word' id='word_1_112' title='bbox 1019 1944 1130 2019; x_wconf 86' lang='lat' dir='ltr'><strong>bonis</strong></span> <span class='ocrx_word' id='word_1_113' title='bbox 1144 1945 1463 2051; x_wconf 80' lang='lat' dir='ltr'><strong>proscriptorum:</strong></span> <span class='ocrx_word' id='word_1_114' title='bbox 1484 1955 1589 2057; x_wconf 90' lang='lat' dir='ltr'><strong>quod</strong></span> 
     </span>
     <span class='ocr_line' id='line_1_14' title="bbox 187 2066 1588 2180; baseline -0.003 -37"><span class='ocrx_word' id='word_1_115' title='bbox 187 2066 351 2167; x_wconf 85' lang='lat' dir='ltr'><strong>quidem</strong></span> <span class='ocrx_word' id='word_1_116' title='bbox 366 2070 552 2147; x_wconf 85' lang='lat' dir='ltr'><strong>scelerum</strong></span> <span class='ocrx_word' id='word_1_117' title='bbox 575 2070 678 2145; x_wconf 84' lang='lat' dir='ltr'><strong>illius</strong></span> <span class='ocrx_word' id='word_1_118' title='bbox 698 2068 757 2145; x_wconf 85' lang='lat' dir='ltr'><strong>vel</strong></span> <span class='ocrx_word' id='word_1_119' title='bbox 777 2092 1002 2143; x_wconf 84' lang='lat' dir='ltr'><strong>maxumum</strong></span> <span class='ocrx_word' id='word_1_120' title='bbox 1024 2082 1098 2159; x_wconf 86' lang='lat' dir='ltr'><strong>eat,</strong></span> <span class='ocrx_word' id='word_1_121' title='bbox 1122 2094 1203 2143; x_wconf 89' lang='lat' dir='ltr'><strong>non</strong></span> <span class='ocrx_word' id='word_1_122' title='bbox 1224 2094 1284 2145; x_wconf 88' lang='lat' dir='ltr'><strong>me</strong></span> <span class='ocrx_word' id='word_1_123' title='bbox 1312 2098 1437 2177; x_wconf 86' lang='lat' dir='ltr'><strong>neque</strong></span> <span class='ocrx_word' id='word_1_124' title='bbox 1457 2104 1588 2180; x_wconf 69' lang='lat' dir='ltr'><strong>quem.</strong></span> 
     </span>
     <span class='ocr_line' id='line_1_15' title="bbox 188 2190 1588 2301; baseline 0.007 -35"><span class='ocrx_word' id='word_1_125' title='bbox 188 2215 311 2292; x_wconf 88' lang='lat' dir='ltr'><strong>quam</strong></span> <span class='ocrx_word' id='word_1_126' title='bbox 330 2194 505 2269; x_wconf 91' lang='lat' dir='ltr'><strong>omnium</strong></span> <span class='ocrx_word' id='word_1_127' title='bbox 525 2192 614 2269; x_wconf 85' lang='lat' dir='ltr'><strong>satis</strong></span> <span class='ocrx_word' id='word_1_128' title='bbox 641 2208 769 2269; x_wconf 90' lang='lat' dir='ltr'><strong>tutum</strong></span> <span class='ocrx_word' id='word_1_129' title='bbox 789 2190 917 2280; x_wconf 82' lang='lat' dir='ltr'><strong>fuisse,</strong></span> <span class='ocrx_word' id='word_1_130' title='bbox 940 2190 1092 2267; x_wconf 84' lang='lat' dir='ltr'><strong>sirecte</strong></span> <span class='ocrx_word' id='word_1_131' title='bbox 1112 2190 1327 2269; x_wconf 83' lang='lat' dir='ltr'><strong>faoeremue.</strong></span> <span class='ocrx_word' id='word_1_132' title='bbox 1364 2200 1490 2301; x_wconf 81' lang='lat' dir='ltr'><strong>Atque</strong></span> <span class='ocrx_word' id='word_1_133' title='bbox 1511 2201 1588 2295; x_wconf 84' lang='lat' dir='ltr'><strong>illa,</strong></span> 
     </span>
     <span class='ocr_line' id='line_1_16' title="bbox 187 2315 1588 2417; baseline 0.006 -25"><span class='ocrx_word' id='word_1_134' title='bbox 187 2338 276 2415; x_wconf 81' lang='lat' dir='ltr'><strong>quae</strong></span> <span class='ocrx_word' id='word_1_135' title='bbox 301 2333 388 2393; x_wconf 90' lang='lat' dir='ltr'><strong>tum</strong></span> <span class='ocrx_word' id='word_1_136' title='bbox 411 2316 617 2395; x_wconf 86' lang='lat' dir='ltr'><strong>formidine</strong></span> <span class='ocrx_word' id='word_1_137' title='bbox 645 2330 831 2397; x_wconf 78' lang='lat' dir='ltr'><strong>mercatus</strong></span> <span class='ocrx_word' id='word_1_138' title='bbox 855 2338 960 2403; x_wconf 86' lang='lat' dir='ltr'><strong>sum,</strong></span> <span class='ocrx_word' id='word_1_139' title='bbox 994 2316 1133 2417; x_wconf 85' lang='lat' dir='ltr'><strong>pretio,</strong></span> <span class='ocrx_word' id='word_1_140' title='bbox 1159 2315 1284 2394; x_wconf 84' lang='lat' dir='ltr'><strong>soluto</strong></span> <span class='ocrx_word' id='word_1_141' title='bbox 1308 2316 1401 2411; x_wconf 79' lang='lat' dir='ltr'><strong>iure,</strong></span> <span class='ocrx_word' id='word_1_142' title='bbox 1423 2321 1588 2403; x_wconf 84' lang='lat' dir='ltr'><strong>dominia</strong></span> 
     </span>
     <span class='ocr_line' id='line_1_17' title="bbox 191 2435 1587 2553; baseline 0.009 -38"><span class='ocrx_word' id='word_1_143' title='bbox 191 2454 324 2519; x_wconf 86' lang='lat' dir='ltr'><strong>tamen</strong></span> <span class='ocrx_word' id='word_1_144' title='bbox 342 2441 499 2526; x_wconf 81' lang='lat' dir='ltr'><strong>restituo</strong></span> <span class='ocrx_word' id='word_1_145' title='bbox 518 2464 536 2518; x_wconf 75' lang='lat' dir='ltr'><strong>z·</strong></span> <span class='ocrx_word' id='word_1_146' title='bbox 554 2466 679 2543; x_wconf 88' lang='lat' dir='ltr'><strong>neque</strong></span> <span class='ocrx_word' id='word_1_147' title='bbox 698 2437 779 2543; x_wconf 88' lang='lat' dir='ltr'><strong>pati</strong></span> <span class='ocrx_word' id='word_1_148' title='bbox 799 2435 1002 2513; x_wconf 85' lang='lat' dir='ltr'><strong>consilium</strong></span> <span class='ocrx_word' id='word_1_149' title='bbox 1023 2453 1094 2528; x_wconf 87' lang='lat' dir='ltr'><strong>est,</strong></span> <span class='ocrx_word' id='word_1_150' title='bbox 1117 2438 1239 2514; x_wconf 90' lang='lat' dir='ltr'><strong>ullam</strong></span> <span class='ocrx_word' id='word_1_151' title='bbox 1262 2466 1308 2516; x_wconf 86' lang='lat' dir='ltr'><strong>ex</strong></span> <span class='ocrx_word' id='word_1_152' title='bbox 1326 2442 1471 2522; x_wconf 81' lang='lat' dir='ltr'><strong>civibus</strong></span> <span class='ocrx_word' id='word_1_153' title='bbox 1491 2474 1587 2553; x_wconf 82' lang='lat' dir='ltr'><strong>prte-</strong></span> 
     </span>
     <span class='ocr_line' id='line_1_18' title="bbox 190 2557 1585 2663; baseline 0.006 -22"><span class='ocrx_word' id='word_1_154' title='bbox 190 2563 282 2641; x_wconf 87' lang='lat' dir='ltr'><strong>dam</strong></span> <span class='ocrx_word' id='word_1_155' title='bbox 307 2590 392 2643; x_wconf 87' lang='lat' dir='ltr'><strong>esse.</strong></span> <span class='ocrx_word' id='word_1_156' title='bbox 442 2564 537 2641; x_wconf 85' lang='lat' dir='ltr'><strong>Satis</strong></span> <span class='ocrx_word' id='word_1_157' title='bbox 561 2562 628 2640; x_wconf 88' lang='lat' dir='ltr'><strong>illa</strong></span> <span class='ocrx_word' id='word_1_158' title='bbox 657 2560 833 2651; x_wconf 76' lang='lat' dir='ltr'><strong>fuerint,</strong></span> <span class='ocrx_word' id='word_1_159' title='bbox 859 2584 945 2663; x_wconf 77' lang='lat' dir='ltr'><strong>quae</strong></span> <span class='ocrx_word' id='word_1_160' title='bbox 974 2557 1081 2635; x_wconf 84' lang='lat' dir='ltr'><strong>rabie</strong></span> <span class='ocrx_word' id='word_1_161' title='bbox 1103 2576 1298 2638; x_wconf 81' lang='lat' dir='ltr'><strong>contracta</strong></span> <span class='ocrx_word' id='word_1_162' title='bbox 1329 2563 1585 2663; x_wconf 72' lang='lat' dir='ltr'><strong>toleravimus,</strong></span> 
     </span>
     <span class='ocr_line' id='line_1_19' title="bbox 189 2670 1692 2774; baseline 0.006 -9"><span class='ocrx_word' id='word_1_163' title='bbox 189 2670 331 2767; x_wconf 71' lang='lat' dir='ltr'><strong>mamus</strong></span> <span class='ocrx_word' id='word_1_164' title='bbox 353 2704 587 2767; x_wconf 82' lang='lat' dir='ltr'><strong>conserentes</strong></span> <span class='ocrx_word' id='word_1_165' title='bbox 604 2687 705 2763; x_wconf 85' lang='lat' dir='ltr'><strong>inter</strong></span> <span class='ocrx_word' id='word_1_166' title='bbox 722 2710 760 2761; x_wconf 88' lang='lat' dir='ltr'><strong>se</strong></span> <span class='ocrx_word' id='word_1_167' title='bbox 784 2674 974 2760; x_wconf 83' lang='lat' dir='ltr'><strong>Romanos</strong></span> <span class='ocrx_word' id='word_1_168' title='bbox 988 2682 1190 2773; x_wconf 76' lang='lat' dir='ltr'><strong>exereitus,</strong></span> <span class='ocrx_word' id='word_1_169' title='bbox 1214 2702 1254 2761; x_wconf 88' lang='lat' dir='ltr'><strong>et</strong></span> <span class='ocrx_word' id='word_1_170' title='bbox 1272 2712 1378 2765; x_wconf 86' lang='lat' dir='ltr'><strong>arma</strong></span> <span class='ocrx_word' id='word_1_171' title='bbox 1397 2693 1447 2768; x_wconf 88' lang='lat' dir='ltr'><strong>ab</strong></span> <span class='ocrx_word' id='word_1_172' title='bbox 1466 2712 1587 2774; x_wconf 84' lang='lat' dir='ltr'><strong>exter-</strong></span> <span class='ocrx_word' id='word_1_173' title='bbox 1688 2674 1692 2679; x_wconf 26' lang='lat'>⁸</span> 
     </span>
     <span class='ocr_line' id='line_1_20' title="bbox 190 2805 1586 2899; baseline 0 -8"><span class='ocrx_word' id='word_1_174' title='bbox 190 2816 250 2893; x_wconf 85' lang='lat' dir='ltr'><strong>nis</strong></span> <span class='ocrx_word' id='word_1_175' title='bbox 270 2814 316 2891; x_wconf 89' lang='lat' dir='ltr'><strong>in</strong></span> <span class='ocrx_word' id='word_1_176' title='bbox 347 2830 494 2891; x_wconf 73' lang='lat' dir='ltr'><strong>uosmet</strong></span> <span class='ocrx_word' id='word_1_177' title='bbox 513 2836 630 2889; x_wconf 76' lang='lat' dir='ltr'><strong>uorsa.</strong></span> <span class='ocrx_word' id='word_1_178' title='bbox 680 2806 871 2885; x_wconf 88' lang='lat' dir='ltr'><strong>Soelerum</strong></span> <span class='ocrx_word' id='word_1_179' title='bbox 895 2823 934 2883; x_wconf 89' lang='lat' dir='ltr'><strong>et</strong></span> <span class='ocrx_word' id='word_1_180' title='bbox 955 2805 1276 2884; x_wconf 88' lang='lat' dir='ltr'><strong>contumeliarum</strong></span> <span class='ocrx_word' id='word_1_181' title='bbox 1300 2815 1476 2895; x_wconf 85' lang='lat' dir='ltr'><strong>omnium</strong></span> <span class='ocrx_word' id='word_1_182' title='bbox 1497 2818 1586 2899; x_wconf 72' lang='lat' dir='ltr'><strong>finis</strong></span> 
     </span>
     <span class='ocr_line' id='line_1_21' title="bbox 189 2929 1586 3043; baseline -0.004 -30"><span class='ocrx_word' id='word_1_183' title='bbox 189 2940 245 3015; x_wconf 84' lang='lat' dir='ltr'><strong>sit</strong></span> <span class='ocrx_word' id='word_1_184' title='bbox 297 2938 478 3037; x_wconf 87' lang='lat' dir='ltr'><strong>Quorum</strong></span> <span class='ocrx_word' id='word_1_185' title='bbox 496 2936 591 3013; x_wconf 87' lang='lat' dir='ltr'><strong>adeo</strong></span> <span class='ocrx_word' id='word_1_186' title='bbox 606 2934 753 3011; x_wconf 78' lang='lat' dir='ltr'><strong>Sullam</strong></span> <span class='ocrx_word' id='word_1_187' title='bbox 769 2957 851 3008; x_wconf 87' lang='lat' dir='ltr'><strong>non</strong></span> <span class='ocrx_word' id='word_1_188' title='bbox 868 2929 1053 3035; x_wconf 88' lang='lat' dir='ltr'><strong>poenitet,</strong></span> <span class='ocrx_word' id='word_1_189' title='bbox 1068 2945 1115 3006; x_wconf 90' lang='lat' dir='ltr'><strong>ut</strong></span> <span class='ocrx_word' id='word_1_190' title='bbox 1129 2945 1170 3007; x_wconf 89' lang='lat' dir='ltr'><strong>et</strong></span> <span class='ocrx_word' id='word_1_191' title='bbox 1187 2930 1288 3009; x_wconf 85' lang='lat' dir='ltr'><strong>faeta</strong></span> <span class='ocrx_word' id='word_1_192' title='bbox 1313 2935 1357 3013; x_wconf 90' lang='lat' dir='ltr'><strong>in</strong></span> <span class='ocrx_word' id='word_1_193' title='bbox 1373 2936 1494 3043; x_wconf 77' lang='lat' dir='ltr'><strong>gloria</strong></span> <span class='ocrx_word' id='word_1_194' title='bbox 1511 2972 1586 3022; x_wconf 78' lang='lat' dir='ltr'><strong>nu.</strong></span> 
     </span>
     <span class='ocr_line' id='line_1_22' title="bbox 190 3054 1587 3160; baseline -0.001 -21"><span class='ocrx_word' id='word_1_195' title='bbox 190 3077 332 3151; x_wconf 89' lang='lat' dir='ltr'><strong>meret,</strong></span> <span class='ocrx_word' id='word_1_196' title='bbox 357 3076 412 3153; x_wconf 88' lang='lat' dir='ltr'><strong>et,</strong></span> <span class='ocrx_word' id='word_1_197' title='bbox 436 3061 467 3137; x_wconf 84' lang='lat' dir='ltr'><strong>ei</strong></span> <span class='ocrx_word' id='word_1_198' title='bbox 493 3060 621 3151; x_wconf 84' lang='lat' dir='ltr'><strong>liceat,</strong></span> <span class='ocrx_word' id='word_1_199' title='bbox 646 3057 791 3134; x_wconf 87' lang='lat' dir='ltr'><strong>avidius</strong></span> <span class='ocrx_word' id='word_1_200' title='bbox 808 3055 948 3133; x_wconf 82' lang='lat' dir='ltr'><strong>feeerit.</strong></span> <span class='ocrx_word' id='word_1_201' title='bbox 996 3056 1128 3158; x_wconf 86' lang='lat' dir='ltr'><strong>Neque</strong></span> <span class='ocrx_word' id='word_1_202' title='bbox 1148 3054 1226 3132; x_wconf 87' lang='lat' dir='ltr'><strong>iam</strong></span> <span class='ocrx_word' id='word_1_203' title='bbox 1243 3056 1339 3160; x_wconf 91' lang='lat' dir='ltr'><strong>quid</strong></span> <span class='ocrx_word' id='word_1_204' title='bbox 1356 3062 1587 3147; x_wconf 63' lang='lat' dir='ltr'><strong>existumetis</strong></span> 
     </span>
     <span class='ocr_line' id='line_1_23' title="bbox 191 3180 1586 3293; baseline -0.004 -32"><span class='ocrx_word' id='word_1_205' title='bbox 191 3184 238 3263; x_wconf 90' lang='lat' dir='ltr'><strong>de</strong></span> <span class='ocrx_word' id='word_1_206' title='bbox 254 3184 341 3276; x_wconf 89' lang='lat' dir='ltr'><strong>illo,</strong></span> <span class='ocrx_word' id='word_1_207' title='bbox 364 3184 430 3261; x_wconf 86' lang='lat' dir='ltr'><strong>aad</strong></span> <span class='ocrx_word' id='word_1_208' title='bbox 445 3199 636 3288; x_wconf 69' lang='lat' dir='ltr'><strong>quantum</strong></span> <span class='ocrx_word' id='word_1_209' title='bbox 645 3206 708 3259; x_wconf 82' lang='lat' dir='ltr'><strong>vos</strong></span> <span class='ocrx_word' id='word_1_210' title='bbox 726 3180 908 3271; x_wconf 80' lang='lat' dir='ltr'><strong>audeatis,</strong></span> <span class='ocrx_word' id='word_1_211' title='bbox 932 3204 1083 3256; x_wconf 83' lang='lat' dir='ltr'><strong>vereor:</strong></span> <span class='ocrx_word' id='word_1_212' title='bbox 1109 3204 1177 3272; x_wconf 88' lang='lat' dir='ltr'><strong>ue,</strong></span> <span class='ocrx_word' id='word_1_213' title='bbox 1192 3180 1291 3259; x_wconf 83' lang='lat' dir='ltr'><strong>alius</strong></span> <span class='ocrx_word' id='word_1_214' title='bbox 1305 3180 1426 3262; x_wconf 87' lang='lat' dir='ltr'><strong>alium</strong></span> <span class='ocrx_word' id='word_1_215' title='bbox 1441 3191 1586 3293; x_wconf 86' lang='lat' dir='ltr'><strong>princi.</strong></span> 
     </span>
     <span class='ocr_line' id='line_1_24' title="bbox 190 3304 1585 3415; baseline 0.005 -31"><span class='ocrx_word' id='word_1_216' title='bbox 190 3336 280 3415; x_wconf 88' lang='lat' dir='ltr'><strong>pem</strong></span> <span class='ocrx_word' id='word_1_217' title='bbox 294 3323 568 3414; x_wconf 79' lang='lat' dir='ltr'><strong>exspectantes,</strong></span> <span class='ocrx_word' id='word_1_218' title='bbox 600 3322 691 3383; x_wconf 84' lang='lat' dir='ltr'><strong>ante</strong></span> <span class='ocrx_word' id='word_1_219' title='bbox 717 3304 947 3411; x_wconf 84' lang='lat' dir='ltr'><strong>capiamini,</strong></span> <span class='ocrx_word' id='word_1_220' title='bbox 971 3331 1053 3382; x_wconf 90' lang='lat' dir='ltr'><strong>non</strong></span> <span class='ocrx_word' id='word_1_221' title='bbox 1079 3304 1216 3410; x_wconf 88' lang='lat' dir='ltr'><strong>opibus</strong></span> <span class='ocrx_word' id='word_1_222' title='bbox 1235 3307 1333 3400; x_wconf 67' lang='lat' dir='ltr'><strong>uus,</strong></span> <span class='ocrx_word' id='word_1_223' title='bbox 1353 3336 1440 3413; x_wconf 77' lang='lat' dir='ltr'><strong>quer</strong></span> <span class='ocrx_word' id='word_1_224' title='bbox 1455 3314 1585 3393; x_wconf 82' lang='lat' dir='ltr'><strong>futiles</strong></span> 
     </span>
     <span class='ocr_line' id='line_1_25' title="bbox 190 3426 1585 3538; baseline 0.004 -28"><span class='ocrx_word' id='word_1_225' title='bbox 190 3453 228 3512; x_wconf 90' lang='lat' dir='ltr'><strong>et</strong></span> <span class='ocrx_word' id='word_1_226' title='bbox 255 3448 446 3538; x_wconf 76' lang='lat' dir='ltr'><strong>corruptae</strong></span> <span class='ocrx_word' id='word_1_227' title='bbox 471 3447 577 3524; x_wconf 88' lang='lat' dir='ltr'><strong>sunt,</strong></span> <span class='ocrx_word' id='word_1_228' title='bbox 600 3430 666 3507; x_wconf 86' lang='lat' dir='ltr'><strong>aad</strong></span> <span class='ocrx_word' id='word_1_229' title='bbox 687 3446 807 3507; x_wconf 81' lang='lat' dir='ltr'><strong>restra</strong></span> <span class='ocrx_word' id='word_1_230' title='bbox 827 3426 1017 3518; x_wconf 82' lang='lat' dir='ltr'><strong>socordia,</strong></span> <span class='ocrx_word' id='word_1_231' title='bbox 1040 3454 1159 3531; x_wconf 85' lang='lat' dir='ltr'><strong>quam</strong></span> <span class='ocrx_word' id='word_1_232' title='bbox 1177 3445 1333 3533; x_wconf 88' lang='lat' dir='ltr'><strong>raptum</strong></span> <span class='ocrx_word' id='word_1_233' title='bbox 1359 3432 1409 3508; x_wconf 90' lang='lat' dir='ltr'><strong>iri</strong></span> <span class='ocrx_word' id='word_1_234' title='bbox 1434 3434 1523 3513; x_wconf 84' lang='lat' dir='ltr'><strong>lieet</strong></span> <span class='ocrx_word' id='word_1_235' title='bbox 1545 3456 1585 3515; x_wconf 90' lang='lat' dir='ltr'><strong>et</strong></span> 
     </span>
     <span class='ocr_line' id='line_1_26' title="bbox 82 3551 1585 3669; baseline -0.008 -32"><span class='ocrx_word' id='word_1_236' title='bbox 82 3610 84 3669; x_wconf 72' lang='lat'><em>1</em></span> <span class='ocrx_word' id='word_1_237' title='bbox 193 3584 313 3664; x_wconf 76' lang='lat' dir='ltr'><strong>qaum</strong></span> <span class='ocrx_word' id='word_1_238' title='bbox 332 3556 472 3635; x_wconf 85' lang='lat' dir='ltr'><strong>audeat</strong></span> <span class='ocrx_word' id='word_1_239' title='bbox 484 3571 564 3635; x_wconf 85' lang='lat' dir='ltr'><strong>tam</strong></span> <span class='ocrx_word' id='word_1_240' title='bbox 583 3553 703 3632; x_wconf 81' lang='lat' dir='ltr'><strong>rideri</strong></span> <span class='ocrx_word' id='word_1_241' title='bbox 730 3551 888 3631; x_wconf 80' lang='lat' dir='ltr'><strong>felicem.</strong></span> <span class='ocrx_word' id='word_1_242' title='bbox 935 3554 1033 3629; x_wconf 84' lang='lat' dir='ltr'><strong>Nam</strong></span> <span class='ocrx_word' id='word_1_243' title='bbox 1054 3567 1192 3655; x_wconf 76' lang='lat' dir='ltr'><strong>preter</strong></span> <span class='ocrx_word' id='word_1_244' title='bbox 1213 3552 1389 3631; x_wconf 84' lang='lat' dir='ltr'><strong>satellites</strong></span> <span class='ocrx_word' id='word_1_245' title='bbox 1418 3584 1585 3639; x_wconf 69' lang='lat' dir='ltr'><strong>comma.</strong></span> 
     </span>
    </p>
   </div>
   <div class='ocr_carea' id='block_1_3' title="bbox 82 3750 1680 4359">
    <p class='ocr_par' dir='ltr' id='par_1_3' title="bbox 82 3750 1680 4359">
     <span class='ocr_line' id='line_1_27' title="bbox 82 3750 1680 3839; baseline -0.006 -18"><span class='ocrx_word' id='word_1_246' title='bbox 82 3826 83 3833; x_wconf 30' lang='lat'><strong>,</strong></span> <span class='ocrx_word' id='word_1_247' title='bbox 194 3779 221 3820; x_wconf 83' lang='lat' dir='ltr'><strong>r.</strong></span> <span class='ocrx_word' id='word_1_248' title='bbox 239 3758 334 3835; x_wconf 83' lang='lat' dir='ltr'><strong>inops.</strong></span> <span class='ocrx_word' id='word_1_249' title='bbox 353 3756 508 3839; x_wconf 66' lang='grc' dir='ltr'><strong>ωςιῖωιᾱί</strong></span> <span class='ocrx_word' id='word_1_250' title='bbox 517 3756 613 3820; x_wconf 77' lang='lat' dir='ltr'><strong>ueteri.</strong></span> <span class='ocrx_word' id='word_1_251' title='bbox 633 3754 942 3816; x_wconf 75' lang='lat' dir='ltr'><strong>mtmtdemtoslerum</strong></span> <span class='ocrx_word' id='word_1_252' title='bbox 954 3750 1066 3816; x_wconf 84' lang='lat' dir='ltr'><strong>Carrio.</strong></span> <span class='ocrx_word' id='word_1_253' title='bbox 1086 3752 1219 3813; x_wconf 69' lang='lat' dir='ltr'><strong>mado</strong></span> <span class='ocrx_word' id='word_1_254' title='bbox 1235 3754 1296 3814; x_wconf 82' lang='lat' dir='ltr'><strong>alii.</strong></span> <span class='ocrx_word' id='word_1_255' title='bbox 1316 3753 1368 3834; x_wconf 79' lang='lat' dir='ltr'><strong>qui</strong></span> <span class='ocrx_word' id='word_1_256' title='bbox 1379 3757 1504 3837; x_wconf 67' lang='lat' dir='ltr'><strong>prumia</strong></span> <span class='ocrx_word' id='word_1_257' title='bbox 1519 3782 1587 3823; x_wconf 82' lang='lat' dir='ltr'><strong>me·</strong></span> <span class='ocrx_word' id='word_1_258' title='bbox 1678 3807 1680 3812; x_wconf 90' lang='lat'><em>.</em></span> 
     </span>
     <span class='ocr_line' id='line_1_28' title="bbox 82 3855 1585 3941; baseline -0.007 -14"><span class='ocrx_word' id='word_1_259' title='bbox 82 3918 84 3941; x_wconf 86' lang='grc'>,</span> <span class='ocrx_word' id='word_1_260' title='bbox 193 3866 280 3926; x_wconf 81' lang='lat' dir='ltr'><strong>liores</strong></span> <span class='ocrx_word' id='word_1_261' title='bbox 297 3862 382 3937; x_wconf 85' lang='lat' dir='ltr'><strong>libri,</strong></span> <span class='ocrx_word' id='word_1_262' title='bbox 402 3862 518 3923; x_wconf 70' lang='lat' dir='ltr'><strong>testibus</strong></span> <span class='ocrx_word' id='word_1_263' title='bbox 529 3860 636 3921; x_wconf 70' lang='lat' dir='ltr'><strong>Ursino</strong></span> <span class='ocrx_word' id='word_1_264' title='bbox 649 3868 678 3919; x_wconf 84' lang='lat' dir='ltr'><strong>et</strong></span> <span class='ocrx_word' id='word_1_265' title='bbox 690 3858 859 3923; x_wconf 82' lang='lat' dir='ltr'><strong>Giaeoonio.</strong></span> <span class='ocrx_word' id='word_1_266' title='bbox 886 3855 938 3937; x_wconf 80' lang='lat' dir='ltr'><strong>qui</strong></span> <span class='ocrx_word' id='word_1_267' title='bbox 952 3856 1022 3919; x_wconf 84' lang='lat' dir='ltr'><strong>iuro</strong></span> <span class='ocrx_word' id='word_1_268' title='bbox 1034 3876 1136 3918; x_wconf 74' lang='lat' dir='ltr'><strong>omues</strong></span> <span class='ocrx_word' id='word_1_269' title='bbox 1150 3856 1236 3933; x_wconf 82' lang='lat' dir='ltr'><strong>libri,</strong></span> <span class='ocrx_word' id='word_1_270' title='bbox 1255 3879 1319 3921; x_wconf 86' lang='lat' dir='ltr'><strong>uon</strong></span> <span class='ocrx_word' id='word_1_271' title='bbox 1336 3861 1415 3940; x_wconf 78' lang='lat' dir='ltr'><strong>quia.</strong></span> <span class='ocrx_word' id='word_1_272' title='bbox 1443 3873 1473 3925; x_wconf 74' lang='lat' dir='ltr'><strong>et</strong></span> <span class='ocrx_word' id='word_1_273' title='bbox 1487 3867 1585 3929; x_wconf 58' lang='lat' dir='ltr'><strong>,enta</strong></span> 
     </span>
     <span class='ocr_line' id='line_1_29' title="bbox 82 3950 1584 4055; baseline -0.007 -23"><span class='ocrx_word' id='word_1_274' title='bbox 82 3950 84 3975; x_wconf 49' lang='lat'><strong>³</strong></span> <span class='ocrx_word' id='word_1_275' title='bbox 193 3964 609 4033; x_wconf 59' lang='lat' dir='ltr'><strong>rememoraturum</strong></span> <span class='ocrx_word' id='word_1_276' title='bbox 624 3960 1109 4045; x_wconf 61' lang='lat' dir='ltr'><strong>umpauauduoxonffletpt.</strong></span> <span class='ocrx_word' id='word_1_277' title='bbox 1118 3961 1234 4044; x_wconf 84' lang='lat' dir='ltr'><strong>Popmre</strong></span> <span class='ocrx_word' id='word_1_278' title='bbox 1248 3964 1584 4055; x_wconf 55' lang='lat' dir='ltr'><strong>etcmiouitinm,</strong></span> 
     </span>
     <span class='ocr_line' id='line_1_30' title="bbox 196 4066 1585 4159; baseline -0.003 -22.379"><span class='ocrx_word' id='word_1_279' title='bbox 196 4076 282 4159; x_wconf 80' lang='lat'><strong>¹⁵79·</strong></span> <span class='ocrx_word' id='word_1_280' title='bbox 322 4070 514 4156; x_wconf 74' lang='lat' dir='ltr'><strong>approbet-itu</strong></span> <span class='ocrx_word' id='word_1_281' title='bbox 535 4066 953 4151; x_wconf 75' lang='lat' dir='ltr'><strong>omprutcriptionemita</strong></span> <span class='ocrx_word' id='word_1_282' title='bbox 969 4067 1145 4148; x_wconf 78' lang='lat' dir='ltr'><strong>antiquiores</strong></span> <span class='ocrx_word' id='word_1_283' title='bbox 1170 4066 1249 4129; x_wconf 80' lang='lat' dir='ltr'><strong>libri.</strong></span> <span class='ocrx_word' id='word_1_284' title='bbox 1281 4080 1430 4134; x_wconf 68' lang='lat' dir='ltr'><strong>vermem</strong></span> <span class='ocrx_word' id='word_1_285' title='bbox 1450 4077 1516 4137; x_wconf 69' lang='lat' dir='ltr'><strong>urb.</strong></span> <span class='ocrx_word' id='word_1_286' title='bbox 1543 4081 1585 4141; x_wconf 66' lang='lat' dir='ltr'><strong>it.</strong></span> 
     </span>
     <span class='ocr_line' id='line_1_31' title="bbox 82 4170 1585 4255; baseline -0.007 -11"><span class='ocrx_word' id='word_1_287' title='bbox 82 4202 84 4221; x_wconf 73' lang='grc'><em>’</em></span> <span class='ocrx_word' id='word_1_288' title='bbox 197 4190 263 4243; x_wconf 81' lang='lat' dir='ltr'><strong>tute</strong></span> <span class='ocrx_word' id='word_1_289' title='bbox 283 4178 454 4241; x_wconf 65' lang='lat' dir='ltr'><strong>amonem</strong></span> <span class='ocrx_word' id='word_1_290' title='bbox 476 4176 600 4241; x_wconf 83' lang='lat' dir='ltr'><strong>editum.</strong></span> <span class='ocrx_word' id='word_1_291' title='bbox 628 4172 727 4235; x_wconf 66' lang='lat' dir='ltr'><strong>uitus</strong></span> <span class='ocrx_word' id='word_1_292' title='bbox 744 4174 857 4255; x_wconf 83' lang='lat' dir='ltr'><strong>aliquot</strong></span> <span class='ocrx_word' id='word_1_293' title='bbox 872 4170 962 4238; x_wconf 76' lang='lat' dir='ltr'><strong>auu</strong></span> <span class='ocrx_word' id='word_1_294' title='bbox 988 4180 1106 4251; x_wconf 83' lang='lat' dir='ltr'><strong>optruuo</strong></span> <span class='ocrx_word' id='word_1_295' title='bbox 1120 4171 1230 4251; x_wconf 77' lang='lat' dir='ltr'><strong>pretio,</strong></span> <span class='ocrx_word' id='word_1_296' title='bbox 1249 4174 1343 4236; x_wconf 78' lang='lat' dir='ltr'><strong>toluto</strong></span> <span class='ocrx_word' id='word_1_297' title='bbox 1363 4176 1448 4250; x_wconf 76' lang='lat' dir='ltr'><strong>titre,</strong></span> <span class='ocrx_word' id='word_1_298' title='bbox 1465 4180 1585 4246; x_wconf 65' lang='lat' dir='ltr'><strong>mnino</strong></span> 
     </span>
     <span class='ocr_line' id='line_1_32' title="bbox 82 4262 1583 4359; baseline -0.007 -9"><span class='ocrx_word' id='word_1_299' title='bbox 82 4262 84 4331; x_wconf 74' lang='lat' dir='ltr'><strong>l</strong></span> <span class='ocrx_word' id='word_1_300' title='bbox 198 4284 330 4349; x_wconf 64' lang='lat' dir='ltr'><strong>umbra</strong></span> <span class='ocrx_word' id='word_1_301' title='bbox 343 4286 388 4347; x_wconf 80' lang='lat' dir='ltr'><strong>ite</strong></span> <span class='ocrx_word' id='word_1_302' title='bbox 400 4284 540 4345; x_wconf 81' lang='lat' dir='ltr'><strong>nonnulli</strong></span> <span class='ocrx_word' id='word_1_303' title='bbox 558 4288 626 4341; x_wconf 84' lang='lat' dir='ltr'><strong>aute</strong></span> <span class='ocrx_word' id='word_1_304' title='bbox 639 4276 773 4341; x_wconf 69' lang='lat' dir='ltr'><strong>umor.</strong></span> <span class='ocrx_word' id='word_1_305' title='bbox 791 4278 843 4339; x_wconf 82' lang='lat' dir='ltr'><strong>uti</strong></span> <span class='ocrx_word' id='word_1_306' title='bbox 856 4278 948 4338; x_wconf 82' lang='lat' dir='ltr'><strong>aliter.</strong></span> <span class='ocrx_word' id='word_1_307' title='bbox 969 4294 1038 4338; x_wconf 79' lang='lat' dir='ltr'><strong>tuoe</strong></span> <span class='ocrx_word' id='word_1_308' title='bbox 1053 4274 1127 4337; x_wconf 72' lang='lat' dir='ltr'><strong>altor</strong></span> <span class='ocrx_word' id='word_1_309' title='bbox 1143 4268 1220 4342; x_wconf 79' lang='lat' dir='ltr'><strong>Brit.</strong></span> <span class='ocrx_word' id='word_1_310' title='bbox 1240 4287 1357 4359; x_wconf 78' lang='lat' dir='ltr'><strong>mptum</strong></span> <span class='ocrx_word' id='word_1_311' title='bbox 1372 4279 1414 4343; x_wconf 84' lang='lat' dir='ltr'><strong>iri</strong></span> <span class='ocrx_word' id='word_1_312' title='bbox 1425 4302 1528 4347; x_wconf 64' lang='lat' dir='ltr'><strong>omnm</strong></span> <span class='ocrx_word' id='word_1_313' title='bbox 1542 4288 1583 4347; x_wconf 79' lang='lat' dir='ltr'><strong>li.</strong></span> 
     </span>
    </p>
   </div>
   <div class='ocr_carea' id='block_1_4' title="bbox 1139 4407 1187 4481">
    <p class='ocr_par' dir='ltr' id='par_1_4' title="bbox 1139 4407 1187 4481">
     <span class='ocr_line' id='line_1_33' title="bbox 1139 4407 1187 4481; baseline 0.104 -5"><span class='ocrx_word' id='word_1_314' title='bbox 1139 4407 1187 4481; x_wconf 78' lang='lat'><strong>28</strong></span> 
     </span>
    </p>
   </div>
   <div class='ocr_carea' id='block_1_5' title="bbox 0 0 2030 5009">
    <p class='ocr_par' dir='ltr' id='par_1_5' title="bbox 0 0 2030 5009">
     <span class='ocr_line' id='line_1_34' title="bbox 0 0 2030 5009; baseline 0 0"><span class='ocrx_word' id='word_1_315' title='bbox 0 0 2030 5009; x_wconf 95' lang='lat' dir='ltr'><strong> </strong></span> 
     </span>
    </p>
   </div>
  </div>
 </body>
</html>
