4050 5009
1496 410 1566 488 135

184 578 320 661 bellum
350 616 501 694 gerens,
531 596 780 699 perniciosior
812 610 923 689 esset,
954 597 995 673 in
1029 596 1175 674 incerto
1210 592 1424 671 haberetur.
1472 590 1611 684 Erato
1685 693 1690 703 ι

183 698 280 783 baud
300 708 413 819 longe
429 716 479 790 ab
496 744 540 793 co
556 719 711 812 itinere,
725 747 803 825 quo
816 720 990 798 Metellus
1009 720 1202 828 pergebat,
1225 718 1412 824 oppidum
1433 712 1567 791 Numi·

184 822 328 925 (larum,
351 839 509 916 nomine
526 844 674 937 Vacca,
695 843 823 921 forum
845 872 974 922 rerum
997 846 1191 921 venalium
1209 845 1324 918 totius
1353 839 1459 947 regni
1487 864 1568 912 ma·

185 974 291 1029 xume
300 956 533 1037 celebratum
544 996 555 1059 3
574 966 642 1040 ubi
666 981 705 1043 et
729 966 893 1044 incolere
914 984 951 1043 et
967 968 1127 1044 mercari
1156 981 1428 1043 consueverant
1444 959 1569 1037 Italici
1656 1004 1663 1014 ·

184 1078 321 1175 generis
341 1084 455 1159 multi
477 1088 662 1165 mortales.
711 1090 799 1167 Huc
813 1091 972 1181 Consul,
994 1090 1110 1165 simul
1133 1088 1346 1195 temptandi
1373 1086 1511 1193 gratia,
1532 1099 1572 1166 et

184 1198 212 1271 si
228 1218 467 1301 paterentur,
487 1212 775 1314 opportunitate
801 1214 900 1304 loci,
928 1215 1148 1319 presidium
1170 1212 1367 1317 imposuit3
1390 1207 1571 1317 praeterea

182 1318 375 1425 imperarit
391 1327 630 1409 frumentum
647 1350 685 1409 et
700 1335 793 1427 alia,
818 1362 904 1441 quae
922 1336 1024 1414 bello
1045 1338 1131 1413 usui
1149 1338 1290 1428 forent,
1311 1348 1570 1440 comportaret

186 1460 283 1521 ratus
304 1449 366 1541 id,
383 1452 489 1557 quod
509 1482 566 1531 ree
592 1458 786 1550 monebat,
810 1460 1065 1563 frequentiam
1096 1461 1376 1565 negotiatorum
1401 1475 1440 1533 et
1472 1484 1573 1533 com·

189 1586 309 1645 meatu
325 1572 547 1653 iuvaturum
563 1580 769 1657 exercitum
788 1598 826 1657 et
842 1584 918 1657 iarn
937 1584 1080 1687 paratis
1093 1584 1205 1660 rebus
1227 1582 1468 1659 munimento
1484 1579 1573 1656 fore.

189 1691 285 1767 Inter
300 1692 382 1772 haec
404 1703 553 1807 negotia
574 1702 758 1809 Iugurtha
779 1704 984 1809 impensius
1004 1705 1118 1781 modo
1139 1706 1276 1812 legatos
1286 1705 1477 1813 supplices
1488 1702 1576 1779 mit-

189 1826 277 1905 tem,
297 1843 432 1921 pacem
454 1850 577 1915 orare,
601 1845 739 1929 praeter
754 1852 863 1903 suam
883 1827 1167 1931 liberorumque
1186 1830 1321 1920 sitam,
1344 1828 1473 1905 omnia
1496 1828 1578 1903 ble-

193 1935 273 2013 tello
290 1940 435 2019 dedere.
486 1946 592 2042 Quos
611 1950 718 2041 item,
736 1950 794 2025 uti
812 1949 971 2061 priores,
991 1952 1132 2027 Consul
1155 1952 1312 2027 inlectos
1325 1952 1374 2026 ad
1392 1949 1577 2055 proditio-

191 2084 272 2135 nem
299 2063 459 2143 domum
494 2068 743 2147 dimittebat:
769 2074 846 2176 regi
874 2100 1028 2178 pacem,
1056 2100 1175 2177 qnam
1196 2074 1428 2179 postulabat,
1451 2099 1576 2175 neque

190 2182 350 2263 abnuere
365 2216 491 2294 neque
509 2194 705 2297 polliceri,
724 2212 763 2271 et
788 2196 889 2271 inter
910 2223 969 2271 eas
989 2222 1113 2273 moras
1148 2197 1329 2301 promissa
1365 2196 1576 2301 legatorum

190 2328 400 2413 exspectare.
438 2315 624 2421 Iugurtha
642 2318 710 2393 ubi
726 2319 870 2395 Metelli
883 2318 983 2395 dicta
997 2346 1087 2395 cum
1107 2318 1215 2395 factis
1229 2320 1450 2426 composuit,
1474 2345 1519 2394 ac
1537 2326 1623 2399 sels

189 2432 424 2511 subantibus
449 2442 625 2544 temptari
652 2441 923 2518 animadvortit
935 2475 945 2538 3
969 2444 1113 2549 quippe
1143 2444 1207 2520 cui
1230 2444 1352 2521 verbis
1378 2470 1453 2548 pax
1473 2468 1576 2517 nun-

194 2552 375 2649 ciabatur,
409 2576 579 2637 ceterum
616 2588 656 2640 re
684 2564 830 2641 bellurn
853 2592 1116 2669 asperrumum
1137 2583 1243 2644 erat:
1272 2568 1363 2643 urbs
1397 2590 1576 2643 maxuma

193 2676 369 2771 alienata,
400 2710 488 2787 ager
524 2683 695 2763 hostibus
727 2688 925 2793 cognitus,
955 2689 1074 2764 animi
1110 2690 1357 2794 popularium
1384 2688 1557 2795 temptati

193 2820 334 2879 coactus
350 2832 479 2881 nerum
499 2810 793 2901 necessitudine,
810 2812 943 2886 statuit
960 2812 1074 2887 armis
1095 2828 1246 2889 certare
1296 2814 1419 2919 Igitur
1449 2810 1579 2916 explo-

195 2942 270 3001 rato
286 2926 453 3005 bostium
474 2931 625 3024 itinere,
648 2933 690 3009 in
711 2960 816 3039 spem
835 2932 1002 3011 victoriae
1018 2932 1090 3009 add
1098 2950 1205 3011 uctm
1225 2962 1273 3011 ex
1292 2937 1579 3041 opportunitate

194 3150 247 3216 Bu.
262 3176 284 3220 r.
303 3156 386 3217 Rem.
399 3178 428 3219 a.
447 3158 528 3221 Vrat.
542 3158 607 3220 ab.
630 3158 711 3225 laid.
719 3158 787 3221 bb.
797 3164 818 3228 1.
839 3160 1022 3225 duotttaeit.
1042 3158 1166 3228 berml.
1186 3162 1330 3224 incertum
1350 3160 1435 3223 Febr.
1451 3180 1477 3221 r.
1494 3157 1577 3220 Bodl.

193 3254 251 3339 Teg.
271 3260 301 3319 t'n
314 3262 458 3323 tnoertwn
477 3261 546 3323 Tur.

267 3386 337 3471 Cup.
350 3392 398 3472 47.
423 3390 523 3451 Vacca
540 3391 646 3473 opfimi
666 3392 742 3453 libri.
766 3390 852 3473 Vaga
872 3390 967 3452 Gucll.
980 3392 1009 3463 4.
1034 3392 1117 3454 l'acc
1136 3391 1272 3457 Guettt.
1295 3392 1326 3454 V
1323 3393 1400 3453 acta
1420 3391 1515 3452 Coeli·
1532 3412 1577 3451 ιι.

195 3490 272 3551 amul
283 3496 419 3555 tentandi
425 3497 527 3575 gratia
542 3508 569 3557 et
582 3497 692 3577 pirmdi
711 3498 809 3557 Vlnar.
820 3518 847 3557 a.
868 3497 947 3557 unde
962 3498 1045 3557 facilc
1060 3500 1156 3558 eliciat
1173 3498 1355 3579 experiundi.
1368 3495 1503 3557 tentandi
1512 3514 1579 3554 ma·

197 3600 330 3678 nandique
342 3601 443 3679 gratia
464 3600 553 3661 lead.
574 3610 644 3661 tem.
658 3610 684 3661 ct
697 3600 785 3661 simul
792 3600 894 3681 gratia
910 3600 1064 3661 Mamaudi
1081 3602 1141 3661 Erl.
1170 3612 1243 3667 tent.
1256 3622 1306 3683 gr.
1322 3602 1349 3663 si
1358 3610 1421 3681 pat.
1441 3601 1538 3662 senat.
1554 3620 1579 3659 ι.

196 3698 283 3763 l'inar.
296 3725 323 3763 2.
344 3704 465 3764 Palmcr.
491 3713 625 3785 paterent
645 3706 728 3765 Item.
743 3726 767 3764 ι.
788 3705 859 3789 Reg.
883 3716 1002 3785 propter
1018 3704 1245 3785 opportunitates
1262 3704 1359 3765 Guclt'.
1376 3726 1421 3770 tt.
1441 3711 1584 3784 opportuq

200 3807 279 3868 ntae
294 3806 372 3869 haud
389 3807 481 3876 dubie¹
493 3809 667 3891 legendum,
688 3828 744 3890 qua
764 3809 881 3891 quidem
905 3809 1020 3869 Grutcri
1036 3810 1202 3871 coniectura
1220 3811 1321 3871 omnia
1339 3812 1391 3870 ista
1410 3808 1581 3881 concidunt,

200 3929 252 3988 quc
265 3912 336 3972 Cort
350 3932 469 3973 cxcnrm
478 3912 529 3972 IV.
539 3912 652 3972 doctius
664 3933 750 3993 quarn
770 3914 864 3975 verius
876 3912 1041 3993 disputarit.
1063 3922 1090 3972 et
1103 3913 1327 3973 commeantium
1341 3913 1437 3973 Guell.
1448 3934 1477 3993 9.
1498 3923 1582 3973 comi

201 4026 335 4075 meantum
356 4016 440 4081 Paris.
453 4037 480 4075 a.
500 4024 527 4075 et
540 4024 733 4084 commeatum
747 4014 847 4095 populi
863 4016 963 4076 Vmor.
979 4034 1006 4075 2.
1027 4016 1141 4075 thisl.
1156 4036 1182 4075 a.
1210 4025 1238 4078 ct
1252 4026 1415 4077 commeatu
1435 4018 1485 4075 alii
1502 4014 1580 4075 libri.

202 4136 263 4195 qnos
277 4118 371 4180 Ciacc.
389 4121 498 4181 laudat.
519 4118 606 4181 ctiam
624 4122 743 4201 plurimi
753 4117 868 4179 Gruteri
882 4130 910 4179 et
926 4118 1007 4179 Cort.
1020 4120 1097 4186 libri.
1118 4131 1146 4181 ct
1162 4121 1223 4180 iam
1240 4124 1350 4204 priores
1365 4120 1503 4181 Editores.
1523 4120 1582 4179 im-

200 4240 270 4297 pern.
284 4226 379 4283 modo.
401 4226 490 4285 modo
510 4246 570 4285 om.
583 4223 679 4285 Guell.
696 4225 725 4296 l.
746 4244 829 4286 suam
846 4242 1019 4303 suorumque
1035 4224 1088 4287 vit.
1108 4224 1187 4286 leid.
1202 4246 1242 4286 m.
1260 4224 1366 4287 Frauc.
1386 4225 1507 4286 inlectos
1525 4222 1581 4285 lli·

202 4328 237 4385 u'i
251 4328 321 4389 libri.
341 4328 436 4391 Guell.
452 4351 477 4390 t.
498 4328 559 4389 Bae.
573 4350 596 4389 ι.
618 4330 668 4412 qui
684 4332 769 4389 etiam
789 4326 932 4411 trpcmtur
944 4338 972 4389 et
986 4326 1120 4410 inposuit.
