4050 5009
342 465 346 473 .
365 423 439 482 222

570 531 585 568 c

369 593 528 672 Crebros
545 591 685 678 vigilias
704 591 884 682 penerel.
906 593 958 670 45.
990 613 1036 660 cr.
1057 592 1200 679 ignibus
1216 592 1316 659 iactis
1335 596 1367 659 5.
1389 584 1438 678 96.
1464 593 1560 682 ignis
1578 619 1678 681 quam
1698 623 1773 673 ere-

405 696 850 777 berrumosberijubetrob.
859 698 978 764 crebro
986 698 1121 789 impetu
1131 701 1181 764 io.
1189 701 1371 766 crebritate
1381 704 1549 768 fluctuum
1559 706 1603 769 ll.
1614 706 1740 790 iacis.

364 805 608 892 credipotest
627 803 753 867 falsum
773 803 909 886 aliquid
928 825 994 890 pro
1013 825 1097 871 vero
1117 807 1155 869 G.
1176 808 1226 874 ba.
1256 825 1303 872 ne
1328 806 1417 890 quid
1443 811 1487 874 de
1513 829 1551 875 se
1577 818 1705 880 temere
1724 835 1772 880 cr.

406 918 463 998 δι.Ι
476 931 589 995 neque
606 909 746 975 bomini
765 910 928 994 cuiquam
945 911 1029 976 satis
1046 911 1096 977 ib.
1115 914 1218 978 credo
1234 911 1323 976 ialsa
1336 913 1546 980 existumans
1558 917 1610 981 ia.
1628 921 1773 986 credens

405 1017 444 1082 in
464 1037 538 1084 rem
558 1017 633 1082 iore
655 1039 703 1080 ao.
733 1015 826 1080 iactu
845 1016 1018 1101 optimum
1039 1019 1090 1081 da.
1117 1017 1208 1082 nihil
1223 1016 1298 1096 jam
1317 1018 1461 1083 Metello
1480 1018 1645 1086 iniectum
1664 1025 1698 1086 J.
1718 1025 1770 1109 7⁶·
1859 1081 1863 1085 ,

405 1144 518 1207 neque
538 1122 681 1189 mortali
694 1124 856 1207 cuiquam
868 1132 928 1188 aut
941 1122 1091 1209 tempori
1105 1140 1156 1205 7²·
1175 1122 1298 1188 virtuti
1317 1142 1459 1189 suorum
1468 1125 1558 1206 'satis
1575 1135 1641 1198 ιο6.
1655 1137 1770 1196 osten·

402 1233 455 1294 tui
474 1230 539 1318 illa
560 1229 748 1295 deditionis
768 1230 866 1316 signa
885 1233 937 1304 46.
959 1229 1130 1295 creditum
1150 1231 1186 1294 C.
1207 1231 1258 1293 ab.

361 1335 533 1404 Crescere
550 1337 624 1400 haec
643 1337 735 1400 mala
755 1339 792 1400 G.
812 1361 858 1400 ιο.
881 1335 1029 1417 cujusvis
1049 1355 1133 1423 opes
1152 1336 1304 1403 voluisse
1324 1356 1371 1401 cr.
1391 1343 1512 1401 contra
1530 1339 1629 1406 iltius
1647 1348 1769 1426 poten-

400 1441 485 1507 tiam
503 1464 548 1524 ¹7·
569 1460 645 1506 eam
666 1445 837 1507 flammam
858 1444 1007 1530 egregiis
1025 1443 1111 1508 viris
1130 1444 1170 1507 in
1188 1448 1411 1530 pectorosus.
1431 1445 1626 1527 respublica
1639 1446 1767 1526 ‚labore

400 1555 503 1630 atque
524 1546 661 1627 justitia
680 1531 716 1610 css
740 1571 786 1612 ιο.
815 1549 957 1635 imperii
990 1549 1118 1635 cupido
1147 1549 1197 1614 ib.
1224 1547 1378 1632 potentia
1396 1547 1448 1631 69.
1476 1548 1539 1630 qui
1565 1549 1658 1614 malo
1677 1551 1765 1636 reip.

402 1659 578 1717 creverant
599 1655 648 1715 5ι.
677 1673 754 1737 quae
774 1656 810 1716 P.
832 1657 871 1721 R.
893 1655 1019 1740 opibus
1042 1661 1091 1722 6ι.
1113 1655 1365 1720 adulescentem
1387 1671 1538 1720 crescere
1558 1654 1582 1718 i.
1601 1655 1765 1741 egentia

399 1760 520 1845 augeri
538 1759 571 1822 J.
592 1761 622 1821 6.
650 1759 849 1840 cujusquam
872 1780 1017 1846 regnum
1037 1781 1101 1843 per
1120 1760 1230 1825 scelus
1254 1775 1301 1838 ι4.
1328 1777 1400 1842 quo
1420 1756 1504 1847 fuga
1523 1768 1627 1843 atque
1646 1759 1765 1826 formi-

401 1867 447 1929 do
466 1863 572 1928 latius
591 1873 781 1928 crescerent
803 1867 852 1928 55.
873 1864 1016 1927 licentia
1036 1867 1073 1927 c.
1097 1869 1147 1929 ia.

358 1966 624 2040 ,criminantur
649 1971 771 2033 H.1H.
793 1987 843 2034 aa.
880 1968 1088 2035 criminibus
1106 1969 1204 2035 falsis
1225 1969 1495 2038 circumventum
1512 1971 1549 2036 C.
1570 1975 1622 2048 24P
1643 1970 1763 2036 crimi-

396 2085 481 2142 nose
500 2076 544 2140 de
563 2074 658 2140 bello
678 2075 778 2158 loqui
796 2082 827 2139 J.
849 2078 897 2150 64.
1821 2157 1832 2170 .

355 2177 556 2250 Cruciatur
575 2199 694 2246 omnes
714 2180 867 2246 minores
886 2159 991 2265 quam
1012 2180 1157 2246 illorum
1176 2183 1306 2250 melers
1325 2184 1361 2247 c.
1382 2185 1432 2252 5ι.
1452 2203 1500 2249 cr.
1520 2181 1674 2268 corporis
1702 2185 1763 2248 de·

393 2305 517 2373 precor
534 2288 566 2349 l.
584 2302 634 2365 ²4·
653 2285 809 2351 virorum
827 2287 1021 2354 illustrium
1041 2291 1086 2353 H.
1105 2293 1132 2353 Ι.
1157 2296 1206 2354 ab.
1224 2311 1272 2354 cr.
1291 2309 1337 2354 an
1355 2290 1501 2375 premia
1520 2290 1641 2354 mallet
1659 2290 1690 2351 l.
1710 2308 1759 2370 7ο.

353 2392 511 2461 Crudele
534 2391 736 2457 incendium
757 2403 793 2460 c.
816 2393 867 2469 46.
898 2413 945 2456 cr.
973 2402 1007 2460 et
1039 2392 1130 2458 ioeda
1155 2393 1312 2458 facinora
1333 2417 1380 2458 ιι.
1411 2416 1459 2459 cr.
1485 2394 1761 2461 intolerandum-

393 2517 461 2580 que
481 2497 666 2581 imperium
686 2498 814 2562 iactum
837 2519 886 2562 10.
915 2497 1085 2562 sententia
1104 2501 1153 2561 5ι.
1176 2500 1328 2582 gratuito
1350 2497 1501 2564 crudelis
1521 2507 1594 2564 erat
1615 2506 1661 2562 ι6.
1682 2518 1760 2581 qute

393 2605 486 2687 apud
507 2602 595 2667 alios
614 2604 812 2682 iracundia,
833 2621 873 2668 ea
893 2603 932 2666 in
951 2601 1101 2685 imperio
1120 2602 1306 2667 crudelitas
1326 2609 1374 2668 5ι.

353 2705 555 2774 Cruentam
575 2715 678 2792 atque
697 2709 889 2774 luctuosam
909 2705 1091 2770 victoriam
1109 2705 1269 2770 hostibus
1288 2705 1486 2788 relinquere
1507 2707 1556 2770 56.

352 2805 535 2895 Cuiquam
550 2815 589 2878 'G
614 2820 644 2880 6.
675 2815 837 2898 cuiquam
864 2812 1002 2878 homiui
1031 2817 1082 2877 ir.
1111 2810 1275 2895 cuiquam
1294 2819 1451 2880 nostrum
1471 2817 1521 2880 66.
1555 2811 1758 2877 mortalium

391 2919 440 2983 6ι.
460 2917 520 2984 cir
538 2920 570 2984 J.
595 2943 621 2983 ι.
642 2941 672 2985 c.
694 2922 834 2985 mortali
849 2943 899 3002 7a.
919 2940 949 2984 c.
969 2919 1129 2984 omnium
1153 2941 1220 2981 roa.
1243 2913 1375 3003 cuique
1394 2937 1457 2983 sua
1476 2917 1556 2982 satis
1573 2917 1757 3002 placebant

392 3025 431 3086 (l.
452 3041 481 3086 a.
510 3023 642 3106 optimo
664 3047 692 3089 c.
714 3033 763 3102 54.
795 3026 961 3108 cujusque
987 3025 1127 3112 generis
1152 3023 1315 3093 homiues
1345 3017 1393 3108 69.
1422 3023 1630 3105 cujuslibet
1655 3024 1707 3089 rei
1727 3028 1755 3088 5.

391 3123 721 3218 cujuscunquemodi
740 3133 813 3194 lraec
831 3130 997 3194 videntur
1018 3124 1069 3200 t‘a.

351 3229 472 3314 Culpa
492 3251 512 3295 a
531 3254 658 3298 vacuus
677 3237 713 3298 C.
738 3235 783 3308 ι4.
806 3235 1016 3302 conscientia
1038 3239 1082 3300 de
1102 3255 1132 3298 c.
1147 3237 1198 3299 65.
1219 3255 1292 3300 non
1311 3255 1387 3300 mea
1407 3237 1510 3321 culpa
1528 3245 1559 3303 J.
1584 3250 1634 3314 44.
1665 3255 1707 3302 cx
1725 3258 1753 3301 c.

387 3337 537 3424 gloriam
556 3339 690 3404 invc'nit
709 3342 758 3420 94.
771 3359 877 3403 snam
898 3363 927 3410 e.
952 3348 1108 3404 auctores
1128 3342 1173 3403 ad
1194 3339 1334 3426 negotia
1353 3339 1563 3405 transferunt
1586 3364 1613 3405 ι.

348 3441 521 3512 Cultores
540 3443 564 3506 i.
585 3462 613 3508 e.
633 3443 755 3507 incolae
775 3447 806 3507 J.
833 3467 878 3527 ι7.
899 3465 1063 3532 agrorum
1077 3446 1128 3520 46.
1141 3444 1192 3521 46.
1212 3446 1361 3530 pecoris,
1382 3444 1469 3510 belli
1491 3447 1541 3522 64.
1561 3447 1751 3512 cultoribus

386 3551 499 3616 mauis
518 3557 568 3613 est
587 3550 629 3612 H.
650 3549 718 3612 inc.
740 3551 913 3616 cultorum
934 3551 1016 3636 iuga
1036 3552 1170 3616 deserta
1188 3551 1233 3612 Η.
1253 3554 1280 3613 1.
1304 3553 1349 3614 ι6.
1440 3564 1444 3575 ’

348 3651 462 3720 Cultu
483 3657 519 3719 c.
540 3659 589 3718 ι6.
619 3656 716 3742 regio
744 3667 878 3724 aetatem
906 3675 1008 3742 agere
1038 3661 1090 3738 67.
1122 3656 1278 3740 corporis
1297 3656 1349 3730 46.
1378 3659 1501 3722 eodem
1525 3657 1650 3723 babuit
1667 3660 1698 3722 J.
1721 3660 1750 3721 6.

387 3777 492 3839 quam
511 3781 669 3828 muumc
687 3762 878 3827 miserabili
897 3763 949 3826 56.
975 3763 1130 3826 humano
1159 3761 1204 3824 ab
1223 3783 1251 3825 c.
1272 3769 1387 3827 vastus
1406 3763 1458 3839 46.
1488 3763 1616 3828 multos
1633 3763 1751 3847 pueri·

351 3849 354 3858 ’
383 3859 441 3929 tite
461 3863 573 3928 cultius
593 3869 644 3947 75.
669 3866 764 3929 cultu
785 3867 938 3950 corporis
958 3875 1081 3933 ornata
1100 3867 1240 3954 egregio
1260 3868 1305 3932 Η.
1324 3866 1392 3932 inc.
1415 3882 1485 3949 149.
1514 3869 1624 3932 cultos
1643 3867 1750 3932 armit

309 3961 311 3970 ’
385 3967 567 4044 decoribus
585 3975 642 4034 111.
663 3991 694 4052 7.

345 4073 438 4146 cum
465 4075 534 4140 diis
558 4093 740 4140 commune
766 4075 800 4142 (l
824 4097 850 4142 ι.
882 4074 1022 4140 fortuna
1041 4075 1145 4140 simul
1168 4098 1246 4141 cum
1265 4080 1421 4146 moribus
1441 4098 1472 4143 a.
1504 4077 1649 4144 avaritia
1669 4100 1748 4144 cum

381 4181 545 4268 snperbia
569 4203 615 4245 ra.
645 4178 903 4263 scapularem
924 4199 1002 4243 cum
1022 4180 1159 4268 virgine
1181 4186 1230 4249 ι5.
1261 4205 1290 4249 c.
1313 4186 1382 4251 telo
1402 4203 1474 4251 esse
1493 4199 1542 4267 27.
1563 4205 1593 4250 c.
1612 4185 1745 4271 populo

382 4303 486 4372 agere
512 4287 563 4372 67.
588 4284 805 4372 turpitudine
830 4291 965 4352 aetatem
992 4304 1095 4373 agere
1121 4291 1173 4354 56.
1204 4310 1234 4355 c.
1253 4309 1378 4377 magna
1403 4288 1518 4377 gloria
1536 4289 1577 4356 iu
1596 4289 1745 4360 exercitu
