4050 5009
1555 396 1626 471 ²77

230 545 284 607 tes
313 551 413 613 esset
457 540 530 617 Sed
550 544 736 647 quoniam
761 550 950 654 coaequari
975 550 1137 657 gratiam
1167 551 1342 627 omnium
1374 550 1527 627 difficile
1547 566 1628 645 est3

228 654 372 761 qnippe
391 688 481 737 cum
505 666 580 742 illis
604 670 794 747 maiorum
819 674 937 749 virtus
966 690 1117 779 partam
1142 672 1339 778 reliquerit
1365 674 1544 779 gloriam,
1570 672 1630 748 di⁴

225 780 427 883 gnitatem,
441 788 634 867 clientelas
650 828 658 869 :
674 810 797 871 cetera
820 797 1047 887 multitudo,
1094 796 1247 899 leraque
1269 797 1428 873 insiticia
1452 796 1521 890 sit3
1544 820 1628 873 sen-

224 904 361 980 tentias
381 935 514 987 eorum
533 942 555 989 a
577 934 682 991 metu
703 918 846 995 libera:
872 920 925 995 ite
946 824 1094 997 occuli
1112 919 1184 995 sibi
1203 920 1364 1024 quisque
1385 920 1540 996 alterius
1561 946 1629 1024 po·

222 1030 342 1105 tentia
361 1034 486 1135 carior
506 1038 587 1113 erit.
623 1040 793 1117 Libertas
812 1044 918 1118 iuxta
938 1044 1049 1117 bonis
1069 1060 1108 1119 et
1129 1044 1253 1133 malis,
1282 1045 1445 1119 strenuis
1463 1060 1501 1119 et
1523 1045 1629 1148 igna-

220 1150 295 1243 vis,
320 1158 499 1259 optabilis
519 1176 582 1237 est.
616 1165 772 1257 ⁴Verum
793 1193 878 1242 eam
896 1166 1071 1270 plerique
1093 1184 1198 1244 metu
1221 1168 1417 1258 deserunt,
1441 1169 1628 1244 stultissu-

221 1278 278 1351 mi
299 1282 485 1383 mortales.
529 1286 646 1383 Quod
674 1287 717 1363 in
744 1292 952 1366 certamine
973 1291 1154 1381 dubium,
1192 1318 1374 1395 quorsum
1399 1290 1561 1382 accidat,
1587 1290 1628 1367 id

218 1426 292 1504 per
319 1402 500 1481 inertiam
527 1408 570 1481 in
589 1435 649 1501 se,
666 1412 920 1514 quasivicti,
954 1414 1155 1517 recipiunt
1194 1416 1316 1519 Igitur
1338 1415 1486 1491 duabus
1515 1413 1627 1491 rebus'

218 1524 443 1603 confirmari
466 1557 571 1635 posse
597 1526 773 1611 senatum
792 1554 913 1641 puto:
949 1539 980 1613 si
1009 1566 1170 1614 numero
1194 1564 1328 1615 auctus
1349 1567 1419 1643 per
1446 1537 1627 1613 tabellam

215 1652 449 1727 sententiam
470 1653 572 1731 leret
608 1656 764 1733 Tabella
791 1660 965 1736 obtentui
986 1663 1077 1751 erit,
1102 1689 1180 1765 quo
1206 1664 1322 1767 magis
1348 1662 1478 1736 animo
1505 1661 1627 1737 libero

215 1772 346 1849 facere
366 1777 526 1852 audeatt
551 1780 593 1855 in
612 1782 864 1861 multitudine
889 1802 927 1861 et
946 1785 1112 1889 praesidii
1141 1787 1246 1889 plus,
1281 1802 1320 1861 et
1343 1813 1432 1861 usus
1462 1786 1628 1890 amplior

216 1916 282 1972 est.
321 1900 420 1975 Nam
438 1901 534 1993 sere,
558 1901 618 1978 bis
647 1908 950 2009 tempestatibus,
977 1908 1046 1982 alii
1072 1908 1222 1982 iudiciis
1245 1909 1430 2012 publicis,
1458 1909 1522 1983 alii
1547 1906 1627 2012 pri-

214 2024 314 2097 vatis
335 2024 411 2098 suis
431 2042 547 2129 atque
562 2028 774 2105 amicorum
793 2032 952 2134 negotiis
972 2030 1178 2133 implicati,
1203 2030 1311 2107 baud
1331 2058 1421 2105 sane
1440 2030 1625 2134 reipubli-

214 2171 271 2221 oae
296 2147 462 2223 consiliis
484 2149 692 2226 adfuerunt
716 2186 724 2226 ε
748 2180 874 2256 neque
891 2179 963 2251 ¹eos
989 2154 1106 2258 magis
1133 2157 1333 2257 occupatio
1357 2182 1474 2258 quam
1494 2181 1625 2259 super·

213 2270 265 2345 ba
292 2271 452 2375 imperia
484 2273 699 2352 distinuere.
754 2279 936 2354 Homines
962 2274 1107 2352 nobiles
1139 2306 1228 2353 cum
1250 2280 1381 2382 paucis
1409 2279 1625 2381 senatoriis,

212 2422 313 2497 quos
339 2395 598 2475 additamenta
622 2400 798 2475 factionis
821 2399 985 2489 habent,
1011 2426 1264 2505 quaecumque
1284 2402 1428 2491 lubuit,
1450 2403 1627 2505 probare,

211 2518 512 2623 reprehendere,
547 2523 766 2614 decernere,
802 2552 865 2615 ea,
899 2522 957 2600 uti
986 2523 1123 2598 lubido
1149 2525 1272 2614 tulit,
1296 2524 1427 2599 facere
1476 2528 1622 2601 Verum

211 2644 304 2731 ubi,
330 2672 491 2721 numero
515 2664 734 2724 senatorum
760 2665 892 2737 aucto,
917 2674 986 2750 per
1008 2646 1189 2722 tabellam
1212 2647 1407 2723 sententiae
1427 2646 1622 2738 dicentum

214 2793 279 2843 11ae
296 2766 356 2841 illi
376 2770 594 2873 superbiam
615 2797 724 2847 suam
748 2771 962 2860 dimittent,
987 2770 1056 2844 ubi
1079 2770 1123 2843 iis
1140 2770 1396 2845 obediendum
1420 2772 1512 2862 erit,
1536 2771 1624 2874 qui-

212 2892 288 2966 bus
310 2908 422 2967 antea
451 2895 720 2972 crudelissume
740 2895 1021 2999 imperitabant
1065 2894 1259 2983 Forsitan,
1285 2894 1511 2997 imperator,
1535 2922 1621 2999 per·
1635 2914 1669 2953 ¹²

212 3014 322 3089 lectis
346 3012 482 3105 literis,
517 3017 721 3115 desideres,
750 3048 866 3123 quem
889 3046 1094 3093 numerum
1116 3034 1335 3092 senatorum
1358 3016 1441 3091 lieri
1462 3018 1625 3119 placeat,

212 3164 370 3241 quoque
386 3140 500 3215 modo
518 3143 547 3217 is
567 3142 608 3217 in
621 3131 743 3236 multa
761 3161 800 3217 et
817 3144 921 3218 varia
941 3144 1060 3217 ollicia
1076 3141 1349 3233 distribuatur;
1368 3140 1509 3215 iudicia
1524 3168 1622 3243 quo-

211 3262 320 3338 niam
338 3264 472 3366 primae
493 3266 599 3339 classi
620 3266 891 3341 committenda
918 3280 1068 3370 putem,
1094 3288 1180 3369 quae
1200 3263 1423 3368 descriptio,
1448 3264 1516 3369 qui
1544 3246 1619 3338 nu·

210 3413 340 3463 merus
373 3388 413 3462 in
438 3414 592 3490 quoque
613 3417 747 3493 genere
769 3389 923 3464 futurus
944 3390 1000 3463 sit
1051 3391 1106 3463 Ea
1128 3387 1225 3463 mihi
1252 3387 1380 3461 omnia
1408 3387 1616 3491 generatim

212 3510 425 3585 describere
442 3508 550 3586 baud
572 3512 725 3588 difficile
751 3512 856 3588 factu
880 3512 978 3587 luit:
1002 3512 1067 3587 sed
1088 3512 1194 3617 prius
1217 3510 1474 3585 laborandum
1493 3510 1617 3587 visum

211 3652 269 3710 est
285 3636 333 3710 de
353 3639 501 3710 summa
520 3637 698 3726 consilii,
714 3624 830 3739 idque
850 3636 919 3711 tibi
942 3636 1187 3740 probandum
1210 3662 1343 3709 verum
1364 3659 1447 3709 esse.
1485 3634 1523 3707 Si
1542 3631 1616 3708 hoo

212 3759 353 3833 itinere
372 3760 430 3833 uti
447 3760 670 3851 decreveris,
694 3778 815 3836 cetera
836 3761 877 3835 in
906 3777 1091 3864 promptu
1112 3774 1234 3834 erunt„
1284 3752 1384 3831 Volo
1407 3783 1474 3860 ego
1495 3756 1619 3831 consi-

212 3881 312 3956 lium
334 3908 463 3957 meum
486 3882 654 3989 prudens
676 3908 930 3988 maxumeque
948 3884 1033 3958 usui
1053 3908 1135 3959 esse.
1172 3883 1269 3955 Nam
1286 3879 1522 3981 ubicumque
1545 3879 1615 3954 tibi

213 4069 299 4140 Febr.
312 4079 389 4141 lli-io.
402 4080 524 4141 dotium
540 4091 589 4143 cst.
610 4092 651 4142 est
668 4101 729 4141 om.
744 4080 826 4145 Febr.
846 4090 874 4140 et
893 4080 1018 4139 Bric.-
1040 4076 1113 4157 Cap.
1129 4098 1174 4138 ra.
1195 4080 1409 4158 quoquomodo
1427 4076 1503 4137 isia
1520 4074 1615 4137 mullo

215 4186 315 4247 Velie.
335 4185 361 4245 s's
379 4188 466 4246 ceteri
486 4206 547 4245 om.
574 4185 789 4247 distribuentur
813 4183 925 4243 iudicia
945 4184 1084 4262 quoniam
1104 4182 1237 4243 omnibru
1259 4182 1375 4263 primas
1396 4181 1495 4267 classis
1514 4174 1624 4245 Vatis:
1648 4270 1652 4278 ι

218 4288 433 4350 distribuuntur
441 4290 554 4352 iudicio
572 4292 712 4370 quom'om
723 4288 829 4370 primae
842 4298 896 4349 stc.
908 4286 993 4350 Febr.
1006 4298 1035 4349 st
1044 4286 1119 4348 Bric.
1133 4285 1346 4348 comusittsnda
1358 4286 1484 4349 coniecit
1497 4284 1574 4369 Lips-
1583 4294 1614 4345 ιι

1830 2912 1841 2949 Ι
