4050 5009
441 388 514 439 220

520 550 572 622 At
594 548 740 625 scilicet
757 575 833 639 eos,
855 552 925 654 qui
947 551 998 628 ed
1011 567 1245 657 postremum
1263 576 1385 653 usque
1400 549 1555 654 legatos,
1578 572 1721 651 pacem,
1736 569 1825 617 oon·

440 670 610 747 cordiam
634 688 673 746 et
695 672 771 749 alia
796 672 1060 751 huiuscemodi
1086 675 1363 764 decreverunt,
1394 673 1554 779 gratiam
1575 671 1626 747 ab
1652 696 1695 745 eo
1716 692 1827 772 pepe—

441 793 537 869 risse
569 798 653 870 Imo
669 795 833 900 despecti
846 813 887 873 et
904 798 1055 903 indigni
1081 797 1276 903 republica
1295 795 1435 887 habiti,
1457 795 1595 901 praedae
1619 794 1703 869 loco
1720 806 1829 867 aestu-

441 934 625 993 mautur:
649 921 794 1023 qnippe
810 937 916 995 metu
937 948 1071 1025 paoem
1091 936 1315 1025 repetentes,
1338 946 1416 1025 quo
1430 918 1600 997 habitam
1618 916 1829 995 amiserant.

442 1042 631 1142 Faepridem
651 1071 674 1117 a
694 1045 904 1150 principio,
930 1073 1054 1148 quum
1075 1044 1270 1121 Etruriam
1284 1045 1502 1132 coniurare,
1524 1042 1754 1145 proscriptos
1770 1064 1831 1115 ac·

442 1156 555 1256 oe'rsi,
579 1166 843 1272 largitionibus
860 1170 1139 1274 rempublicam
1157 1169 1316 1245 lacerari
1340 1169 1531 1257 ridebam
1555 1164 1830 1242 mautrandum

440 1291 645 1395 putabam,
668 1308 708 1371 et
738 1294 865 1369 Catuli
887 1294 1045 1369 consilia
1070 1322 1160 1369 cum
1189 1295 1322 1398 paucis
1346 1309 1495 1369 secutru
1518 1318 1611 1367 sum
1654 1294 1830 1367 ceterum

441 1414 519 1507 illi,
543 1416 612 1519 qui
632 1417 754 1521 gentis
775 1417 946 1492 Aemiliae
963 1417 1161 1494 benefacta
1186 1417 1435 1508 extollebant,
1457 1434 1496 1492 et
1516 1405 1743 1520 ignoscendo
1762 1444 1832 1520 po-

439 1540 525 1643 puli
553 1542 715 1619 Romani
741 1540 1046 1646 magnitudinem
1074 1542 1246 1633 auxisse,
1265 1568 1455 1645 nusquam
1478 1541 1593 1616 etiam
1618 1556 1702 1615 tum
1720 1522 1833 1643 Lepi·

439 1664 790 1770 dum‘progressum
803 1668 983 1759 aiebant,
1005 1695 1129 1772 quum
1150 1665 1296 1772 privata
1321 1693 1425 1742 arma
1444 1650 1707 1769 opprimundae
1719 1664 1833 1740 liber-

441 1791 532 1866 tatis
547 1793 703 1895 cepisset
709 1824 726 1885 ·,
742 1793 815 1869 sibi
841 1794 1003 1895 quisque
1024 1818 1113 1897 opes
1132 1807 1201 1867 aut
1220 1790 1432 1895 patrocinia
1454 1788 1660 1892 modo
1679 1790 1833 1865 consili·

439 1941 508 1993 um
525 1915 727 2019 publicum
743 1932 1009 2019 corruperunt.
1045 1921 1096 1989 At
1118 1931 1202 1989 tum
1219 1932 1301 1989 erat
1319 1914 1483 2018 Lepidus
1505 1914 1603 1989 latro
1620 1938 1708 1989 cum
1731 1916 1833 1991 calo·
1940 2006 1941 2019 χ

439 2039 554 2119 nibus
571 2057 610 2117 et
623 2041 755 2145 paucis
771 2040 930 2129 sicariis,
956 2064 1124 2139 quorum
1145 2063 1257 2113 nemo
1275 2065 1354 2114 non
1368 2038 1507 2113 diurna
1527 2038 1697 2113 mercede
1714 2040 1833 2117 vitam

439 2166 667 2242 mutaverit:
691 2190 798 2241 nunc
816 2180 872 2239 est
887 2160 1091 2267 proconsul
1112 2188 1202 2237 cum
1219 2163 1399 2266 imperio,
1420 2189 1500 2237 non
1518 2178 1638 2254 emto,
1658 2162 1723 2239 sed
1740 2164 1832 2241 dato

439 2316 460 2365 a
489 2290 612 2381 vobis,
645 2316 736 2366 cum
754 2288 883 2394 legatis
902 2285 1031 2362 adhuc
1054 2286 1138 2361 iure
1159 2287 1405 2390 parentibus:
1429 2302 1468 2362 et
1494 2285 1545 2362 ad
1561 2313 1650 2363 eum
1670 2314 1832 2365 concur·

438 2440 524 2491 rere·
540 2412 715 2492 homines
741 2412 916 2488 omnium
937 2410 1120 2486 ordinum
1143 2411 1447 2515 corruptissumi3
1478 2410 1676 2517 flagrantes
1698 2412 1830 2518 inopia

437 2554 477 2613 et
495 2536 763 2641 cupidinibus,
782 2536 967 2613 scelerum
979 2534 1210 2613 conscientia
1227 2535 1423 2638 exagitati3
1447 2536 1589 2637 quibus
1600 2537 1705 2640 quies
1720 2538 1761 2613 in
1777 2566 1830 2615 se

439 2660 666 2751 dition'drus,
692 2662 738 2737 in
754 2686 851 2765 paoe—
870 2659 993 2734 turbte
1009 2674 1129 2733 sunt:
1152 2656 1196 2733 bi
1219 2659 1429 2734 tumultum
1455 2687 1501 2735 ex
1526 2662 1722 2753 tumultu,
1750 2665 1831 2741 bel-

438 2782 522 2859 lum
548 2811 594 2860 ex
620 2783 721 2861 bello
748 2800 880 2861 serunt
888 2817 899 2877 ς
921 2782 1121 2857 Saturnini
1145 2782 1261 2872 olim,
1281 2800 1366 2887 post
1394 2783 1582 2887 Sulpicii,
1601 2784 1691 2862 dein
1717 2788 1831 2865 Marii

438 2908 755 3013 Damasippique,
787 2936 895 2983 nunc
921 2907 1056 3011 Lepidi
1089 2906 1279 2982 satellites.
1323 2910 1502 2983 Praeteuea
1530 2910 1684 2987 Etruria
1715 2928 1830 3015 atque

439 3059 567 3109 omues
589 3034 765 3136 reliquiae
778 3032 870 3108 belli
894 3047 1072 3107 arrectae:
1098 3030 1291 3135 Hispaniae
1314 3032 1433 3109 armis.
1446 3030 1648 3111 sollicitae:
1676 3035 1828 3115 Mithri·

389 3184 394 3193 ·
437 3154 541 3232 dates
564 3156 606 3232 in
635 3156 758 3233 tatere
782 3156 1025 3259 vectigalium
1061 3170 1299 3246 nostrerum,
1331 3156 1470 3260 quibus
1494 3156 1622 3233 adbuc
1644 3178 1828 3238 sustenta-

438 3305 544 3372 mur,
559 3279 662 3360 diem
680 3272 783 3357 bell‘o
803 3278 1082 3384 circumspicit:
1107 3280 1208 3383 quin·
1221 3298 1366 3385 praeter
1377 3281 1560 3359 idoneum:
1573 3282 1709 3360 ducem
1726 3286 1825 3363 nibil

437 3403 540 3485 abest
554 3404 605 3479 ad
624 3403 934 3481 subvortundum
953 3402 1169 3506 imperium.
1207 3404 1323 3502 Quod
1345 3432 1412 3510 ego
1433 3432 1496 3481 vos
1524 3434 1595 3482 oro
1614 3426 1729 3511 atque
1760 3412 1825 3487 ob-

436 3550 557 3617 secro,
576 3530 702 3606 Patres
724 3526 945 3631 conscripti,
964 3542 1010 3601 ut
1033 3526 1370 3622 animadvortatis,
1387 3556 1466 3605 neu
1487 3531 1686 3633 patiamini
1709 3533 1825 3613 licen·

416 3649 533 3726 <tiam
554 3651 762 3741 scelerum,
804 3649 916 3758 qrrasi
944 3648 1122 3741 rabiem,
1151 3651 1201 3725 ed
1223 3652 1385 3756 integros
1412 3670 1590 3729 contactu
1616 3658 1821 3759 procedere

438 3774 552 3866 Nam,
577 3774 651 3851 ubi
662 3774 780 3854 malos
794 3774 949 3883 praemia
968 3790 1200 3875 sequuntur,
1216 3772 1324 3850 haud
1340 3774 1450 3851 facile
1466 3777 1666 3883 quisquam
1683 3783 1822 3887 granti-

435 3991 539 4055 puctm
556 3984 638 4035 vetut
650 3973 750 4035 odito
773 3972 865 4035 dobeo
879 3972 1020 4054 popm'tse
1038 3964 1167 4058 plurimi·
1181 3972 1260 4033 ttbn'.
1279 3982 1312 4035 st
1325 3972 1447 4055 indigui
1460 3978 1604 4057 republica
1621 3978 1717 4047 Coro,
1729 3988 1819 4045 Fron·

440 4088 471 4139 to
488 4099 511 4145 s.
528 4101 556 4140 r.
571 4078 687 4159 iodrum
697 4078 874 4160 pruscrrbtos
889 4078 1001 4139 asama·
1018 4080 1163 4142 ituVatic.
1182 4078 1322 4140 accersiri
1334 4081 1405 4140 clim
1420 4081 1532 4141 editum
1546 4084 1609 4149 tuit.
1628 4084 1746 4148 Attum
1757 4098 1817 4149 erut

438 4180 475 4245 l.
494 4185 592 4247 Vatis.
610 4194 741 4245 momen
752 4186 855 4245 ceteri„
868 4182 959 4243 orrnt't
969 4184 1101 4245 sollicito
1121 4183 1238 4249 Fabric..
1252 4183 1329 4245 Bric-
1346 4186 1506 4247 tcllicitotu
1525 4189 1618 4249 ceteri.
1648 4210 1705 4251 nur
1720 4194 1816 4273 potio·

436 4288 514 4353 otini
529 4289 623 4357 Votis.
643 4309 680 4354 ru
697 4291 794 4354 octub
812 4288 1029 4371 quaeratur.
1044 4288 1146 4351 Canio
1162 4288 1256 4353 ratem
1268 4290 1401 4352 muiecit.
1422 4289 1549 4371 r'rrtcgros
1568 4302 1706 4375 contactu
1723 4298 1812 4361 Vatis.
