4050 5009
333 416 457 497 „28

491 612 578 673 Gom
604 601 758 668 Sertorio
785 601 854 667 hoc
876 619 968 666 anno
996 599 1209 669 debellatum
1238 584 1526 683 cst'ccnjuratio
1549 605 1645 671 enim
1667 610 1816 697 detecta,

410 716 507 799 cujus
522 710 676 776 occultus
691 715 811 771 auctor
829 709 1000 793 Perperna
1018 708 1144 795 fuerat,
1166 716 1206 773 ut
1220 708 1410 775 Sertorium
1423 709 1494 775 suis
1509 711 1725 780 infestiorem
1736 719 1814 781 red·
1842 756 1851 765 ·

409 821 517 903 didit,
537 818 586 881 ita
606 816 856 895 conjuratorum
867 814 1013 878 consilia
1026 814 1238 882 acceleravit.
1256 818 1311 879 lta
1324 815 1452 881 factum
1473 824 1542 895 eat,
1562 821 1817 887 ntSertoriusa
1838 828 1844 855 ⁸

410 926 462 991 Μ’.
481 923 634 989 dnt'onio
654 928 688 985 et
706 922 753 985 M.
768 922 940 1003 Perperna
958 918 1106 1004 aliisque
1122 921 1307 1002 conjuratis
1325 922 1365 987 in
1382 922 1543 989 convivio
1558 926 1817 1012 interficeretur,

412 1042 532 1099 octavo
548 1032 689 1093 ducatus
702 1024 757 1090 sui
774 1044 884 1103 aun03
903 1042 1048 1110 magnus
1065 1028 1135 1091 dux
1151 1034 1187 1091 et
1198 1029 1360 1094 adversus
1372 1031 1460 1095 duos
1476 1030 1701 1117 imperatores
1714 1034 1818 1097 Pom·

409 1139 528 1226 pejum
550 1144 583 1201 et
604 1132 792 1216 Metellum,
820 1134 909 1214 sape
928 1150 1015 1215 par,
1049 1131 1105 1195 vel
1125 1130 1341 1213 frequentius
1359 1134 1488 1216 rictor3
1512 1138 1557 1199 ad
1573 1137 1733 1200 ultimum
1755 1141 1819 1203 de·

411 1252 521 1311 sertus
539 1249 573 1307 et
591 1240 753 1325 proditus
785 1235 976 1321 Imperium
999 1234 1151 1319 partium
1169 1239 1216 1301 ad
1235 1240 1283 1303 Μ.
1304 1242 1513 1325 Perpernam
1533 1242 1736 1311 translatum
1755 1249 1817 1309 eat.

411 1460 645 1481 m

409 1590 567 1674 quidem,
584 1588 732 1654 Asconio
745 1595 894 1655 auctore
919 1590 1049 1654 Comm.
1076 1590 1115 1655 in
1141 1592 1237 1659 Verr.
1261 1595 1306 1658 de
1331 1598 1427 1679 prat.
1451 1592 1537 1658 Urb.
1561 1615 1596 1678 p.
1622 1610 1692 1656 roa.
1709 1591 1820 1659 Verre

371 1764 380 1777 ¹
409 1704 572 1781 pretore,
602 1696 762 1759 tribunus
786 1693 862 1757 fuit.
890 1694 951 1759 cfr.
974 1696 1044 1761 Cic.
1071 1694 1110 1761 in
1131 1699 1228 1764 Verr.
1246 1700 1319 1763 Act.
1335 1700 1379 1761 11.
1400 1722 1430 1768 1.
1442 1717 1493 1782 47.
1520 1696 1685 1784 Pighium
1702 1703 1820 1762 antem

412 1802 453 1871 in.
472 1822 623 1867 errorem
643 1801 816 1867 induxisse
831 1801 969 1866 videtur
995 1802 1085 1865 alius
1114 1802 1261 1867 Pediani
1283 1804 1396 1887 locus,
1415 1802 1475 1867 cfr.
1493 1807 1538 1867 ad
1553 1802 1623 1867 Cic.
1639 1803 1710 1867 Act.
1730 1804 1759 1865 1.
1779 1801 1821 1865 in

409 1910 508 1975 *Vern
537 1908 586 1970 sl.
616 1906 678 1969 ubi
700 1926 784 1991 ..per
806 1926 916 1972 annos
939 1906 1122 1971 continuos
1146 1916 1215 1973 tres
1236 1908 1301 1973 illo
1325 1915 1478 1992 tempore
1502 1908 1673 1992 populum
1690 1897 1823 1970 Rona-

413 2034 499 2078 num
518 2011 740 2077 tribuniciam
756 2020 960 2099 potestatem
981 2013 1173 2100 flagitasse»
1192 2013 1288 2078 dicit.
1315 2013 1385 2100 Qui
1406 2012 1545 2095 quidem
1567 2012 1666 2076 locus
1688 2012 1719 2075 si
1741 2029 1822 2075 cum

412 2118 485 2184 alio
505 2119 690 2204 confertur,
708 2122 898 2218 Comment.
914 2120 953 2183 in
976 2119 1258 2206 Divinabp.19.=
1277 2117 1434 2196 «Primus
1455 2115 1631 2201 Licinius,
1661 2115 1823 2182 tribunus

412 2226 543 2311 plebis,
561 2248 625 2293 nec
640 2227 750 2292 multo
767 2235 845 2313 post
864 2226 1049 2313 Quinctius
1068 2232 1103 2293 et
1124 2232 1299 2314 postremo
1322 2224 1504 2311 Palicanus
1524 2222 1755 2311 perfecerant,
1782 2209 1823 2285 ut

410 2333 635 2421 tribuniciam
656 2341 856 2418 potestatem
874 2334 1006 2419 populo
1028 2336 1212 2399 redderent
1233 2335 1324 2399 Cosa.
1346 2341 1404 2398 cn.
1420 2331 1604 2415 Pompejus
1622 2334 1769 2416 Magnus
1787 2334 1823 2393 et

412 2442 459 2503 M.
473 2439 627 2530 Licinius
645 2432 810 2503 crassost>
829 2436 911 2500 satis
925 2438 1108 2521 probabile
1126 2434 1280 2518 videtur,
1299 2438 1500 2525 Palicanum
1513 2435 1581 2499 hoc
1599 2454 1689 2500 anno
1711 2436 1824 2500 tribu·

412 2567 498 2610 num
514 2546 627 2629 plebis
645 2543 759 2606 luisse.
778 2544 841 2606 Sed
857 2542 1023 2608 Asconius
1043 2542 1118 2632 ipse
1136 2548 1184 2610 M.
1200 2545 1354 2611 Lollium
1377 2540 1580 2605 Palicanum
1601 2540 1664 2620 qui
1691 2544 1729 2604 L.
1756 2542 1823 2604 Oc-

415 2653 519 2736 tavio,
532 2655 568 2715 G.
577 2648 720 2744 durelio
732 2652 821 2715 Coss.
837 2649 994 2723 tribunus
1006 2653 1055 2742 pl.
1070 2661 1153 2740 erat,
1166 2668 1338 2736 quemque
1347 2645 1540 2732 Quinctius,
1553 2651 1587 2707 et
1601 2643 1756 2717 Liciniut
1769 2660 1823 2705 ὅθ·

416 2757 627 2840 quebantur,
641 2775 718 2819 cum
727 2757 834 2825 altero
841 2760 1003 2829 Palicano
1013 2753 1409 2848 permiscuissevidetur5
1423 2768 1504 2812 nam
1512 2750 1557 2811 ad
1565 2747 1667 2812 illum
1673 2749 1824 2831 potestas
1924 2781 1934 2803 .

376 2932 383 2945 ,
415 2860 604 2928 tribunicia
625 2862 779 2933 restituta
795 2866 886 2935 nihil
907 2868 1086 2958 pertinuit.
1106 2864 1194 2925 Nam
1212 2854 1384 2939 Palicani,
1403 2874 1474 2937 quo
1491 2852 1632 2917 tribuno
1649 2852 1699 2937 pl.
1719 2850 1825 2913 Pom-

415 2972 512 3058 pejus
538 2972 704 3037 habuerat
731 2980 934 3043 concionem
966 2980 1009 3040 de
1032 2962 1243 3037 restituenda
1266 2957 1455 3025 tribunicia
1479 2966 1662 3046 potestate,
1691 2951 1825 3040 gentile

415 3097 545 3141 nomen
560 3074 701 3143 Atilius
720 3081 777 3147 vel
796 3082 926 3147 Acilius
942 3070 1018 3129 t'uit.
1038 3060 1098 3129 cfr·
1114 3062 1255 3129 Salustii
1273 3064 1395 3147 fragm.
1414 3088 1470 3145 ap.
1488 3062 1655 3143 Quinctil.
1672 3057 1822 3123 Institut.

416 3184 559 3249 Rhetor.
569 3184 626 3253 lv.
645 3202 711 3249 nr.
721 3195 755 3251 et
770 3188 985 3253 Burmannus
998 3172 1043 3229 ad
1060 3174 1096 3231 h.
1108 3171 1135 3229 1.
1145 3169 1186 3227 in
1202 3164 1283 3226 aliis
1293 3167 1401 3227 codd.
1413 3161 1579 3228 Attclius
1591 3166 1649 3227 vel
1662 3158 1824 3229 Acilius

416 3290 561 3382 legitur,
592 3294 714 3366 sedin
734 3294 834 3355 nullo
862 3269 1012 3355 Aelius,
1037 3271 1133 3353 quod
1155 3269 1317 3334 Debross.
1343 3265 1500 3333 affirmat.
1528 3266 1590 3332 cfr.
1612 3268 1702 3333 Hist.
1721 3269 1822 3355 Reip.

415 3400 516 3465 Rom,
534 3398 722 3471 v01‚11,p.
745 3401 816 3460 tta·
837 3377 991 3441 adhunc
1011 3376 1213 3442 Palicanum
1228 3378 1302 3442 hac
1321 3375 1528 3461 scriptorum
1543 3375 1621 3439 loca
1640 3381 1721 3439 sunt
1734 3375 1825 3441 refe·

416 3506 525 3573 tenda
544 3503 613 3566 Cic.
633 3496 726 3558 Brut.
745 3489 795 3548 62.
811 3481 887 3552 Val.
916 3482 1004 3549 Max.
1025 3485 1085 3547 III.
1105 3486 1135 3546 8.
1152 3488 1183 3548 3.
1204 3482 1278 3547 Cic·
1299 3486 1344 3547 ad
1358 3484 1460 3549 Attic.
1481 3484 1508 3553 Ῑ.
1529 3504 1557 3547 1.
1574 3492 1609 3549 ei
1627 3485 1674 3547 18.
1693 3484 1765 3546 Aci·
1784 3480 1824 3545 in

418 3607 515 3670 verr,
529 3608 556 3669 1,
571 3608 620 3664 13.
640 3590 751 3654 Etiam
765 3592 827 3679 Ep.
840 3593 884 3656 ad
897 3589 998 3654 Attio.
1007 3592 1051 3654 ll.
1066 3595 1096 3654 3.
1115 3592 1159 3654 ad
1170 3592 1320 3658 eundem
1334 3591 1509 3677 pertinere
1519 3598 1553 3655 et
1568 3608 1769 3675 praenomen
1781 3589 1825 3653 K.

285 3714 289 3721 '
419 3708 459 3771 in
477 3712 525 3771 M.
540 3698 743 3768 mutandum
759 3720 831 3767 esse
847 3716 986 3777 oensem
1008 3703 1135 3763 temere
1151 3696 1204 3763 ibi
1224 3696 1400 3763 Ernestius
1415 3694 1512 3764 Auli
1512 3691 1602 3786 filio
1620 3694 1826 3779 emendarit,

419 3810 484 3875 alii
499 3810 569 3871 alia
591 3812 814 3871 tentaverunt.
834 3810 920 3869 Nam
937 3803 994 3869 vel
1016 3812 1135 3891 postea
1152 3804 1317 3889 Pompcjo
1335 3823 1414 3869 cum
1434 3803 1500 3867 isto
1522 3801 1663 3866 tribuno
1677 3799 1826 3865 necessi·

421 3913 578 3977 tudinem
588 3914 758 3995 quandam
769 3910 1012 3986 intercessisse,
1025 3910 1213 3975 verisimile
1227 3918 1287 3975 est.
1307 3910 1413 3974 Plane
1424 3908 1577 3974 diversus
1590 3928 1612 3971 a
1623 3902 1826 3989 Palicam’s,

421 4021 470 4084 M.
497 4019 630 4085 Lollius
652 4018 753 4084 fuisse
773 4018 929 4099 videtur,
957 4004 1060 4099 queni
1087 4017 1205 4081 Cicero
1224 4014 1343 4080 Clodii
1361 4014 1546 4081 satellitem
1571 4022 1605 4079 et
1623 4012 1825 4077 seditiosum

423 4126 604 4192 hominem
625 4126 791 4213 nominat.¹
813 4122 874 4193 cfr.
893 4124 950 4191 Or.
975 4144 1040 4209 pro
1053 4126 1166 4189 Domo
1183 4127 1211 4187 5.
1234 4126 1264 4186 6.
1282 4124 1332 4192 35.
1349 4130 1412 4193 etc.
1430 4124 1480 4193 De
1500 4118 1581 4185 aliis
1599 4117 1722 4185 Lolliis
1744 4118 1825 4185 ride

422 4234 555 4299 Ernesti
574 4236 667 4301 Clau.
685 4233 750 4299 Cic.
1683 4262 1686 4267 -
