4050 5009
385 395 459 514 ³⁷4.

384 586 556 670 hospitibus
575 587 665 668 (regis
683 609 750 669 sup.
772 588 840 667 lin.)
858 619 877 636 -
911 601 960 664 14.
978 589 1030 651 sed
1051 589 1076 650 si
1098 597 1131 651 ee
1152 589 1345 656 desideranda
1365 603 1449 656 erent
1468 626 1488 645 -
1514 609 1585 660 sunt
1605 619 1622 660 s
1640 601 1726 667 robis
1745 621 1794 666 rs-

383 698 462 776 repti
481 726 502 759 ·,
520 695 651 756 institnit
670 696 834 755 amicitiam
853 728 872 743 ·
896 697 947 756 sed
966 697 1005 757 ad
1025 697 1246 778 impetrandum
1268 697 1390 782 (simp.
1411 703 1479 781 lin.)
1499 735 1518 752 -
1537 703 1647 768 bucino
1668 711 1794 792 micipse

384 813 470 883 pater
488 833 506 848 -
531 821 732 880 nunquamne
752 802 867 860 semilis
888 802 970 882 (ergo
989 825 1056 884 sup.
1078 803 1145 882 lin.)
1167 806 1331 866 incolomes
1347 837 1367 854 ·
1396 819 1540 889 retuslest
1560 819 1756 892 conjunctum
1774 845 1794 864 -

384 919 437 970 ent
456 921 517 989 quo
536 907 726 986 potissimum
755 939 773 954 ·
800 908 920 990 siquid
941 931 975 968 ex
993 909 1158 988 improviso
1179 911 1252 968 meli
1272 943 1289 956 -
1315 921 1368 971 snt
1386 914 1465 996 regis
1490 946 1510 964 ·
1539 916 1580 974 ab
1598 935 1681 978 rrem
1702 919 1792 980 amic.

384 1013 456 1072 fam.
482 1031 554 1072 nre.
575 1009 766 1072 oboedientia
796 1045 815 1060 -
841 1015 936 1095 gravis
964 1033 1069 1095 poenas
1098 1045 1118 1061 -
1156 1015 1203 1076 15.
1231 1017 1435 1096 nequisirisset
1461 1047 1480 1068 -
1508 1031 1646 1100 preterea
1673 1033 1793 1086 senem

383 1134 493 1199 magno
513 1136 582 1197 pers
598 1147 620 1164 -
648 1116 768 1178 omilim
788 1127 906 1179 scantin
927 1153 942 1164 -
976 1120 1056 1180 vicio
1072 1137 1125 1179 sus
1145 1151 1163 1165 -
1195 1121 1240 1180 16.
1262 1123 1411 1204 aggressos
1429 1153 1446 1170 -
1460 1124 1686 1186 mauretaniam
1706 1145 1793 1210 ·17.

336 1221 339 1225 ’
382 1221 422 1281 dc
443 1220 489 1280 bis
509 1220 591 1281 band
611 1223 679 1279 -in
699 1233 783 1302 porte
803 1223 894 1282 tercia
913 1253 933 1272 -
960 1225 993 1284 in
1015 1225 1170 1286 occidente
1191 1225 1242 1300 (ab
1261 1245 1327 1308 sup.
1350 1227 1417 1308 lin.)
1437 1260 1455 1277 -
1476 1231 1685 1310 inportuosnm
1705 1265 1723 1280 -
1740 1251 1793 1292 ar·

382 1325 451 1386 bori
470 1326 882 1394 infecundm-snimalia.·i.
903 1341 1050 1412 serpentes
1071 1330 1154 1390 dicit.
1175 1349 1271 1412 amp.
1286 1333 1340 1392 lin.
1362 1332 1440 1414 (bec
1459 1339 1554 1416 glossa
1575 1338 1608 1394 in
1621 1346 1791 1397 contextum

383 1443 501 1512 recepte
521 1434 551 1492 et
570 1433 636 1494 ead.
655 1455 747 1494 mann
768 1437 891 1517 scripta)
904 1467 923 1482 -
944 1439 992 1496 18.
1004 1435 1100 1498 ‘libies
1115 1469 1132 1484 -
1152 1457 1224 1518 qnos
1244 1457 1304 1497 nox
1323 1440 1458 1520 co'e'gerot
1470 1473 1488 1488 -
1508 1452 1536 1500 et
1555 1463 1607 1521 pse
1628 1454 1657 1502 et
1677 1443 1791 1502 armeni

328 1539 335 1552 ⁸
383 1539 477 1618 magis
496 1557 590 1618 usquo
610 1542 736 1601 alveos·
755 1532 915 1614 leteribs'rs3
936 1553 1016 1604 tecto
1037 1544 1120 1625 qussi
1140 1545 1260 1605 nerium
1273 1575 1291 1592 -
1310 1564 1345 1603 sc
1358 1555 1468 1625 postes
1488 1547 1627 1606 numidico
1645 1533 1811 1627 propter·-⁸

383 1643 532 1726 possidere
552 1663 586 1703 ea
606 1648 672 1704 loca
692 1678 709 1693 -
737 1667 782 1728 ¹9·
805 1648 1009 1708 multitudinis
1028 1647 1231 1710 diminuendo
1252 1649 1343 1731 gratie
1364 1650 1458 1728 (domi
1478 1672 1543 1732 sup.
1565 1651 1632 1727 lin.)
1651 1663 1680 1710 et
1698 1651 1792 1710 eliis-

383 1748 417 1806 in
438 1767 492 1808 oro
505 1750 652 1809 maritima
666 1783 686 1797 -
704 1749 742 1811 ed
762 1752 1110 1836 eatbabatbom-usque
1124 1755 1169 1816 'sd
1189 1765 1408 1813 mauretancam
1422 1785 1441 1802 ·
1461 1769 1511 1812 no.
1532 1753 1680 1815 hostiliter
1699 1759 1793 1818 locr-

384 1853 488 1914 dolore
507 1867 676 1933 permotum
698 1840 879 1918 aiberbalem
899 1893 917 1905 -
939 1880 988 1920 ai.
1007 1869 1157 1938 patratum
1179 1859 1255 1917 foret
1273 1856 1386 1917 bellurn
1402 1857 1427 1907 '-
1446 1879 1561 1919 romam
1582 1860 1620 1920 ab
1641 1860 1792 1922 atherbele

382 1973 434 2021 2².
455 1959 537 2040 quod
556 1981 670 2019 rome·
687 1972 721 2019 ut
741 1962 779 2020 ab
800 1966 917 2043 optimo
930 1963 1043 2040 -qaod
1062 1966 1178 2040 plora·
1195 1983 1280 2022 *suem
1302 1963 1402 2022 minus
1422 1967 1546 2025 tolerare
1567 1967 1735 2044 injuriam-
1753 1965 1792 2024 ad

383 2065 524 2130 virtutem
544 2066 655 2145 erigere
673 2065 815 2122 wtirtere
833 2079 855 2110 δ
885 2066 934 2133 24.
956 2085 1003 2121 me
1024 2065 1217 2144 extinguendi
1237 2068 1344 2125 invasit
1362 2100 1379 2116 ·
1396 2069 1495 2128 serim
1513 2091 1638 2148 urgueat
1658 2073 1710 2148 (m.
1731 2069 1789 2150 pr.)

383 2168 558 2230 dehortetur
578 2191 627 2228 me
645 2200 665 2216 ·
684 2190 702 2228 a
723 2189 784 2249 quo
805 2169 916 2229 moveri
935 2173 1032 2248 possit
1051 2201 1070 2217 ·
1090 2190 1138 2229 me
1158 2188 1193 2229 ex
1213 2168 1351 2230 manibus
1370 2202 1390 2218 ·
1410 2170 1459 2231 25.
1478 2168 1527 2232 his
1548 2174 1653 2233 litteris
1672 2207 1689 2220 -
1701 2194 1792 2233 snm·

383 2295 433 2336 ma
454 2297 512 2356 ope
531 2275 661 2334 nisum·
682 2285 712 2334 et
731 2285 795 2333 tum
816 2285 909 2339 senat·
928 2276 1068 2356 princeps
1088 2275 1166 2355 (sup.
1187 2273 1245 2336 lin.
1261 2273 1421 2355 genitinis)
1443 2297 1579 2339 navem·-
1597 2280 1708 2338 litterss
1728 2279 1791 2338 sd·
1879 2341 1880 2344 ,

384 2380 517 2459 rapiebat
535 2410 556 2428 -
575 2377 645 2458 (sed
666 2380 725 2438 tuit
742 2381 861 2463 signum
884 2381 1103 2442 terminationis
1123 2399 1162 2441 ur
1180 2401 1246 2462 snp.
1268 2381 1335 2460 lin.)
1353 2381 1503 2466 conducta
1522 2403 1615 2442 manu
1637 2383 1712 2464 (sup.
1734 2385 1791 2444 lits.

385 2485 441 2564 dt)
461 2517 481 2532 ·
500 2485 594 2545 sensti
613 2485 708 2546 serbis
727 2519 747 2534 ·
768 2488 818 2548 26.
839 2489 864 2548 si
885 2487 1089 2557 adversaretur
1106 2521 1123 2532 -
1149 2487 1243 2547 italici
1263 2497 1437 2548 censuerant
1455 2520 1472 2534 -
1490 2490 1684 2570 negotiatores
1703 2519 1722 2534 ·
1741 2487 1814 2546 in··

385 2593 499 2652 teriecit
517 2619 535 2642 ·
555 2612 603 2674 ²7·
625 2594 717 2675 jurgis
738 2591 772 2673 (i
789 2613 856 2673 sup.
875 2591 946 2673 lin.)
967 2595 1003 2659 L.
1022 2593 1115 2653 bestia
1137 2595 1294 2672 calpurnio
1314 2593 1451 2653 numidia
1471 2618 1488 2638 ο
1514 2593 1562 2657 28.
1579 2593 1685 2651 vomnis
1706 2591 1792 2652 veni-

385 2717 418 2758 re
431 2699 504 2756 -nti
524 2699 583 2756 illis
597 2709 653 2756 -et
672 2707 764 2755 senat.
784 2696 995 2776 decreto-per
1016 2699 1129 2753 italiam
1142 2699 1256 2776 regium
1274 2727 1291 2741 -
1312 2696 1477 2778 pugnando
1497 2699 1589 2776 coepit
1603 2716 1681 2774 -η,
1703 2715 1792 2757 scan-
1826 2713 1829 2720 ’

385 2823 454 2864 rum
465 2815 753 2885 acceperat-regam
767 2803 806 2883 (c
817 2821 882 2883 sup.
893 2801 969 2879 lin.)
982 2803 1092 2859 secrete
1107 2801 1248 2881 transegit
1260 2811 1412 2881 -sstyram
1423 2835 1439 2848 -
1451 2800 1500 2860 30.
1512 2802 1713 2883 probarentne
1723 2812 1792 2862 tan-

385 2921 453 2970 tum
470 2909 619 2991 flagitium
641 2921 738 2992 patres
756 2893 879 2969 solliciti
899 2915 984 2968 erant
1004 2927 1043 2964 an
1057 2905 1207 2965 decretum
1223 2908 1352 2967 consulis
1371 2905 1570 2968 subverterent
1589 2927 1696 2986 perum
1718 2925 1792 2968 con·

385 3013 637 3095 stabnt-monere
657 3035 690 3094 p.
709 3033 733 3076 r.
754 3035 793 3072 ne
812 3017 835 3060 -‘
851 3012 973 3071 obnoxii
995 3011 1151 3071 inimicis·
1164 3009 1225 3072 baec
1244 3015 1315 3073 talia
1334 3015 1395 3072 sint
1414 3045 1430 3059 -
1448 3013 1495 3073 nti
1514 3021 1617 3072 contra
1637 3013 1760 3091 injurios
1775 3045 1793 3059 -

387 3143 429 3179 m.
447 3121 529 3181 sutri
538 3120 645 3180 caedem
656 3151 675 3166 -
688 3113 779 3178 multi
793 3119 890 3178 necati
900 3100 998 3178 sunt-'-
1013 3105 1047 3176 in
1067 3119 1193 3198 imperio
1205 3119 1269 3179 neti
1286 3147 1304 3162 ·
1322 3118 1438 3179 inmani
1448 3118 1575 3181 etericia
1585 3149 1604 3164 ·
1618 3135 1674 3197 pro
1688 3118 1788 3178 moni·-

387 3235 490 3286 mento
510 3223 657 3286 lrabeat·
686 3219 749 3284 tam
771 3233 851 3284 tutus
871 3233 913 3283 est
941 3253 961 3270 -
988 3243 1045 3302 ope
1066 3225 1201 3284 nitimini
1224 3221 1253 3304 (e
1271 3244 1338 3305 sup.
1358 3224 1426 3290 lin.)
1454 3225 1545 3306 magis
1566 3222 1694 3283 dedecor
1713 3233 1758 3284 est
1776 3253 1792 3270 ·

385 3341 469 3413 parta
491 3333 626 3391 omittere
647 3351 738 3410 quam
751 3357 768 3372 ·
785 3329 862 3388 dicit
880 3331 989 3410 aliquis
1002 3361 1022 3378 ·
1041 3317 1192 3391 oboediens
1211 3331 1267 3391 crit
1286 3357 1306 3379 ο
1323 3331 1362 3390 sd
1382 3347 1491 3411 pancos
1511 3330 1642 3409 potentis
1658 3357 1675 3376 ·
1693 3329 1790 3391 virum

386 3435 655 3517 flagiciosissimum
676 3467 693 3480 -
719 3442 870 3514 postremo
890 3433 924 3490 in
945 3444 1006 3493 tem
1029 3434 1183 3496 dirersis·
1212 3437 1284 3497 civis
1305 3455 1371 3498 ποῦ
1390 3467 1404 3481 -
1418 3435 1476 3494 'dm
1497 3453 1571 3516 steps
1593 3431 1756 3494 indicendo
1774 3465 1792 3482 -

287 3567 295 3577 ·
385 3541 551 3602 accersebat
577 3575 592 3587 -
621 3539 784 3602 venderent
809 3569 825 3583 ·
854 3541 966 3601 cassias
983 3561 1030 3623 pr.
1049 3543 1337 3625 perlamrogstione
1367 3571 1384 3586 -
1413 3538 1461 3599 tt.
1482 3557 1565 3600 more
1586 3543 1733 3602 matorum
1753 3538 1791 3598 dtr

384 3642 507 3706 hoste·
526 3665 593 3706 vera
613 3649 739 3728 aperiret
757 3645 847 3712 :ts
868 3667 902 3707 ea
921 3660 982 3709 eret
1003 3651 1177 3730 tempestate
1195 3678 1215 3695 -
1235 3645 1364 3708 minutio
1384 3646 1483 3704 rutum
1496 3679 1513 3691 -
1532 3645 1791 3728 jugurthamque-

386 3751 470 3808 malsc
489 3753 570 3809 lama
595 3783 614 3798 ·
637 3754 662 3810 si
682 3756 713 3813 in
733 3753 766 3813 id
786 3773 895 3836 parum
919 3787 940 3802 ·
963 3755 1001 3814 ed
1023 3754 1124 3814 codem
1145 3752 1260 3844 ppfath
1281 3751 1372 3832 paulo
1392 3751 1592 3812 inconsultius
1610 3785 1629 3798 -
1656 3749 1792 3814 animost-

387 3854 477 3918 v'crtit
491 3885 509 3900 ·
528 3859 681 3932 popularis
702 3869 798 3918 metus
816 3894 833 3905 -
853 3858 905 3941 57.
928 3879 963 3919 ex
983 3870 1155 3941 tempestate
1174 3874 1264 3918 rome
1282 3889 1299 3903 -
1318 3875 1346 3936 p.
1367 3859 1385 3914 l.
1406 3859 1534 3917 lucullus
1553 3889 1571 3903 -
1601 3861 1697 3917 tocius
1717 3856 1791 3916 anni

389 3957 541 4025 comitia·
561 3958 706 4018 adductus
726 3962 844 4023 albinus
862 3999 874 4010 ·
895 3975 966 4024 uta
986 3964 1166 4026 conficiendi
1179 3995 1197 4008 ·
1216 3961 1438 4042 expedicionem
1459 3969 1584 4022 erocat-
1603 3962 1718 4044 magnis
1738 3961 1793 4020 iti·

389 4067 510 4130 neribus
530 4099 547 4112 ·
565 4067 708 4147 planicies
729 4071 860 4130 limosa·
881 4070 984 4130 ilicet
999 4068 1141 4151 jugurtha
1158 4063 1372 4132 manifestus·
1387 4067 1473 4129 sedes
1495 4063 1576 4146 (bec
1595 4085 1630 4125 ex
1650 4087 1716 4145 cep.
1741 4064 1790 4128 id.

387 4175 514 4254 repetite
540 4172 589 4234 sed
609 4193 656 4257 pr.
676 4197 717 4235 m.
738 4174 845 4251 delete)
865 4207 883 4220 -
911 4174 1056 4236 subdolus
1076 4165 1137 4254 cius
1157 4175 1263 4256 augere
1281 4203 1300 4221 -
1329 4175 1396 4233 loco
1416 4172 1580 4232 ostremites
1599 4201 1619 4218 -
1646 4169 1787 4232 Albinum
1854 4201 1857 4208 ·

386 4296 440 4359 spo
457 4309 476 4327 ·
502 4281 634 4361 partium
655 4283 702 4341 uti
722 4281 937 4362 transiugerent
954 4313 972 4329 -
989 4281 1085 4342 olbini
1101 4291 1198 4342 ‘mstro
1216 4311 1235 4328 -
1256 4282 1387 4341 tumultu
1407 4278 1537 4361 perculsi
1557 4277 1679 4340 insolito
1698 4309 1717 4328 -
1736 4269 1790 4337 otii

875 4573 913 4686 b
