4050 5009
379 397 451 468 320

379 590 485 656 tentia
505 590 607 656 alteri
627 591 860 678 subjungitur.
881 591 943 660 cfr.
963 594 1000 656 G.
1025 597 1075 659 36.
1097 587 1259 658 decernit
1280 590 1340 657 uti
1356 590 1579 671 babeantso.
1600 590 1789 683 negotium

380 697 462 782 dat,
482 695 721 782 requirat,-
733 695 769 760 si
781 695 902 780 possit
912 695 1088 782 impellat.
1101 705 1153 777 45.
1173 693 1356 790 utisacto
1379 718 1474 782 opus
1493 695 1561 784 sit,
1582 696 1638 764 ita
1660 708 1788 789 agant,

374 798 571 885 permittit
584 813 617 870 J.
633 805 681 880 54.
703 803 1041 892 bortatur-gerant.
1052 807 1103 869 62.
1124 801 1412 869 obtestatur-uti
1422 803 1618 888 provideat
1624 827 1640 880 ,·
1663 813 1790 868 caveat

380 927 427 971 ne
448 909 655 972 cousulant.
686 910 735 970 65.
765 905 943 973 bortatur
968 906 1029 972 uti
1047 917 1156 992 petat
1182 908 1246 972 cfr.
1274 920 1309 975 J.
1342 916 1391 978 25.
1420 912 1471 973 ati.
1498 915 1548 974 33.
1578 913 1627 974 35.
1657 913 1726 973 ιο3.
1753 918 1788 974 et

379 1013 519 1076 Ramsh.
539 1010 569 1098 ς.
593 1016 661 1095 ¹93·
699 1014 767 1077 Sed
789 1014 898 1077 multo
919 1023 968 1078 est
988 1012 1220 1100 fremontius,
1251 1023 1290 1077 ut
1309 1034 1477 1101 presens,
1506 1017 1601 1098 quod
1624 1013 1789 1099 temporis

353 1177 359 1194 ,
379 1118 539 1184 historici
558 1118 650 1183 vices
670 1118 810 1206 implet,
841 1119 1082 1206 imperfectum
1103 1128 1276 1202 sequatur.
1296 1132 1329 1187 J.
1355 1124 1422 1188 106.
1450 1117 1564 1184 simut
1589 1118 1650 1185 uti
1672 1127 1789 1187 noctu

375 1221 611 1315 profugeret,
639 1235 753 1314 rogat
783 1234 896 1311 atque
927 1228 1207 1310 bartatur.107.
1240 1227 1418 1292 bortatur
1445 1223 1506 1289 uti
1526 1233 1708 1316 gererent.
1728 1223 1788 1288 cir.

384 1349 452 1393 ιη.
473 1347 524 1407 4ο.
548 1329 782 1421 rogationem
807 1336 1043 1422 promulgat,
1072 1330 1133 1396 uti
1160 1339 1398 1415 quareretur.
1430 1331 1490 1395 cfr.
1513 1335 1562 1394 52.
1583 1336 1634 1395 ³2.
1655 1330 1732 1394 init.
1755 1337 1791 1396 et

382 1433 575 1502 innumeris
604 1437 684 1501 aliis
710 1439 808 1504 locis.
847 1439 943 1524 Quid
972 1439 1064 1502 inter
1088 1441 1152 1503 has
1179 1441 1265 1502 duas
1293 1446 1475 1502 structuras
1504 1436 1658 1520 intersit,
1684 1434 1790 1501 facile

381 1550 431 1606 est
445 1545 488 1605 ad
501 1542 782 1628 intelligendum
803 1563 951 1628 praesens
964 1544 1059 1609 enim
1076 1548 1121 1607 ad
1131 1565 1229 1621 eum,
1250 1548 1377 1632 dequo
1391 1543 1523 1630 agitur,
1544 1526 1786 1621 referendum

383 1645 520 1732 imperi.
537 1647 713 1727 judicium
733 1649 912 1735 scriptoris
933 1659 997 1727 est3
1027 1651 1119 1715 illud
1139 1651 1292 1716 orationi
1313 1649 1519 1727 incitatiori,
1537 1649 1605 1711 hoc
1624 1646 1791 1712 sedatiori

381 1763 415 1818 et
427 1753 617 1819 remissiori
635 1755 805 1820 convenit.
820 1756 881 1827 cir.
893 1756 1056 1842 inprimis
1067 1769 1100 1825 J.
1114 1760 1165 1843 49.
1185 1758 1249 1821 ubi
1266 1757 1420 1841 primum
1439 1773 1589 1840 praesens
1609 1761 1686 1840 post
1705 1752 1789 1837 imp.

385 1867 435 1926 est
463 1860 612 1947 positum
634 1870 668 1924 et
686 1863 892 1933 Ramshorn.
919 1860 949 1948 ς.
981 1866 1050 1948 195.
1077 1868 1107 1928 3.
1133 1884 1164 1932 a.
1184 1865 1220 1928 b.
1258 1865 1326 1928 Sed
1346 1863 1450 1927 etiam
1470 1861 1509 1923 in
1530 1860 1574 1925 iis
1594 1856 1791 1938 sententiis,

385 1987 463 2049 qua
490 1967 570 2030 aliis
595 1967 776 2052 particulis
803 1969 896 2032 inter
923 1989 960 2033 se
978 1967 1108 2049 juncta
1137 1978 1240 2057 sunt,
1270 1986 1404 2034 summa
1425 1975 1475 2032 est
1494 1965 1659 2049 varietas,
1683 1965 1732 2028 ita
1752 1971 1791 2026 ut

384 2071 503 2136 omnia
530 2073 711 2159 complecti
740 2073 799 2140 vix
829 2076 949 2161 possis.
989 2076 1146 2139 Primum
1167 2076 1276 2162 igitur
1294 2078 1361 2141 hoc
1381 2095 1445 2160 per
1464 2093 1500 2139 se
1519 2080 1633 2159 patet,
1653 2071 1736 2155 imp.
1757 2079 1790 2134 et

384 2177 496 2263 plusq.
517 2177 556 2241 in
577 2180 745 2245 omnibus
758 2182 955 2267 sententiis,
975 2204 1052 2268 quae
1065 2183 1308 2268 explicationis
1325 2202 1427 2246 causa
1444 2179 1696 2266 adjunguntur,
1711 2195 1791 2240 cum

384 2294 550 2370 prasente
577 2277 682 2348 haud'
698 2286 800 2352 aliter
827 2308 933 2370 quam
960 2311 1040 2354 eum
1068 2288 1222 2374 perlecto
1251 2287 1427 2373 componi.
1456 2285 1518 2352 cir.
1537 2295 1572 2352 J·
1593 2287 1644 2364 69.
1666 2299 1718 2344 22·
1740 2285 1790 2344 ²5·
1843 2275 1848 2283 ’

387 2391 489 2473 quod
504 2384 569 2455 ubi
585 2412 689 2456 aecus
709 2401 771 2459 eto.
794 2397 843 2458 26.
867 2397 917 2460 28.
957 2397 1077 2480 Neque
1106 2395 1223 2458 minus
1241 2415 1331 2479 saepe
1350 2391 1542 2479 perlectum
1561 2387 1792 2475 preponitur,

384 2497 661 2582 prosequitur
684 2521 716 2563 v.
737 2521 765 2564 o.
785 2509 818 2567 J.
843 2505 890 2564 ι3.
910 2497 1094 2586 pracepit
1113 2501 1297 2587 expleant.
1325 2499 1386 2566 cfr.
1408 2501 1458 2562 28.
1487 2500 1521 2559 G.
1543 2500 1595 2570 36.
1614 2512 1665 2573 4ι.
1691 2513 1792 2580 prm·

376 2595 478 2693 fecit
499 2624 650 2687 eumque
671 2604 797 2669 edocet
816 2615 848 2671 J.
869 2619 920 2685 49.
943 2608 994 2670 58.
1014 2601 1132 2690 misit,
1163 2626 1315 2687 eumque
1334 2603 1526 2678 obsecrat3
1554 2599 1658 2665 etita
1678 2598 1795 2683 sapis·

387 2705 497 2792 sime,
520 2709 583 2775 ubi
610 2707 763 2772 narratio
787 2707 956 2793 paulatim
982 2708 1023 2773 in
1049 2709 1381 2773 demonstrationem
1399 2705 1532 2770 transit.
1572 2703 1794 2769 Contrarium

387 2812 503 2877 minus
523 2815 703 2896 usitatum
724 2813 784 2879 cir.
804 2825 837 2882 J·
861 2820 911 2879 23.
931 2813 992 2880 fin.
1012 2810 1187 2898 ffeiunt.
1218 2813 1498 2900 Quamvis‘enim
1518 2809 1578 2876 vix
1596 2809 1674 2876 fieri
1693 2827 1794 2894 posse

384 2918 553 2998 videatur,
571 2931 609 2987 ut
627 2923 837 3010 perpetuitas
856 2922 1025 2988 orationis
1043 2941 1108 3008 per
1125 2918 1628 3007 solspraesentiacontinuetur,
1647 2919 1795 2980 flumen·

388 3045 457 3107 que
490 3027 676 3091 verborum
708 3030 748 3093 in
777 3028 930 3114 perlecto
959 3030 1150 3094 clausulam
1178 3048 1360 3094 numerose
1390 3035 1425 3092 et
1439 3026 1594 3107 jucunde
1614 3024 1792 3088 cadentem

388 3131 518 3195 habere
537 3125 715 3216 videatur,
744 3135 867 3219 sapius
893 3145 1008 3200 tamen
1028 3135 1068 3199 in
1088 3135 1247 3219 sequenti
1266 3132 1504 3220 propositione
1523 3129 1713 3217 perfectum
1731 3145 1796 3211 po-

390 3236 496 3302 nitur.
510 3237 569 3302 clr.
582 3250 614 3305 J.
626 3242 676 3316 64.
689 3248 890 3324 postquam
905 3235 1461 3326 dmit-flectitur-reapoadit
1472 3243 1523 3319 7³·
1545 3234 1793 3301 mandatur-

391 3352 428 3410 et
441 3353 574 3430 postea
586 3340 706 3435 jussit
727 3347 776 3424 7⁶·
810 3351 1054 3425 corrumpunt
1074 3351 1109 3406 et
1127 3344 1405 3427 -pependere,
1426 3343 1476 3420 84.
1496 3341 1557 3405 fin.
1588 3347 1723 3407 contra
1742 3354 1793 3422 74.

385 3448 560 3537 proetium
583 3443 773 3533 incipitur.
797 3447 881 3530 Qua
903 3448 942 3511 in
958 3455 1072 3531 parte
1091 3467 1158 3510 rer
1172 3467 1311 3538 pugnos
1330 3443 1464 3537 aaffuit.
1486 3456 1520 3512 ct
1540 3447 1589 3511 ita
1601 3446 1795 3532 saepissime.

389 3554 606 3642 Imperfecto
623 3563 656 3619 et
683 3552 1020 3639 plusquamperfecto
1052 3553 1100 3617 ita
1119 3574 1200 3618 usus
1220 3562 1270 3618 est
1288 3554 1474 3637 Salustius,
1502 3563 1542 3617 ut
1560 3555 1692 3638 ubique
1711 3572 1794 3640 pro·

390 3662 468 3745 pria
488 3683 609 3728 eorum
626 3661 680 3726 ris
700 3663 914 3728 retineretur.
934 3663 1000 3726 Sed
1022 3666 1064 3724 eo
1084 3660 1205 3725 ceteris
1226 3659 1452 3745 scriptoribus
1471 3654 1604 3748 differt,
1624 3662 1720 3744 quod
1740 3679 1795 3724 ao-

393 3769 543 3831 curatius
565 3770 704 3855 singula
729 3767 894 3853 temporis
922 3777 1096 3832 momenta
1124 3766 1325 3852 distinguit,
1354 3775 1388 3832 et
1415 3787 1492 3850 qua
1518 3774 1577 3829 aut
1603 3766 1707 3830 simul
1733 3769 1797 3830 aut

394 3881 475 3936 ante
495 3881 570 3936 acta
589 3883 682 3956 sunt,
705 3874 929 3960 temporibus,
949 3875 1077 3956 quibus
1098 3871 1268 3958 convenit,
1289 3873 1455 3960 designat.
1475 3873 1514 3937 id
1534 3874 1630 3955 quod
1650 3872 1794 3935 multum

394 3978 527 4045 confert
547 3983 591 4044 ad
611 3981 810 4046 varietatem
831 3990 864 4045 et
884 3978 1092 4046 evidentiam
1113 3978 1280 4043 orationis
1299 3982 1504 4064 aagendam.
1524 3977 1585 4046 clr.
1597 3988 1629 4044 J.
1644 3979 1694 4057 87.
1712 3978 1796 4062 pla-

394 4083 535 4152 cuerat.
556 4088 606 4150 88.
617 4083 800 4176 fuderat,
818 4094 987 4170 exuerat,
1006 4085 1169 4150 miserat.
1188 4087 1238 4167 89.
1256 4084 1425 4174 gerebat,
1444 4082 1729 4161 memorabatur.
1742 4104 1795 4164 9¹·

396 4187 654 4275 distribuerat,
676 4191 844 4256 curabat.
856 4209 907 4272 9²·
922 4191 1178 4256 trahebantur.
1191 4194 1242 4254 25.
1256 4188 1455 4255 timebat·
1469 4190 1569 4272 quod
1576 4185 1796 4254 intenderat.

395 4297 448 4360 28.
467 4297 633 4384 boeserat,
654 4296 910 4382 adventabant,
929 4317 1006 4382 quae
1026 4295 1251 4382 deliquisset,
1268 4294 1453 4382 sperabat.
1474 4311 1524 4378 sq.
1546 4291 1796 4381 imperaverat,
