4050 5009
1089 429 1222 477 112

976 589 1055 649 28
1075 582 1248 659 usui
1291 582 1547 661 forent
1567 642 1588 677 ,
1638 586 2177 664 decernuntur.
2250 588 2352 663 At
2387 586 2756 695 Iugurtha
2775 644 2794 678 ,
2846 603 3114 664 contra
3158 611 3368 690 spem
3412 581 3704 659 nuncio
3747 603 3862 655 ac-

1067 723 1287 811 cepto
1307 766 1328 799 ,
1380 708 1671 813 quippe
1710 708 1839 784 cui
1872 712 2130 786 Romae
2169 711 2425 786 omnia
2467 739 2750 788 venum
2797 711 2907 786 ire
2954 711 3039 786 in
3077 711 3335 786 animo
3384 707 3733 800 haeserat3
3782 702 3860 778 fi·-

1070 829 1267 906 lium
1311 847 1389 906 et
1442 859 1623 907 cum
1660 858 1749 907 eo
1789 833 1978 909 duos
2023 834 2420 910 familiaris
2479 835 2578 911 ad
2636 835 3000 911 Senatum
3056 835 3332 939 legatos
3379 831 3666 907 mittit:
3718 828 3862 905 his-

1069 980 1221 1056 que
1261 971 1353 1029 ut
1396 949 1578 1047 illis,
1636 984 1827 1058 quos
1859 958 2292 1062 Hiempsale
2342 958 2735 1034 interfecto
2777 959 3116 1048 miserat,
3164 955 3527 1061 praecepit
3551 1012 3570 1045 ,
3623 953 3862 1030 omnis

1069 1077 1411 1153 mortalis
1465 1080 1789 1182 pecunia
1832 1080 2392 1185 adgrediamur.
2474 1082 2634 1179 Qui
2678 1099 3089 1186 postquam
3148 1082 3466 1157 Romam
3507 1080 3863 1155 adventa-

1067 1201 1300 1296 bant3
1336 1203 1655 1278 Senatus
1695 1231 1738 1278 a
1778 1205 2016 1279 Bestia
2064 1206 2452 1280 consultus
2493 1221 2602 1279 est
2636 1237 2652 1278 ι
2705 1205 3134 1309 placeretne
3166 1206 3440 1311 legatos
3475 1201 3860 1308 Iugurthae

1073 1324 1314 1427 recipi
1356 1327 1786 1420 moenibus3
1831 1324 2073 1430 hique
2097 1328 2484 1403 decrevere
2513 1361 2528 1400 ε
2569 1328 2715 1402 nisi
2742 1355 3062 1432 regnum
3089 1328 3489 1431 ipsumque
3517 1329 3859 1405 deditum

1065 1447 1479 1538 venissent,
1526 1450 1644 1523 uti
1682 1451 1766 1523 in
1811 1451 2078 1526 diebus
2118 1451 2507 1555 proxumis
2563 1450 2820 1526 decem
2862 1452 3083 1525 Italia
3129 1452 3593 1527 decederent.
3673 1455 3863 1528 Con-

1063 1569 1183 1644 sul
1228 1571 1580 1645 Numidis
1624 1598 1716 1662 ex
1763 1575 2022 1649 Senati
2086 1574 2384 1649 decreto
2428 1574 2787 1648 nunciari
2843 1576 3098 1669 iubet3
3147 1576 3252 1651 ita
3301 1575 3599 1651 infectis
3646 1578 3863 1652 rebus

1069 1692 1187 1767 illi
1228 1694 1546 1770 domum
1594 1696 2010 1772 discedunt.
2107 1698 2427 1773 Interim
2481 1697 2974 1802 Calpurnius,
3024 1717 3292 1803 parato
3345 1702 3718 1792 exercitu,
3766 1702 3862 1776 le-

1064 1833 1191 1920 gat
1228 1817 1373 1891 sibi
1416 1816 1761 1893 homines
1806 1821 2120 1910 nobilis,
2192 1821 2577 1910 factioso&
2622 1849 2956 1923 quorum
2987 1824 3478 1915 auctoritate,
3526 1852 3700 1927 quae
3743 1825 3863 1900 de-

1066 1939 1432 2042 liquisset,
1472 1941 1772 2016 munita
1805 1942 1965 2018 fore
1994 1943 2344 2046 sperabat
2377 1977 2391 2017 ε
2448 1944 2530 2017 in
2573 1943 2742 2046 quis
2769 1944 2922 2019 fuit
2951 1948 3311 2036 ScauruS,
3348 1949 3564 2024 cuius
3600 1949 3698 2024 de
3732 1977 3862 2025 na-

1067 2081 1237 2139 tura
1279 2082 1356 2140 et
1393 2064 1672 2140 habitu
1711 2091 1941 2171 supra
1981 2067 2578 2142 memoravimus.
2653 2069 2848 2143 Nam
2889 2070 2973 2144 in
3016 2073 3342 2146 Consule
3375 2089 3634 2149 nostro
3670 2072 3860 2148 mul-

1066 2205 1160 2262 tae
1198 2189 1575 2291 bonaeque
1623 2206 1815 2263 artes
1870 2190 2111 2264 animi
2153 2207 2230 2265 et
2287 2192 2620 2294 corporis
2674 2210 2893 2267 erant
2926 2251 2946 2283 ,
3009 2223 3198 2298 quas
3253 2197 3499 2272 omnis
3551 2199 3856 2289 avaritia

1063 2313 1620 2416 praepediebat3
1667 2314 1964 2415 patiens
1999 2314 2390 2403 laborum,
2441 2315 2597 2389 acri
2642 2315 2995 2420 ingeniO,
3026 2320 3202 2393 satis
3231 2321 3667 2422 providem,
3709 2323 3860 2397 bel-

1063 2435 1123 2509 li
1167 2435 1383 2511 haud
1416 2436 1757 2540 ignarus,
1812 2435 2307 2511 firmissumus
2353 2453 2616 2511 oontra
2663 2439 3003 2541 pericula
3052 2458 3129 2516 et
3173 2443 3499 2519 insidias.
3582 2446 3726 2522 Sed
3760 2448 3858 2522 le-

1069 2559 1324 2661 giones
1370 2587 1507 2662 per
1546 2559 1849 2632 Italiam
1890 2557 2308 2663 Rhegium,
2357 2576 2587 2662 atque
2640 2561 2820 2638 inde
2856 2564 3226 2656 Siciliam,
3276 2595 3510 2671 porro
3550 2598 3642 2646 ex
3687 2573 3861 2647 Sici-

1075 2681 1180 2754 lia
1227 2682 1306 2754 in
1346 2681 1684 2756 Africam
1725 2698 2192 2774 transvectoe3
2245 2682 2478 2786 igitur
2527 2684 2988 2787 Calpurnius
3031 2689 3293 2781 initio,
3338 2695 3622 2795 paratis
3666 2724 3863 2772 com-

1064 2806 1473 2896 meatibus,
1539 2805 1813 2880 acriter
1861 2804 2304 2879 Numidiam
2348 2805 2712 2908 ingressus
2771 2826 2880 2885 est
2908 2868 2927 2901 ,
3013 2814 3442 2917 multosque
3491 2821 3859 2908 mortalis»,

976 2946 1051 3006 29
1074 2944 1150 3014 et
1187 2929 1412 3003 urbes
1467 2929 1762 3032 aliquot
1802 2928 2223 3032 pugnando
2281 2929 2498 3032 cepit.
2569 2930 2724 3031 ,Sed
2771 2933 2908 3009 ubi
2975 2937 3345 3041 Iugurtha
3409 2968 3549 3044 per
3594 2944 3860 3051 legatos

1228 3131 1378 3213 Cap.
1418 3134 1513 3198 28.
1566 3132 1768 3193 venire
1801 3131 1940 3191 Leid
1966 3136 2006 3191 1.
2043 3142 2099 3192 et
2140 3132 2260 3191 duo
2304 3132 2460 3193 Rivii
2496 3135 2652 3195 libri.
2695 3135 2870 3198 Palat.
2912 3141 3194 3202 meliores.
3225 3143 3346 3204 duo
3378 3146 3607 3213 Wassii.
3662 3169 3856 3211 venum

1061 3238 1148 3298 ire
1190 3240 1381 3298 ceteri.
1424 3238 1489 3296 in
1526 3238 1729 3296 animo
1766 3236 2078 3296 inhaeserat
2118 3236 2240 3295 Bas.
2273 3258 2321 3296 1.
2363 3240 2831 3316 duosamilt’ares
2872 3243 3064 3303 Guelf.
3096 3268 3153 3327 9.
3189 3268 3278 3312 ιο.
3331 3249 3490 3328 isque
3520 3253 3644 3313 Bas.
3680 3276 3729 3321 1.
3771 3256 3855 3314 Iu‘s

1059 3342 1226 3406 Bern.
1259 3364 1308 3407 1.
1346 3341 1618 3423 proecepit
1661 3342 1833 3399 multi
1872 3338 2034 3404 cort.
2078 3339 2270 3400 Codd.
2310 3341 2470 3400 Leid.
2492 3343 2549 3401 d.
2573 3342 2634 3403 h.
2656 3347 2695 3404 i.
2725 3350 2766 3406 l.
2812 3349 3078 3429 ρνωοῲίτ
3124 3352 3260 3411 Vin.
3295 3374 3344 3412 ι.
3396 3357 3530 3415 Sen.
3570 3380 3619 3417 1.
3660 3362 3777 3420 inc.
3807 3383 3852 3419 1.

1057 3448 1217 3507 Vrat.
1246 3470 1295 3506 1.
1337 3452 1534 3527 plures
1564 3446 1760 3504 Guelf.
1804 3445 1975 3504 ceteri
2003 3444 2166 3503 Leid.
2209 3445 2329 3505 Bas.
2362 3468 2411 3504 1.
2465 3457 2529 3507 ut
2561 3460 2721 3509 omni
2756 3462 2931 3513 mor-t.
2972 3456 3107 3513 Sen.
3139 3476 3187 3514 1.
3229 3458 3457 3520 Fabric.
3489 3483 3544 3522 2.
3582 3463 3780 3525 Vinar.
3806 3487 3851 3526 2.

1061 3552 1161 3613 Ac.
1203 3553 1398 3611 Guelf.
1429 3551 1486 3621 4.
1524 3571 1615 3608 11.
1657 3549 1820 3608 Leid.
1848 3569 1901 3606 a.
1930 3569 1980 3606 e.
2033 3548 2152 3606 Bas.
2178 3548 2235 3619 4.
2287 3549 2424 3610 Tur.
2476 3549 2646 3612 Bern.
2682 3575 2732 3613 1.
2763 3555 2822 3615 3.
2873 3577 3033 3618 omn.
3079 3570 3142 3618 ut
3169 3584 3248 3626 m.
3309 3564 3530 3632 Fabric.
3585 3568 3777 3635 Guelf.
3804 3593 3851 3631 2.

1058 3657 1177 3715 Erl.
1240 3655 1423 3715 Rome
1458 3656 1689 3714 edoctu.
1729 3653 1922 3714 Turio.
1962 3652 2187 3712 Fabric.
2221 3673 2270 3712 1.
2292 3675 2347 3713 2.
2388 3657 2678 3716 consultus
2711 3669 2810 3720 est.
2852 3671 2935 3721 est
2960 3683 3082 3722 orn.
3120 3675 3230 3725 tres
3255 3661 3443 3729 Cottii
3475 3671 3630 3732 libri.
3689 3676 3850 3756 hique

1037 3763 1257 3842 plures
1280 3758 1436 3817 libri.
1480 3757 1549 3815 lu·
1574 3757 1743 3816 Bern.
1775 3778 1826 3814 1.
1869 3755 1936 3815 ni
1966 3776 2212 3835 regnum
2250 3762 2444 3839 plures
2469 3761 2641 3824 Rivii.
2669 3784 2870 3825 omnes
2901 3767 3075 3827 Palat.
3137 3769 3237 3847 (ni
3266 3772 3476 3855 fallor)
3530 3778 3653 3838 Bas.
3675 3780 3732 3852 4.
3773 3782 3851 3840 ita

1062 3865 1307 3922 domum
1342 3860 1550 3921 reversi
1579 3869 1715 3919 sunt
1753 3860 1921 3919 Fabr.
1971 3882 2021 3919 1.
2061 3861 2196 3921 Tur.
2241 3882 2353 3928 rev.
2373 3875 2509 3923 sunt
2548 3868 2716 3925 etiam
2736 3868 2903 3934 Fahr.
2926 3892 2980 3931 2.
3022 3882 3366 3938 transvectos
3390 3891 3529 3940 sunt
3567 3883 3684 3943 Erl.
3724 3885 3848 3968 Teg.

1062 3966 1286 4025 Laida
1311 3966 1371 4023 d.
1394 3967 1433 4022 f.
1461 3987 1516 4046 g.
1539 3962 1601 4022 h.
1621 3965 1661 4022 i.
1681 3964 1736 4022 k.
1765 3964 1903 4030 Tur.
1931 3965 2100 4029 Bern.
2133 3986 2182 4025 1.
2225 3966 2394 4029 initio
2424 3969 2641 4031 acriter·
2666 3970 2952 4056 Calpurn.
3009 3977 3132 4038 Bas.
3157 4001 3206 4040 1.
3236 3983 3527 4064 impunita
3537 3989 3684 4064 fore
3720 3990 3843 4053 Vin.

1070 4089 1123 4129 2.
1166 4070 1374 4128 multos
1399 4069 1671 4128 mortales
1708 4069 1915 4128 Franc.
1955 4068 2126 4129 Fabr.
2163 4091 2218 4135 2.
2280 4075 2450 4132 etiam
2484 4075 2653 4136 Fabr.
2697 4101 2748 4138 1.
2804 4101 2912 4160 que
2940 4084 3093 4145 inter
3131 4088 3333 4150 lineas,
3391 4101 3449 4151 et.
3484 4097 3613 4155 urb,
3651 4106 3705 4156 Α
3733 4118 3843 4158 om,

1062 4172 1181 4233 Erl.
1224 4173 1417 4237 Guelf.
1446 4194 1535 4232 ιο.
1579 4173 1735 4253 capit
1773 4175 1890 4232 inc.
1919 4194 1969 4232 1.
2011 4183 2068 4232 et
2107 4173 2224 4233 duo
2256 4178 2358 4235 alii
2390 4176 2552 4239 Cort-

1189 4296 1333 4385 Cap.
1366 4322 1460 4386 29·
1503 4322 1576 4366 ac
1608 4301 1870 4362 minister·
1906 4301 2095 4369 Struv.
2137 4302 2329 4366 Guelf.
2350 4305 2408 4379 4.
2436 4328 2495 4390 9.
2524 4328 2613 4379 ι2.
2669 4322 2725 4374 et
2756 4314 3020 4381 minister·
3059 4319 3267 4385 Frane.
3304 4326 3425 4389 ine.
3454 4349 3505 4396 1.
3549 4329 3736 4397 Guelf.
3763 4350 3844 4395 ιο.
