4050 5009
551 384 621 458 166

543 560 774 665 Metelloque
795 561 980 667 imperata
1001 587 1098 637 nave
1120 559 1298 639 fenerant.
1337 565 1472 667 Itaque
1492 563 1543 639 ab
1561 564 1790 669 imperatore
1808 558 1934 645 facile,

544 712 631 791 quae
646 687 843 793 petebant,
868 685 1005 789 adepti.
1039 687 1191 761 Emissae
1210 712 1256 763 eo
1269 685 1441 763 eohortm
1458 689 1642 793 Ligurum
1662 704 1831 789 quatuor
1846 684 1937 761 etG

496 817 535 900 7⁸
544 812 694 887 Annius
724 810 930 914 praefectus.
968 810 1016 885 Id
1045 810 1232 913 oppidum
1261 812 1312 886 ab
1339 810 1503 887 Sidoniis
1523 852 1542 890 a·
1572 810 1725 887 aditum
1745 826 1817 900 eat,
1851 831 1938 911 quos

531 936 758 1039 ‚accepimus
791 932 970 1039 profugos
1003 934 1054 1009 ob
1075 934 1280 1009 discordias
1304 934 1444 1027 civilio,
1476 936 1641 1013 naribus
1675 934 1718 1008 in
1751 959 1814 1008 eos
1845 932 1938 1006 locos

541 1058 705 1135 venisse:
732 1075 900 1133 ueterum
927 1058 1044 1131 situm
1064 1056 1166 1132 inter
1185 1057 1281 1132 duas
1309 1056 1455 1161 Syrtes,
1486 1059 1627 1163 quibua
1657 1084 1801 1134 nomen
1834 1082 1879 1132 ex
1901 1080 1938 1129 re

544 1184 724 1261 inditum.
770 1184 869 1257 Nam
888 1181 967 1257 duo
986 1194 1079 1256 sunt
1096 1179 1201 1255 ainus
1222 1208 1342 1284 prope
1367 1181 1411 1256 in
1434 1198 1601 1257 extrema
1619 1182 1765 1272 Africa,
1784 1182 1939 1285 impares

542 1306 830 1413 magnitudine,
855 1304 941 1409 pari
960 1319 1102 1379 natura
1119 1337 1127 1376 ι
1154 1330 1321 1406 quorum
1337 1331 1524 1408 proxuma
1544 1322 1653 1381 terrae
1668 1306 1824 1409 praealta
1845 1319 1944 1395 sont3

543 1447 684 1519 uetera,
712 1430 772 1505 uti
796 1428 871 1503 foro
897 1426 1005 1517 tulit,
1029 1426 1107 1501 alta
1135 1426 1230 1513 alia.
1250 1427 1325 1500 alia
1348 1427 1392 1501 in
1414 1444 1634 1532 tempestate
1654 1428 1800 1504 vadosa.
1849 1428 1942 1502 Nam

543 1554 613 1629 uhi
633 1579 738 1627 mare
757 1578 940 1655 magnum
963 1576 1040 1625 esse
1061 1566 1100 1624 et
1119 1549 1248 1625 saevire
1259 1550 1380 1625 ventio
1403 1552 1539 1654 eoepit,
1559 1552 1697 1627 limum
1713 1534 1942 1655 arenamque

543 1693 582 1755 et
609 1702 696 1752 saxa
728 1675 896 1778 ingentia
923 1672 1064 1749 fluctuo
1091 1671 1252 1747 trahunt
1272 1706 1281 1746 ε
1303 1672 1358 1747 ita
1382 1671 1496 1750 faoieo
1516 1674 1690 1752 locorum
1710 1704 1802 1753 cum
1827 1677 1946 1753 ventio

542 1800 657 1876 simul
679 1814 860 1874 mutatur.
911 1796 1105 1899 Syrteeab
1129 1812 1254 1871 tractu
1273 1797 1489 1873 nomi-natat
1521 1799 1615 1875 Eius
1631 1800 1793 1875 civitatis
1817 1799 1946 1906 lingua

530 1924 659 2001 modo
683 1949 860 1999 conversa
882 1921 1081 1997 connubio
1104 1919 1382 1995 Numidarum:
1407 1921 1535 2025 legum
1547 1924 1751 2028 cultusque
1766 1924 1949 2030 pleraque

544 2048 744 2141 Sidonica3
770 2071 857 2149 quae
894 2071 938 2121 eo
969 2044 1122 2119 facilius
1148 2044 1386 2133 retinebant,
1412 2046 1518 2147 quod
1542 2049 1679 2150 procul
1707 2049 1757 2123 ab
1789 2049 1948 2154 imperio

544 2174 802 2279 regis-oetatem
825 2169 995 2273 agebant.
1045 2172 1152 2242 inter
1182 2167 1267 2242 illos
1284 2184 1324 2243 et
1340 2167 1579 2271 frequentem
1597 2172 1821 2248 Numidiam
1835 2173 1945 2249 multi

496 2328 535 2389 79
543 2297 713 2401 vastique
731 2294 807 2369 loci
833 2308 950 2367 erant.
1003 2292 1077 2366 Sed
1100 2291 1286 2394 quoniam
1309 2292 1350 2365 in
1373 2290 1441 2365 has
1460 2293 1629 2398 regiones
1643 2324 1713 2401 per
1731 2298 1947 2403 Leptitano-

546 2430 634 2496 rum
669 2417 820 2523 negotia
851 2416 1048 2509 venimus;
1087 2440 1168 2488 non
1200 2412 1404 2519 indignum
1436 2416 1589 2492 videtur
1615 2422 1808 2527 egregium
1836 2440 1947 2525 atque

545 2544 723 2619 mirabile
745 2540 894 2614 facinus
924 2540 1094 2616 duorum
1124 2536 1497 2642 Carthaginiensium
1519 2568 1731 2619 memorare
1738 2580 1748 2640 ;
1773 2575 1858 2622 eam
1872 2574 1947 2622 rem

538 2724 711 2801 saurentii,
734 2720 784 2781 sed
798 2721 884 2781 variis
897 2720 968 2779 lucio
982 2717 1104 2779 verbnm
1119 2737 1180 2776 om.
1195 2716 1291 2780 cnut.
1308 2738 1333 2775 ι.
1345 2737 1372 2777 ι.
1385 2722 1413 2781 5.
1433 2719 1531 2781 Senot.
1551 2722 1651 2783 Vinar.
1671 2724 1772 2785 Heuss.
1787 2726 1878 2787 dead.
1890 2727 1947 2786 Bao.

552 2850 578 2888 ι.
590 2829 618 2899 4.
637 2827 707 2892 Tur.
729 2824 854 2887 Bermd.
875 2824 996 2885 Havete.
1016 2822 1098 2881 Leid.
1110 2843 1137 2882 e.
1150 2820 1180 2881 d.
1194 2824 1213 2886 i.
1229 2823 1255 2879 k.
1268 2824 1289 2886 i.
1304 2844 1345 2880 m.
1367 2826 1584 2901 noveseoerunt
1604 2830 1643 2887 ita
1661 2829 1777 2891 Gruter.
1799 2854 1834 2892 ex
1848 2834 1949 2892 melio-

433 3016 436 3028 Ι
548 2932 637 2993 ribus.
657 2932 738 2991 Leid.
751 2934 773 2995 1.
784 2954 826 2990 ιιι.
846 2928 943 2987 Gueif.
961 2949 986 2986 ι.
1008 2928 1108 2991 Vinar.
1128 2948 1154 2985 1.
1172 2928 1269 2986 Senot.
1288 2948 1313 2985 1.
1340 2928 1452 2987 Fabric.
1474 2950 1502 2988 ι.
1530 2930 1608 2992 Ririi
1626 2934 1704 2994 libri.
1726 2936 1788 3001 Bas.
1806 2960 1832 2997 1.
1856 2959 1949 3019 gaave

549 3038 686 3099 Grutt.
719 3036 796 3097 Vrat.
813 3057 838 3093 1.
866 3034 962 3093 Sonat.
980 3054 1007 3091 2.
1037 3034 1136 3091 Heuoo.
1165 3031 1245 3090 Leid.
1260 3054 1287 3095 a.
1298 3032 1328 3091 b.
1339 3054 1366 3092 c.
1377 3056 1405 3114 g.
1421 3035 1441 3092 i.
1470 3033 1555 3094 Bern.
1572 3036 1601 3096 3.
1631 3041 1745 3100 naviter
1764 3040 1861 3103 Gueii.
1879 3066 1904 3105 ι.
1921 3068 1947 3125 7.

547 3142 630 3203 Loid.
641 3164 667 3202 e.
679 3144 700 3201 s.
720 3142 857 3221 gnaviter
874 3139 941 3198 Eoo.
962 3140 1021 3196 inc.
1042 3135 1138 3195 Guelf.
1151 3136 1180 3195 6.
1193 3157 1238 3200 ιο.
1259 3136 1340 3197 Laid.
1350 3138 1379 3196 d.
1394 3136 1425 3197 h.
1437 3139 1466 3198 k.
1487 3139 1548 3199 Bas.
1561 3142 1590 3213 4.
1611 3141 1696 3204 Beru.
1710 3168 1736 3204 1.
1757 3150 1798 3207 ita
1811 3148 1887 3210 Edit.
1896 3161 1947 3214 ret.

549 3248 619 3308 novi
637 3250 669 3307 in
683 3246 816 3309 Palmerii
834 3244 923 3303 libris.
946 3244 985 3301 ita
1000 3240 1102 3299 Carrio
1120 3240 1221 3300 edidit
1242 3243 1331 3321 pauci
1338 3241 1440 3306 Gortii.
1460 3243 1559 3305 Turio.
1579 3250 1660 3324 quod
1670 3252 1809 3329 petebant
1828 3255 1911 3315 Fabr.
1924 3278 1948 3314 ι.

548 3354 648 3424 Bao.4.
669 3352 740 3411 Tur.
762 3350 862 3430 adepti
878 3356 946 3407 sunt
969 3345 1090 3405 Leida.
1105 3366 1130 3405 c.
1144 3346 1175 3404 d.
1190 3366 1215 3403 e.
1231 3367 1262 3409 ιι.
1291 3344 1381 3411 dead.
1406 3348 1485 3409 Vrat.
1503 3371 1528 3408 1.
1548 3362 1578 3409 et
1592 3352 1750 3416 deteriores
1761 3358 1866 3417 Cottii.
1884 3360 1947 3440 Teg.

548 3460 607 3518 Eri.
628 3457 689 3516 Bas.
701 3458 729 3527 4.
748 3455 845 3514 Turio.
875 3476 916 3511 m.
931 3473 986 3511 sec.
1007 3449 1092 3508 Born.
1110 3470 1134 3508 1.
1161 3449 1282 3511 Emtasoe
1293 3470 1337 3509 eo.
1356 3470 1389 3511 oo
1410 3456 1509 3512 locuni
1527 3465 1630 3521 mutat.
1658 3462 1727 3519 Ecc.
1747 3460 1887 3535 Guo164.
1907 3464 1949 3525 Eo

491 3612 493 3615 .
550 3563 642 3623 missu
662 3562 730 3620 vin.
749 3582 773 3617 ι.
794 3558 946 3617 Fabric.2.
968 3555 1048 3615 leid.
1063 3576 1091 3636 g.
1108 3551 1139 3611 h.
1159 3552 1311 3633 quinmbo
1325 3564 1392 3615 runt
1407 3557 1532 3630 addunt,
1552 3560 1662 3621 emusoe
1682 3574 1753 3624 sunt
1769 3586 1804 3627 eo
1831 3568 1949 3631 laida.

437 3680 444 3691 ·
551 3668 571 3726 f.
585 3688 615 3725 ιι.
637 3666 698 3723 Bas.
710 3665 739 3735 4.
759 3662 827 3721 Tur.
849 3661 941 3731 mim
961 3662 1048 3718 etiam
1061 3657 1196 3719 Guntt.
1211 3661 1294 3719 etita
1309 3661 1382 3720 olim
1394 3662 1511 3721 editum
1532 3664 1597 3724 fnit.
1617 3685 1706 3745 eoque
1718 3671 1812 3731 mirare
1831 3674 1912 3735 Bm.
1925 3698 1949 3735 r.

634 3792 707 3873 Cap.
725 3794 774 3873 78.
795 3788 948 3849 eonditum
963 3798 1002 3849 est
1022 3788 1084 3851 Bao.
1097 3809 1122 3847 1.
1134 3787 1163 3858 4.
1185 3788 1355 3848 imitavere.
1375 3790 1455 3849 Leid.
1476 3790 1545 3850 Tur.
1565 3792 1625 3853 Eri.
1638 3794 1723 3861 Bern.
1739 3802 1805 3863 1.3.
1826 3804 1949 3865 iarutzu„

551 3910 592 3961 est
611 3892 1002 3975 Leid.b.c.d.s.g.h.k.n.
1023 3892 1107 3951 Born.
1126 3912 1152 3949 ι.
1175 3900 1265 3951 estex
1284 3892 1397 3961 mind.
1418 3894 1518 3966 ΒΜ.
1536 3912 1750 3976 perornatum
1769 3906 1880 3971 virm,
1899 3912 1948 3971 s,-

553 4014 612 4069 nat.
626 4025 652 4062 ι.
674 4003 774 4061 Heuss.
795 4001 894 4057 incert.
906 4018 931 4055 2.
953 3998 1019 4056 Eoo.
1041 3994 1137 4054 Guelf.
1153 3995 1181 4066 4.
1196 3996 1225 4055 6.
1240 4019 1269 4077 7.
1283 4018 1313 4077 9.
1334 3996 1413 4060 Laid.
1425 4020 1452 4063 a.
1482 4002 1596 4081 aliquot
1616 4003 1753 4083 Gruteri,
1780 4032 1827 4074 ιιι
1841 4016 1948 4077 Wmii.

551 4128 699 4189 proxuma
718 4106 782 4163 loen
808 4112 893 4161 terrm
912 4102 993 4160 Ac.
985 4120 1081 4159 mon.
1103 4100 1200 4159 Gueii
1215 4102 1243 4160 6.
1236 4124 1287 4181 ..7
1307 4121 1351 4159 ro.
1368 4122 1413 4161 11.
1428 4124 1475 4163 ιιι.
1494 4104 1554 4171 Erl.
1574 4106 1676 4181 Bas..4
1696 4113 1783 4176 Bem
1797 4138 1823 4184 1
1840 4123 1949 4201 peralta

553 4214 621 4274 Eoo.
642 4211 693 4271 dc.
714 4207 812 4267 Guelf.
824 4208 852 4265 6.
845 4228 894 4286 ..7
909 4228 938 4285 9.
959 4205 1039 4265 viat.
1051 4224 1076 4261 ι.
1087 4204 1115 4263 3.
1136 4203 1238 4275 Bau4.
1259 4205 1322 4264 olto
1340 4206 1411 4265 ulio.
1435 4208 1498 4268 alia
1517 4209 1602 4271 uem.
1621 4235 1646 4274 1.
1666 4219 1950 4307 soevireooepitven-

538 4288 593 4380 ‘tis
617 4316 676 4378 hoc
698 4314 801 4375 ordino
823 4310 944 4371 Haverc.
975 4327 1119 4387 magrurm
1133 4308 1231 4370 sarira
1255 4308 1340 4369 Born.
1366 4331 1392 4370 1.
1418 4322 1446 4372 et
1467 4314 1565 4375 mire
1580 4328 1684 4403 ventus
1702 4327 1796 4405 eoepit
1814 4330 1949 4391 Semta.
