4050 5009
1540 348 1606 423 ²7¹

204 478 416 597 oetetisque
441 496 608 573 eiusdem
628 498 821 589 factionis,
846 500 1100 603 quadraginta
1119 519 1323 591 senatores,
1348 500 1461 577 multi
1475 516 1609 605 praete·

88 617 89 630 ’
201 640 271 691 rea
295 642 384 693 oum
407 644 474 723 spe
497 623 599 697 bona
621 622 895 713 adulescentes,
910 624 1023 699 sicuti
1043 622 1190 715 hostire,
1212 625 1365 699 mactati
1387 640 1494 712 sunt,
1516 652 1607 699 cum

200 736 349 816 interea
373 742 708 847 importunissuma
731 772 867 851 genera
897 745 1101 822 hominum
1134 764 1191 823 tot
1211 749 1434 825 miserorum
1464 747 1611 839 civium

198 864 390 968 sanguine
409 868 538 943 satiari
557 870 788 971 nequivere:
813 898 893 947 non
916 872 1000 945 orbi
1026 870 1153 961 liberi,
1178 899 1259 946 non
1284 889 1456 975 parentes
1477 887 1606 947 exacta

197 1002 332 1077 oetate,
357 1017 436 1065 non
456 992 617 1095 gemitus
636 995 826 1084 virorum,
850 994 976 1071 luctus
997 995 1218 1086 mulierum,
1242 996 1448 1073 immanem
1475 1022 1608 1071 eorum

197 1110 380 1187 animum
399 1114 562 1189 inflexit:
591 1117 689 1221 quin
712 1118 885 1193 acerbius
900 1118 943 1192 in
961 1118 1040 1193 dies
1062 1119 1343 1196 malefaciundo
1366 1147 1410 1195 ac
1427 1118 1607 1209 dicundo,

197 1233 391 1338 dignitate
402 1238 513 1327 alios,
528 1239 621 1314 alios
634 1240 785 1315 civitate
795 1266 965 1316 eversum
982 1242 1093 1317 irent.
1125 1244 1221 1317 Nam
1235 1242 1330 1345 quid
1344 1269 1411 1347 ego
1427 1242 1474 1317 de
1492 1260 1526 1317 te
1549 1242 1606 1327 di-

197 1384 308 1449 cam,
321 1362 431 1437 cuius
448 1364 721 1439 contumeliam
733 1362 907 1440 homines
928 1364 1168 1469 ignavissumi
1185 1368 1261 1440 vita
1282 1392 1349 1441 sua
1370 1382 1606 1443 commutare

197 1485 508 1585 voluntlscilieet
519 1513 644 1590 neque
659 1487 734 1562 illis
750 1504 865 1563 tantae
880 1488 1134 1591 voluptati-est
1144 1488 1308 1586 (tametsi
1324 1488 1604 1592 insperantibus

196 1609 369 1709 accidit)
394 1611 627 1700 dominatio,
650 1626 796 1713 qamnto
818 1612 974 1687 moerori
1004 1629 1071 1686 tua
1097 1611 1292 1715 dignitas:
1318 1613 1415 1715 quin
1439 1612 1605 1715 optatius

196 1728 349 1807 habent
367 1760 412 1807 ex
428 1750 493 1808 tua
506 1734 721 1809 calamitate
744 1734 959 1838 periculum
975 1736 1159 1809 libertatis
1178 1735 1317 1825 lacere,
1342 1762 1459 1838 quam
1482 1752 1605 1838 perte
1705 1764 1717 1785 ⁸

195 1856 337 1959 populi
352 1858 514 1932 Romani
534 1858 740 1959 imperium
761 1886 984 1933 maxumum
1005 1886 1051 1933 ex
1077 1886 1214 1963 magno
1235 1858 1324 1935 lieri.
1377 1860 1465 1954 Quo
1489 1860 1605 1961 magis

199 1974 270 2053 tibi
290 1978 408 2055 etiam
433 1999 550 2084 atque
567 1981 683 2056 etiam
703 1982 832 2055 animo
854 1981 1172 2085 prospiciundum
1193 1998 1276 2071 est,
1299 2008 1470 2085 quonam
1491 1982 1604 2057 modo

199 2120 292 2177 rem'
309 2104 478 2179 stabilias
505 2103 825 2205 communiasque.
875 2103 975 2177 Mihi
998 2103 1155 2205 quidem
1181 2130 1266 2205 quae
1288 2130 1394 2179 mens
1415 2104 1602 2207 suppetit,

198 2216 332 2329 eloqui
355 2255 436 2302 non
461 2227 657 2303 dubitabo.
709 2230 885 2302 Ceterum
908 2227 965 2300 tui
982 2226 1056 2301 erit
1076 2226 1219 2329 ingenii
1239 2228 1417 2329 probare,
1443 2254 1604 2329 quaeve·

199 2376 242 2424 ra
272 2367 391 2455 atque
415 2350 526 2427 utilia
551 2351 659 2426 iaetu
681 2366 798 2453 putes
848 2354 895 2424 ln
919 2348 1014 2424 duas
1046 2365 1170 2453 partes
1191 2375 1257 2453 ego
1288 2349 1479 2426 civitatem
1506 2345 1631 2425 divi-5

199 2500 279 2549 sam
317 2477 509 2565 arbitror,
532 2476 633 2550 sicut
668 2502 690 2548 a
720 2472 927 2549 maioribus
958 2473 1108 2575 accepi,
1144 2472 1185 2547 in
1216 2488 1340 2575 patres
1373 2490 1411 2547 et
1443 2473 1602 2575 plebem.
1727 2528 1732 2537 ·

200 2603 324 2674 Antea
347 2600 388 2673 in
414 2599 587 2703 patribus
610 2624 757 2673 summa
782 2596 988 2672 auctoritas
1011 2612 1114 2684 erat,
1141 2595 1200 2669 vis·
1216 2596 1339 2671 multo
1363 2624 1542 2671 maxuma
1561 2597 1602 2671 in

200 2722 321 2824 plebe.
367 2727 502 2825 Itaque
529 2724 664 2825 saepius
694 2723 736 2795 in
767 2722 919 2795 civitate
944 2719 1096 2795 secessio
1124 2718 1224 2792 suit:
1248 2740 1469 2822 semperque
1494 2720 1604 2801 nobi÷

202 2843 320 2921 litatis
346 2872 432 2952 opes
459 2842 667 2921 deminutae
699 2862 815 2930 sunt,
858 2861 897 2919 et
931 2845 990 2917 ius
1024 2842 1157 2947 populi
1196 2841 1481 2945 amplificatum.
1533 2842 1604 2917 Sed

200 2969 331 3071 plebes
351 2998 395 3046 eo
418 2972 537 3045 libere
559 2970 743 3073 agitabat,
768 2970 859 3071 quia
886 2967 1032 3041 nullius
1058 2966 1228 3069 potentia
1254 2992 1368 3069 super
1386 2965 1483 3069 leges
1507 2982 1606 3061 erat3

204 3120 328 3195 neque
344 3094 485 3174 divitiis
505 3111 573 3167 aut
590 3091 787 3194 superbia,
810 3090 875 3166 sed
895 3092 997 3165 bona
1026 3089 1127 3193 sama
1146 3088 1329 3190 lactisque
1353 3086 1514 3163 fortibus
1537 3116 1605 3163 no-

201 3214 288 3291 bilis
310 3218 516 3322 ignobilem
550 3216 744 3289 anteibat:
777 3213 1033 3288 humillumus
1062 3211 1222 3314 quisque
1258 3212 1301 3285 in
1324 3210 1420 3315 agris
1442 3227 1510 3285 aut
1534 3211 1604 3285 mi-

204 3336 307 3431 litia,
333 3342 480 3416 nullius
514 3340 680 3413 honestae
702 3339 756 3411 rei
786 3363 916 3441 egens,
937 3338 1026 3411 satis
1051 3334 1123 3410 sibi
1156 3335 1318 3436 satisque
1345 3334 1478 3437 patriae
1513 3350 1602 3407 erat.

205 3462 274 3537 Sal
294 3466 363 3539 ubi
382 3491 442 3538 eos
464 3463 665 3567 paullatim
685 3461 857 3564 expulsos
880 3459 1127 3564 agrisinertia
1151 3475 1266 3559 atque
1289 3456 1418 3561 inopia
1443 3457 1603 3531 incertas

205 3584 332 3663 domos
350 3586 668 3690 haberesubegit:
682 3610 830 3687 coepere
847 3585 989 3659 alienas
1001 3608 1088 3686 opes
1104 3598 1248 3685 petere,
1265 3581 1478 3655 libertatem
1494 3604 1602 3655 suam

208 3832 284 3875 mute
295 3837 363 3877 tum
382 3835 443 3875 om.
460 3813 542 3875 Febr.
555 3812 671 3873 etBrie.
690 3812 795 3873 autimi
810 3812 944 3890 nequiere
963 3812 1038 3871 Bric.
1060 3811 1208 3889 neqzu'oare
1223 3810 1303 3870 Fabr.
1325 3810 1519 3887 nequiverunt*
1534 3813 1602 3871 tul-

209 3938 254 3997 go.
274 3941 335 3981 non
352 3920 446 3980 luctus
456 3917 585 3998 gemilu?
598 3917 732 3977 virorum
748 3918 905 3977 mulierum
925 3916 1009 3974 Fabr.
1031 3926 1212 3974 eornmutare
1233 3914 1337 3973 nolunt
1357 3915 1383 3973 si
1403 3916 1487 3973 liceat
1507 3916 1601 3974 Vatis.

209 4022 281 4097 quln-
291 4024 418 4107 optatius
427 4032 535 4087 veteres
551 4021 629 4081 libri.
649 4021 701 4099 qui
717 4026 815 4103 vulgo.
836 4020 1082 4097 eommunrhsque.
1098 4020 1159 4079 eius
1173 4022 1239 4077 looo
1253 4019 1502 4099 commum'eesque
1514 4018 1600 4079 Febr.

209 4123 279 4189 Bria.
298 4160 340 4179 --
360 4128 434 4211 Cap.
449 4130 478 4187 5.
497 4127 670 4189 demittutoe.
684 4127 758 4185 dim.
779 4128 875 4185 Vatis.
896 4124 980 4183 Faba.
1000 4122 1094 4182 armis
1108 4132 1158 4183 aul
1176 4122 1281 4181 militia
1297 4122 1393 4182 Codd.
1415 4132 1442 4181 et
1454 4122 1516 4183 mil.
1536 4126 1603 4184 lne-

211 4244 285 4307 rnnt,
302 4238 353 4317 qui
369 4237 497 4315 legerent
515 4231 593 4293 oreis
611 4239 638 4289 st
656 4252 696 4295 m.
716 4232 842 4291 coniecit
855 4228 965 4287 Duum.
996 4228 1077 4307 agris
1091 4228 1247 4310 legendum
1267 4246 1323 4291 esse
1343 4246 1454 4289 censeo
1476 4228 1526 4307 qui
1543 4219 1601 4288 dl>-
