4050 5009
223 507 230 514 .
298 536 302 542 ,
376 334 508 504 ιιι1

323 684 328 694 ,
370 620 460 666 mes-
469 619 540 662 nam
553 573 728 683 qnantum·
708 606 902 682 -arrogunt-
884 598 939 659 -id
954 617 996 657 m.
1007 595 1318 660 noranobilitasest·
1298 601 1591 690 -fucundam(isup.
1598 605 1690 688 lin.)·
1703 551 1789 673 meo·

272 719 278 733 “
370 729 440 771 ιιιιιι
463 714 610 787 majomm
630 703 821 766 ostendere·
801 703 1051 785 --protueeent
1035 707 1112 766 ·.vl
1134 725 1182 765 me
1203 709 1396 787 opulenter·
1415 711 1577 773 molliciem
1592 735 1691 798 agas·
1672 719 1788 780 -cele-

371 813 495 875 brato-
476 797 647 894 -ctpnit-
674 831 746 870 nam
767 831 802 870 ex
822 821 984 891 parente·
1012 813 1083 890 plus
1104 822 1240 891 oportere
1260 815 1359 895 gloria
1384 835 1478 896 quam
1500 817 1669 882 divitiarum
1690 843 1752 886 esee
1766 855 1789 872 .

372 941 476 981 carum
497 920 716 992 existimant·=
744 927 886 975 amant·
914 915 1092 993 jocundiora
1112 925 1221 978 sunt·
1251 920 1310 980 mei
1331 940 1463 983 morsa·
1488 925 1641 1006 pausada
1659 945 1786 1009 rap.-
1814 959 1818 970 ·

372 1024 541 1086 mehercule
559 1021 610 1084 sed
632 1023 726 1104 magis
746 1020 961 1082 -adnitimini
981 1052 1001 1067 -
1021 1023 1175 1104 capessite.

416 1231 507 1355 (iud.
532 1285 620 1368 ¹7⁵¹·
641 1284 750 1374 Perg.
761 1276 838 1373 fol.
859 1284 947 1352 Soec.
971 1281 1039 1348 ΧΙ
1039 1283 1084 1350 V.
1094 1277 1199 1350 ”liber
1217 1279 1406 1378 eleganter
1424 1288 1490 1354 sed
1505 1283 1734 1380 neglegenter·

990 1385 1166 1474 scriptus

446 1597 513 1660 Cat.
537 1599 586 1659 51.
607 1617 716 1681 magna
737 1595 832 1660 michi
854 1608 897 1659 est
918 1619 987 1681 cop.
1008 1630 1028 1648 -
1046 1612 1149 1683 atque·
1157 1575 1361 1666 misericordia
1380 1585 1399 1652 ss
1416 1601 1453 1663 ln
1472 1603 1555 1663 bello
1576 1587 1677 1666 mae.-
1696 1604 1750 1666 rod
1765 1641 1781 1652 -

312 1739 324 1760 1
370 1723 458 1766 musa
477 1735 497 1753 -
514 1702 773 1786 chardiagincnscs
794 1736 808 1751 -
831 1705 904 1786 talia
924 1707 1020 1767 facere
1040 1737 1059 1754 -
1078 1703 1139 1770 boc
1158 1710 1232 1769 item
1253 1741 1272 1757 ·
1293 1730 1341 1792 ap,
1364 1729 1416 1772 ros
1435 1711 1530 1772 valeat
1542 1742 1558 1756 -
1577 1729 1634 1770 nec
1656 1692 1748 1794 magis
1764 1745 1782 1758 -

368 1796 399 1892 q,
420 1812 578 1871 consulatis
600 1812 677 1876 same
694 1843 714 1858 ·
735 1811 903 1892 repperitur
922 1843 941 1859 ··
973 1825 1125 1894 exsuperat
1144 1847 1160 1861 -
1181 1814 1329 1900 compleri
1350 1813 1418 1888 iana
1447 1826 1537 1898 atquo
1563 1813 1670 1878 domos
1711 1837 1782 1898 spo-

367 1917 436 1976 liari
458 1917 534 1977 cede
561 1916 702 1977 incendio
728 1902 752 1965 ¹-
781 1927 810 1978 et
832 1928 892 1978 tam
912 1928 995 1978 atrox
1014 1951 1038 1972 -.
1059 1939 1149 1978 nrum
1180 1919 1354 2026 mortalium
1384 1923 1503 2002 injuriae
1523 1955 1539 1967 ·
1573 1920 1747 2004 delinquere
1764 1957 1781 1970 ·

371 2041 474 2084 eorum
496 2024 629 2083 sonuum
655 2023 757 2084 cuncti
778 2043 885 2083 novere
906 2025 1085 2082 mortales·
1111 2025 1245 2086 facinora
1266 2045 1327 2086 esse
1344 2045 1489 2088 eorum-
1516 2037 1545 2087 et
1570 2029 1605 2110 in
1634 2027 1778 2089 omnibus

366 2129 504 2226 impiis·
523 2128 547 2189 si
567 2131 660 2234 paulo
680 2149 715 2190 ea
734 2130 832 2190 sevior
853 2129 940 2188 fuit·
959 2099 1084 2189 Brutum
1106 2130 1248 2192 silianum
1271 2143 1352 2198 certo
1373 2133 1466 2194 scio·
1487 2105 1614 2194 erudelis
1634 2133 1780 2198 ridetur·
1827 2209 1829 2212 Ι

365 2255 434 2296 cum
456 2236 613 2316 praesertim
642 2233 698 2294 dili
700 2235 835 2318 gentia—
865 2254 986 2317 pomum
1008 2235 1188 2316 equidem·
1196 2239 1307 2299 levius
1328 2249 1409 2299 est·
1390 2239 1504 2322 -qnid
1524 2243 1703 2302 convenit·
1684 2259 1779 2300 -ue-

363 2342 499 2426 glexeris3
522 2352 638 2420 tempus
659 2341 878 2422 (plumomissa
891 2342 924 2402 in
943 2344 1078 2426 margine
1090 2321 1226 2426 scripta)
1235 2365 1269 2404 ex
1288 2343 1374 2406 bonis
1394 2347 1519 2406 initiis·
1535 2347 1656 2428 ignaros
1676 2346 1778 2408 cives·

362 2450 462 2508 leticia
481 2467 585 2529 peenas
616 2445 736 2508 dedit·
755 2450 830 2506 alios
851 2446 1040 2527 ejusmodi·
1060 2451 1125 2532 quis
1147 2468 1212 2510 non
1233 2452 1344 2512 factum
1365 2459 1466 2532 ejus·
1447 2449 1608 2514 -hoies·
1589 2461 1775 2533 ·p0stremo

362 2573 413 2616 ras
441 2589 457 2600 ·
483 2556 571 2616 utin
592 2555 749 2636 proscript.
779 2589 795 2601 -
825 2551 873 2615 his
893 2575 990 2639 neque
1012 2567 1106 2639 temp.
1133 2589 1152 2605 ·
1180 2556 1349 2618 munilibus
1369 2590 1388 2606 ·
1416 2557 1454 2618 ab
1475 2560 1565 2619 tuscis
1585 2593 1600 2605 -
1620 2555 1776 2621 ridebatur
1847 2549 1850 2557 ¹

362 2658 505 2720 idoneum
526 2661 613 2721 -scd
631 2682 736 2721 censeo
756 2662 953 2743 publicandas
971 2694 990 2710 ·
1012 2664 1045 2722 in
1067 2664 1204 2724 vinculos
1224 2661 1388 2724 habendos.

443 2763 510 2826 Cat.
532 2765 580 2827 62.
620 2766 714 2829 michi
743 2771 803 2830 alia
832 2801 851 2818 ·
870 2767 965 2831 careri
994 2797 1016 2816 -
1033 2787 1208 2850 peraequare
1236 2796 1253 2820 ·
1281 2769 1388 2830 frustra
1408 2771 1550 2851 implores
1565 2761 1586 2816 '-
1618 2789 1667 2830 sss
1690 2761 1774 2850 apel-

360 2874 394 2932 lo
414 2891 469 2955 ego
495 2906 512 2918 -
540 2863 624 2933 modi
648 2876 708 2936 sint
727 2908 746 2924 -
776 2879 897 2935 alterius
916 2872 1015 2935 libine
1041 2906 1060 2923 -
1094 2873 1211 2964 tametsi
1231 2894 1320 2957 parre
1348 2873 1523 2956 pendebatis
1549 2909 1565 2920 -
1600 2875 1739 2936 nominet
1757 2907 1773 2919 ·

359 2998 427 3041 vera
452 2999 508 3040 noe
524 3010 540 3023 -
573 3001 612 3041 ue
640 2983 688 3041 illi
724 2982 900 3064 sanguinem
920 3013 938 3028 ·
965 2992 996 3041 ct
1021 3000 1060 3040 ne
1093 2977 1167 3040 dum
1192 3015 1208 3027 -
1241 2982 1371 3042 minores
1404 2992 1475 3041 sunt
1502 3013 1520 3028 -
1557 2978 1614 3040 Sed
1646 2983 1672 3040 si
1705 2981 1737 3040 in
1756 3013 1773 3026 -
1808 2993 1812 3002 “

363 3087 452 3147 refert
479 3107 518 3146 ne
542 3085 619 3147 mibi
642 3121 660 3133 -
688 3087 848 3147 statueritis
873 3119 889 3134 ·
919 3108 984 3170 quse
1014 3089 1100 3146 nulla
1129 3085 1216 3162 nobis
1239 3120 1255 3134 ·
1284 3091 1439 3170 sequimur
1471 3098 1626 3170 egestatem
1653 3118 1672 3135 ·
1702 3105 1770 3146 cum

361 3192 490 3253 exercitu
508 3211 598 3274 supra
616 3205 708 3274 caput
729 3203 805 3278 est·
832 3196 922 3256 etiam
944 3212 1028 3253 nunc
1050 3203 1080 3253 et
1098 3191 1240 3254 dubitatis
1262 3225 1279 3241 ·
1307 3191 1496 3276 deprehensis
1519 3179 1653 3254 hostibus
1671 3224 1687 3237 ·
1714 3195 1772 3253 mi-

358 3300 497 3360 seremini
510 3319 614 3362 censeo
632 3335 648 3348 -
660 3309 866 3361 convertatur.
875 3281 1214 3380 suppliciismulieribus
1229 3331 1245 3344 ·
1258 3310 1354 3366 cetera
1365 3319 1468 3372 eorum
1479 3301 1540 3360 vita
1549 3333 1563 3347 ·
1575 3299 1601 3360 si
1613 3299 1769 3382 quisquam

357 3426 491 3488 unquam
509 3407 596 3487 pensi
615 3410 691 3468 -ita
712 3425 816 3486 censeo
835 3424 889 3486 ego
905 3433 925 3450 -
943 3405 1020 3467 volt.

418 3512 488 3594 lug.
499 3512 549 3576 85.
563 3521 676 3572 atatem
684 3488 794 3596 gerere.
804 3510 1103 3594 seraptim-contra
1114 3530 1148 3570 ea
1158 3507 1298 3572 videntur
1307 3541 1322 3554 ·
1333 3510 1475 3592 intellego
1489 3538 1504 3560 υ
1521 3509 1705 3572 omnishora
1716 3546 1727 3560 ·
1740 3522 1770 3572 et

359 3618 492 3699 pericula
505 3652 523 3664 ·
546 3628 577 3678 et
594 3617 666 3680 vitia
688 3631 775 3700 cepta
799 3617 934 3680 mercede
953 3653 969 3665 -
988 3639 1020 3702 p.
1039 3620 1226 3702 agnitionem
1246 3649 1265 3664 ·
1285 3617 1416 3698 optumis
1436 3619 1609 3700 -pleraque
1633 3623 1731 3682 evenit
1751 3650 1769 3666 -

357 3725 548 3802 imperatorie
572 3727 665 3785 alium
693 3756 712 3773 ·
737 3736 768 3786 ct
793 3738 860 3788 acta
877 3757 895 3774 ·
925 3728 1002 3787 tacta
1027 3745 1065 3786 an
1093 3724 1153 3786 vita
1174 3755 1191 3770 -
1213 3723 1359 3783 existumo
1377 3756 1393 3768 ·
1417 3744 1451 3783 ex
1468 3725 1547 3806 signi
1572 3726 1732 3784 maluerint
1750 3755 1767 3768 ·

357 3827 506 3910 adrogant
521 3858 541 3876 -
555 3848 619 3891 non
639 3833 754 3913 placuit
776 3841 895 3916 tangere
917 3861 935 3879 ·
956 3851 991 3891 ex
1012 3831 1107 3890 animi
1126 3831 1270 3890 sententia
1287 3861 1303 3876 ·
1326 3851 1365 3890 ese
1382 3841 1453 3890 sunt
1474 3851 1545 3890 mese
1561 3832 1767 3916 imag-‚satis

356 3935 491 3998 ostendit
505 3966 523 3980 ·
549 3929 728 4018 profuerunt
744 3971 764 3985 -
783 3949 909 4020 optuma
931 3970 947 3984 -
967 3935 1016 3997 bis
1035 3957 1104 4020 ergo
1121 3967 1140 3984 -
1158 3935 1267 3996 licebat
1279 3937 1445 4018 relinquere
1466 3937 1599 4012 divitias,
1620 3938 1765 4020 imagines

319 4106 321 4110 ,
355 4041 415 4124 (bis
434 4041 576 4108 inserbis
596 4042 705 4104 desinit
726 4044 810 4106 liber.
833 4047 967 4126 sequitur
985 4042 1073 4104 Catil.
1098 4045 1205 4104 iterum
1228 4043 1376 4125 usquead
1408 4065 1435 4104 e.
1459 4043 1508 4116 da.
1538 4056 1568 4106 et
1597 4045 1703 4105 lolium
1732 4065 1766 4106 ex
1800 4091 1807 4097 -

274 4171 278 4180 ·
354 4149 416 4210 tine
435 4149 506 4235 lug.
525 4150 595 4211 Soc.
616 4149 699 4210 xm.
719 4151 761 4210 sic
778 4153 905 4231 quisque
921 4149 1037 4210 hostem
1060 4151 1145 4212 ferire
1161 4185 1177 4198 -
1194 4171 1228 4210 ea
1247 4149 1546 4216 divicias-maximus
1564 4153 1734 4236 negotiosus
1747 4182 1765 4197 -

355 4253 388 4314 in
408 4259 519 4318 amieos
537 4257 639 4318 fideles
657 4289 673 4302 -
692 4254 786 4338 (liber
804 4255 1106 4338 negligentissimus.)
