4050 5009
94 623 95 628 =
209 576 320 668 soles,
345 580 517 683 pervade
569 583 743 685 Namque
760 595 829 655 out
855 596 899 655 tu
917 581 1059 657 mederi
1079 596 1207 686 potes,
1230 596 1299 655 aut
1321 574 1531 657 omittenda
1553 586 1609 655 est

210 724 300 775 eura
319 703 506 779 omnibus
555 707 687 808 Neque
709 704 914 807 quisquam
939 720 976 781 te
1001 703 1054 781 ad
1073 703 1235 781 crudelis
1256 726 1390 808 poenas
1416 717 1485 781 aut
1506 726 1609 777 acer·

209 822 257 897 ba
276 824 418 901 iudicia
435 826 607 919 invocat,
631 827 772 931 quibus
787 826 919 903 civitas
930 842 1101 903 vastetur
1116 827 1233 933 magis
1249 852 1368 931 quam
1385 824 1609 931 corrigitur3

208 947 272 1023 ssd
294 949 353 1024 uti
382 976 517 1053 pravas
548 967 646 1033 artes
673 944 867 1053 malasque
894 948 1088 1025 lubidines
1108 951 1159 1027 ab'
1180 950 1379 1026 iuventute
1398 948 1608 1053 prohibens.

209 1070 263 1145 Fa
283 1098 371 1147 vera
394 1072 596 1150 clementia
618 1074 712 1164 erit,
737 1071 990 1162 conuoluisse,
1016 1100 1066 1147 ne
1081 1072 1271 1149 immerito
1287 1072 1384 1149 cives
1406 1072 1531 1177 patria
1547 1098 1609 1147 en·

208 1193 470 1297 pellerentur;
494 1196 692 1273 retinuisse
705 1197 755 1271 ab
769 1195 933 1271 stultitia
958 1211 997 1271 et
1021 1194 1122 1271 falsis
1147 1196 1428 1300 voluptatibus3
1454 1220 1609 1299 pacm,

210 1318 455 1394 concordiam
477 1317 697 1395 stabilivisse
727 1350 736 1392 t
772 1345 871 1408 non,
895 1318 927 1392 si
954 1316 1107 1422 flagitiis
1128 1320 1344 1409 obsecutus,
1369 1318 1506 1394 delicta
1524 1342 1610 1421 per-

208 1466 353 1544 pessus,
377 1468 538 1545 praesens
559 1441 745 1547 gaudium
761 1468 853 1516 cum
874 1468 964 1517 mox
985 1441 1117 1517 futuro
1146 1442 1247 1517 malo
1273 1443 1504 1517 concesseris.
1554 1444 1634 1522 Act

211 1561 308 1637 mibi
324 1565 495 1655 animus,
515 1565 656 1668 quibus
672 1565 785 1641 rebus
798 1563 866 1639 alii
888 1564 1044 1654 timent,
1068 1591 1246 1642 maxume
1261 1562 1380 1639 lictors
1404 1580 1473 1654 est,
1500 1592 1612 1671 nego-

210 1686 254 1761 tii
276 1688 545 1791 magnitudine
566 1704 605 1764 et
628 1688 720 1791 quia
739 1686 810 1761 tibi
830 1702 940 1762 terrae
964 1702 1003 1761 et
1021 1686 1141 1761 maria
1164 1687 1279 1763 simul
1306 1687 1436 1763 omnia
1459 1714 1613 1793 compo·

93 1828 94 1847 ¹
212 1812 338 1887 nenda
361 1829 461 1887 sunt
499 1812 875 1916 Quipperesparvas
895 1825 1049 1885 tantum
1066 1810 1265 1913 ingenium
1279 1811 1466 1915 attingere
1477 1814 1615 1915 nequi-

93 1973 94 2007 r
211 1950 268 2010 ret
285 1968 293 2009 ε
319 1962 467 2039 magnae
491 1960 593 2010 curve
627 1958 764 2039 magna
784 1956 926 2007 merces
950 1946 1013 2005 est
1064 1932 1187 2035 Igitur
1210 1932 1407 2036 provideas
1441 1952 1612 2037 oportet,

93 2163 94 2168 Ἰ
212 2059 270 2133 uti
284 2057 431 2162 plebes,
447 2057 713 2161 largitionibus
731 2071 770 2129 et
785 2053 943 2157 publico
960 2053 1156 2130 flumem
1173 2071 1371 2162 corrupta,
1394 2055 1615 2133 habeatne·

213 2181 312 2285 gotia
333 2206 421 2272 sua,
447 2181 588 2283 quibus
605 2180 655 2253 ab
674 2178 777 2253 molo
796 2175 954 2281 publico
971 2176 1191 2255 detineatur
1215 2213 1223 2254 z
1248 2180 1424 2255 iuventus
1445 2180 1614 2285 probite-

93 2305 94 2328 ¹
216 2304 295 2381 siet
314 2304 531 2394 industriae,
556 2330 637 2379 non
648 2301 865 2405 sumptibus
884 2327 1010 2403 neque
1034 2300 1175 2377 divitiis
1194 2301 1352 2379 studeat
1403 2304 1448 2380 Id
1466 2305 1615 2381 itaeve-

215 2428 312 2519 niet,
335 2427 369 2503 si
387 2425 577 2531 pecuniae,
601 2444 688 2529 qaue
704 2450 883 2499 maxuma
913 2423 1090 2499 omnium
1112 2424 1297 2527 pernicies
1320 2443 1393 2517 cst,
1419 2452 1533 2503 usum
1558 2444 1615 2503 at-

213 2578 289 2654 que
308 2551 423 2627 decus
443 2547 629 2625 demseris
677 2547 775 2624 Nam
802 2572 901 2650 supe
927 2572 996 2651 ego
1022 2574 1113 2623 cum
1144 2547 1275 2625 animo
1306 2576 1390 2626 meo
1413 2566 1616 2655 reputans,

92 2654 93 2694 ¹
216 2674 355 2779 pum
380 2674 542 2777 quoque
558 2671 672 2747 rebus
697 2671 792 2748 erari
812 2670 885 2745 vot
908 2670 1216 2775 magnitudinem
1244 2671 1492 2770 invenissem
1515 2700 1618 2779 qus»

92 2798 93 2829 ¹
217 2826 291 2903 que
306 2824 363 2875 ms
375 2796 539 2907 populos
555 2795 772 2871 nationesve
790 2794 937 2900 magnis
957 2794 1202 2871 auctionibus
1217 2794 1428 2891 auxissent3
1452 2824 1497 2873 ac
1509 2798 1619 2877 dein·

217 2925 283 3015 de,
299 2923 441 3027 quibus
456 2920 593 2996 caussis
605 2919 849 3022 amplissume
867 2942 983 3018 regna
999 2933 1039 2992 et
1054 2918 1212 3021 imperia
1227 2918 1473 3019 corruissent:
1486 2922 1620 3000 eadem

218 3073 364 3152 semper
380 3048 484 3121 bona
515 3060 631 3145 atque
656 3042 757 3117 mala
785 3040 1037 3144 reperiebam,
1059 3066 1264 3144 omnesque
1283 3041 1441 3118 victores
1468 3042 1620 3127 divitias

219 3169 482 3273 contempsisse
498 3183 539 3243 et
553 3167 671 3241 victos
687 3164 880 3268 cupivisse.
929 3164 1061 3267 Neque
1083 3164 1195 3240 aliter
1213 3163 1417 3269 quisquam
1441 3168 1620 3245 extollere

221 3322 295 3372 sese
308 3312 348 3371 ct
365 3292 496 3369 divina
511 3289 683 3366 mortalis
709 3287 894 3391 attingere
921 3302 1062 3389 potest4
1086 3288 1181 3377 nisi,
1207 3288 1350 3363 omissis
1379 3291 1553 3393 pecuniae
1581 3308 1620 3367 et

223 3417 388 3522 corporis
403 3412 562 3521 gaudiis,
579 3412 709 3486 animo
721 3410 935 3514 indulgens,
945 3437 1025 3485 non
1039 3410 1263 3486 assentando
1276 3438 1401 3513 neque
1413 3412 1618 3517 concupita

222 3538 440 3647 praebendo,
461 3558 673 3639 perversam
685 3532 846 3635 gratiam
862 3532 1078 3637 gratificans
1085 3566 1096 3627 3
1116 3533 1244 3609 sedin
1267 3534 1414 3625 labore,
1434 3534 1618 3639 patientie

116 3745 119 3751 ,
222 3664 407 3768 bonisque
418 3657 616 3765 preceptis
632 3674 671 3733 et
683 3654 796 3731 'factis
813 3654 976 3730 fortibus
991 3654 1241 3733 exercitando.
1266 3657 1364 3732 Nem
1374 3656 1534 3733 domum
1552 3674 1649 3737 auto

223 3790 353 3867 villam
379 3800 586 3870 exstruere,
616 3806 777 3882 eamque
796 3778 931 3883 signis,
957 3778 1087 3853 auloeis
1111 3778 1271 3881 aliisque
1302 3782 1479 3885 operibus
1514 3810 1621 3867 exor-

223 3942 329 4004 nare,
354 3926 394 3987 et
406 3906 536 3996 omnia
556 3903 683 4007 potius
698 3929 816 4006 quam
833 3918 951 3977 semet
968 3901 1168 3979 visendum
1189 3902 1358 3999 efficere3
1383 3904 1425 3979 id
1446 3923 1518 3998 est,
1540 3934 1623 3993 non

224 4038 373 4117 divitias
390 4028 517 4114 decori
533 4025 694 4117 habere,
718 4024 784 4103 ssd
804 4025 931 4131 ipsum
953 4024 1029 4101 illis
1049 4024 1194 4131 flagitio
1217 4050 1302 4101 esse.
1334 4028 1452 4105 Porro
1472 4029 1521 4121 ii,
1536 4031 1624 4134 qui·

227 4237 286 4317 quit
305 4235 403 4295 setosi
423 4233 512 4291 decus
526 4222 685 4288 Memmi
702 4222 790 4284 Faltri
806 4233 835 4283 et
851 4224 926 4283 Bric.
945 4242 1065 4302 qroeqtts
1080 4242 1125 4285 res
1139 4223 1260 4305 populos
1279 4242 1381 4289 omues
1394 4226 1472 4287 libri.
1493 4246 1548 4306 (με
1560 4246 1623 4291 om.

228 4342 308 4403 cort.
329 4336 446 4419 mognis
461 4331 642 4396 maionem
659 4328 746 4393 rste
760 4338 789 4389 ot
805 4326 881 4388 Bric.
902 4326 1068 4389 auctoribus
1080 4327 1173 4390 Votis.
1193 4360 1237 4377 -
1268 4324 1343 4412 Cap.
1354 4330 1384 4393 8.
1404 4330 1624 4413 summum

415 4436 419 4439 ’
1198 4432 1225 4486 *
