4050 5009
418 378 466 451 38

415 568 527 627 teocam
546 592 566 608 -
588 561 635 621 ιθ.
657 559 806 640 intellegit
824 590 843 605 -
863 560 1027 619 nonnullos
1047 556 1226 619 sollieitabat
1242 588 1261 605 -
1280 578 1330 639 ²9·
1352 560 1463 621 nullius
1483 580 1583 621 earum
1604 590 1623 609 -
1642 557 1694 619 30.
1714 569 1745 620 et
1766 558 1831 621 dn-

416 671 502 723 centa
512 659 596 717 milia
612 658 810 715 sestertiorum
829 688 848 702 -
869 654 919 715 31.
934 667 964 713 et
980 666 1015 715 ut
1033 658 1078 714 sui
1098 644 1276 735 'e'xpurgandi
1296 688 1315 703 -
1334 655 1382 715 32.
1396 657 1437 715 ibi
1451 642 1551 716 secum
1569 660 1663 714 multa
1677 658 1831 715 volvens-

416 737 566 837 optimum
583 756 664 811 factu
685 783 704 798 -
723 752 991 830 multopraevenire
1012 761 1125 809 etanta
1144 746 1294 829 capere‘ea
1313 754 1388 812 -ad
1410 754 1554 813 mercium
1577 755 1669 812 mittit
1687 773 1788 833 regem
1811 784 1832 799 -

417 853 468 925 34.
489 850 612 910 factioni
628 868 730 906 eorum
751 880 767 892 ·
788 846 837 905 35.
850 848 964 927 magnis
977 849 1010 904 in
1024 847 1163 926 periculis
1175 848 1247 905 meis
1265 880 1281 893 ·
1300 848 1349 907 36.
1370 848 1420 907 secl
1431 850 1486 928 ipsi
1497 848 1627 907 Catilina
1646 882 1665 895 -
1685 848 1736 930 37.
1752 868 1833 907 con-

418 948 576 1030 jurationis
594 947 711 1003 fuerant
729 975 749 988 -
768 944 855 1001 multi
867 945 1004 1002 mortales
1024 946 1088 1023 syll.
1109 943 1237 1001 victoriae
1255 964 1398 1003 memores
1418 976 1437 990 -
1453 945 1500 1004 38.
1516 945 1649 1023 potentia
1672 954 1831 1004 certantes.

478 1042 632 1121 «Iugurtha
653 1042 701 1099 85.
723 1040 816 1118 pluris
829 1051 870 1097 est
889 1072 909 1085 ·
928 1061 978 1099 eos
998 1060 1073 1118 quos
1093 1039 1170 1097 nolis
1188 1069 1207 1084 -
1231 1060 1296 1100 ιιο.
1318 1054 1346 1101 et
1363 1042 1488 1101 Hercule
1507 1042 1579 1099 Silla
1598 1071 1617 1085 -
1638 1042 1734 1099 suerat
1750 1038 1832 1100 mihi

419 1143 550 1225 pretium
570 1169 589 1184 -
613 1158 677 1195 ιιι.
694 1138 835 1216 quoniam
857 1136 946 1194 armis
966 1136 997 1193 in
1014 1136 1122 1216 praeliis
1143 1137 1210 1213 plus
1227 1138 1388 1196 valuissent
1407 1170 1426 1184 -
1445 1138 1611 1216 plurimum
1633 1136 1723 1195 debet
1748 1136 1833 1194 aml-

420 1228 497 1301 cltiae
516 1234 610 1295 foedus
629 1266 648 1280 -
668 1253 717 1290 rex
734 1252 839 1312 negare
857 1265 875 1276 -
895 1233 961 1311 quis
978 1228 1126 1311 Jugurtha
1144 1262 1164 1277 -
1194 1251 1259 1289 112.
1279 1233 1500 1291 conditionibus
1520 1252 1623 1311 paoem
1645 1232 1794 1311 componi
1813 1262 1835 1279 -

423 1334 490 1395 nt.
510 1321 584 1412 saepe
599 1333 668 1409 ipse
684 1330 741 1387 sibi
756 1328 881 1388 advorsae
899 1330 980 1386 -ita
999 1337 1115 1387 tacente
1135 1358 1154 1374 -
1174 1330 1291 1387 occulta
1303 1330 1399 1410 specie
1417 1330 1476 1389 oris
1495 1361 1514 1376 -
1534 1330 1651 1389 accersi.

542 1511 633 1587 cod.
665 1512 711 1583 V.
762 1503 942 1603 (Pantini
971 1504 1133 1609 Catalog.
1162 1506 1207 1579 ΙΙ.
1236 1532 1317 1605 720.
1349 1532 1443 1581 xxva.
1492 1506 1590 1580 Plut
1622 1532 1712 1579 nxrv.
1744 1509 1833 1605 26.)

426 1630 638 1706 Membran.
658 1623 780 1697 forma
814 1614 1010 1721 quadrata.
1036 1622 1121 1692 Sacc.
1159 1647 1217 1693 xn.
1247 1620 1439 1723 adjuncta·
1465 1638 1557 1695 sunt
1578 1647 1711 1724 paucae
1737 1621 1838 1725 glos-

419 1772 486 1835 sae,
511 1742 575 1817 sed
596 1740 795 1812 literarum
817 1736 954 1807 duetus
978 1733 1074 1808 mihi
1091 1734 1248 1836 quidem
1272 1735 1320 1808 ad
1341 1734 1479 1808 seriora
1512 1752 1683 1837 tempora
1710 1734 1835 1839 perti-

419 1887 511 1936 nere
529 1856 718 1933 videntur.
757 1852 931 1923 Ceterum
949 1849 1048 1923 liber
1069 1849 1267 1951 aliquoties
1288 1867 1469 1926 vetustate
1486 1866 1690 1953 corruptus
1713 1868 1754 1925 et
1780 1850 1836 1927 ad

417 1973 621 2080 legendum
646 1965 880 2043 difficilimus
905 1979 971 2040 est.
1006 1967 1137 2066 Neque
1162 1965 1301 2040 multas
1323 1968 1440 2040 bonae
1468 1966 1647 2041 lectiones
1676 1963 1754 2039 hoc
1788 1966 1836 2041 in

421 2091 551 2166 codice
570 2082 766 2159 inveneris.

495 2228 651 2307 Jugurtha
670 2246 695 2282 c·
712 2242 777 2280 ιιι.
798 2218 835 2278 de
854 2240 926 2298 pace
942 2229 971 2278 et
992 2220 1228 2280 communibus·
1252 2241 1317 2280 ιιι.
1340 2232 1370 2281 et
1385 2222 1520 2281 enuntiat
1538 2254 1556 2268 -
1577 2241 1682 2301 pacem
1703 2222 1836 2281 consec.

422 2340 510 2387 lam-
534 2330 599 2385 ¹¹3·
619 2327 706 2381 vultu
723 2319 913 2399 corporisque
932 2348 950 2363 -
969 2317 1018 2375 ita
1032 2328 1146 2376 tacente
1163 2320 1227 2399 ipso
1252 2323 1367 2377 occulta
1382 2319 1478 2397 cordis
1492 2329 1521 2377 et
1538 2320 1597 2377 oris
1616 2350 1635 2364 -
1655 2316 1795 2377 accersiri
1817 2348 1840 2363 .-

419 2428 515 2486 factus
532 2434 593 2490 est,
614 2422 641 2477 ei
659 2418 785 2475 decreta.

502 2542 636 2603 Catilina
654 2556 703 2618 47.
721 2546 915 2617 vargunteum
935 2565 955 2580 ·
970 2521 1022 2604 ιθ.
1043 2538 1127 2613 pleps
1147 2566 1166 2580 -
1185 2533 1337 2593 cotidiano
1357 2566 1376 2581 -
1394 2542 1566 2613 potestatem
1581 2532 1717 2591 faciundi
1732 2528 1841 2591 habe-

419 2662 451 2702 re
470 2673 489 2688 -
508 2641 665 2717 impostam
685 2666 704 2680 -
726 2635 775 2711 49.
788 2630 960 2689 exercebant
979 2660 998 2675 -
1020 2634 1066 2689 50.
1079 2631 1200 2688 libertos
1219 2650 1287 2717 suos
1301 2634 1408 2687 electos
1430 2628 1532 2687 orabat
1555 2640 1583 2686 et
1601 2629 1775 2687 exercitatos
1799 2630 1840 2689 in

421 2736 576 2797 audaciam
597 2764 616 2779 -
636 2733 687 2810 qui
704 2733 736 2787 in
751 2728 893 2786 custodiis
910 2726 1012 2783 traditi
1030 2737 1114 2785 erant
1132 2758 1151 2772 -
1170 2737 1199 2785 et
1217 2736 1352 2805 preterea
1370 2726 1406 2785 de
1425 2758 1444 2772 -
1465 2727 1489 2782 is
1502 2736 1625 2804 postea,
1642 2735 1814 2804 permotus.

507 2867 726 2973 (Ejusmodi
751 2881 843 2938 sunt
863 2863 940 2937 sere
962 2888 1089 2935 ornnes
1113 2860 1230 2963 hujus
1252 2861 1341 2934 libri
1361 2861 1555 2950 lectiones,
1595 2886 1715 2963 quare
1745 2886 1843 2937 non

422 3006 496 3078 est,
519 2985 624 3088 quod
650 2983 778 3085 plures
803 2977 1073 3068 transcribam
1105 2976 1162 3050 vel
1197 3004 1241 3049 ex
1276 2974 1338 3048 his·
1363 2976 1540 3079 colligas,
1567 2993 1763 3079 quantum
1796 2979 1843 3051 ei

423 3102 675 3181 tribuendum
689 3096 745 3169 sit.
774 3092 949 3167 Ceterum
970 3091 1058 3166 Cod.
1079 3091 1138 3166 lv.
1155 3109 1194 3164 et
1205 3094 1249 3167 V.
1261 3092 1478 3168 Victoriam
1499 3118 1613 3166 usum
1634 3117 1710 3166 esse
1728 3092 1845 3165 Pan·

423 3219 497 3294 tini
523 3215 703 3321 judicat.)

524 3362 614 3439 cod.
634 3360 702 3435 VI.
741 3352 922 3445 (Pantini
943 3351 1104 3455 Catalog.
1121 3353 1185 3424 111.
1200 3353 1282 3448 371.
1306 3380 1363 3427 xic
1389 3379 1419 3426 a.
1444 3354 1636 3451 Plutnq.)
1661 3350 1845 3429 Inferior

424 3480 514 3560 cod.
536 3504 595 3551 xx.
621 3474 674 3570 a.)
699 3470 909 3542 Membran.
932 3465 1053 3539 forma
1071 3465 1273 3568 quadrata,
1299 3496 1413 3568 quem
1437 3469 1576 3543 saeeulo
1596 3467 1645 3541 xi.
1670 3468 1844 3543 Pantini

422 3595 610 3695 scriptum
634 3612 709 3659 esse
731 3598 851 3685 putat
889 3580 961 3653 Sed
979 3581 1177 3681 antiquior
1193 3608 1308 3680 quam
1333 3584 1476 3657 melior.
1502 3584 1668 3657 Catilina
1687 3583 1729 3656 in
1753 3581 1845 3659 fine

422 3707 597 3792 mutilus,
607 3696 798 3801 Jugurtha
825 3695 954 3783 initio;
977 3723 1069 3767 nam
1092 3722 1211 3795 usque
1236 3690 1285 3767 ad
1310 3723 1379 3796 cap
1402 3724 1486 3769 xrx:
1513 3748 1530 3781 «
1554 3700 1647 3771 alite
1665 3700 1846 3775 Pum‘eae

422 3825 556 3901 urbes”
581 3815 711 3891 omnia
730 3814 863 3886 omissa
877 3826 977 3883 sunt.
1000 3809 1107 3883 Alius
1126 3808 1302 3883 librarius
1325 3810 1548 3901 Catilinam,
1570 3811 1670 3886 alius
1686 3813 1848 3916 lugur-

424 3938 533 4013 tham
556 3928 733 4007 exaravit

506 4098 597 4161 Catil.
619 4116 644 4153 ι.
665 4093 764 4151 omnis
777 4088 927 4147 nostravis
945 4115 965 4133 -
984 4085 1105 4143 beluis·
1126 4104 1153 4144 ι.
1175 4084 1298 4160 desidia,
1324 4090 1526 4161 continentia,
1547 4089 1697 4169 equitate,
1721 4092 1844 4169 optim,

421 4214 603 4283 quemquem
620 4222 639 4236 -
657 4187 744 4245 sicuti
762 4184 907 4262 peregrin.
923 4182 1059 4239 transiere
1078 4212 1097 4227 -
1116 4186 1195 4257 juxta
1211 4184 1341 4241 existimo
1360 4186 1492 4263 -aliquo
1510 4186 1633 4264 negotio
1650 4185 1706 4263 qui
1729 4186 1849 4247 inten-

421 4308 469 4356 tus
489 4328 506 4339 -
525 4292 554 4351 3.
569 4282 805 4345 adulescentulus
825 4306 844 4321 -
861 4287 926 4334 aetas
942 4296 1008 4332 mea
1025 4276 1181 4354 -incepto
1200 4278 1358 4338 studiome
1377 4312 1394 4325 ·
1414 4280 1609 4338 memorabile
1632 4282 1746 4339 estimo
1768 4314 1789 4331 -
1811 4290 1846 4347 5.

423 4411 515 4475 pravo
532 4388 671 4461 maloque
689 4410 709 4425 -
729 4374 946 4443 dissimulator,
966 4382 1107 4452 appetens
1126 4403 1144 4417 -
1164 4373 1360 4452 militiamque
1371 4376 1509 4453 intempti
1527 4406 1547 4421 -
1562 4394 1673 4455 eorpus
1691 4387 1760 4435 erat
1779 4399 1850 4438 an-
