4050 5009
1567 418 1738 514 ²9·

216 571 346 648 omnia
370 597 488 675 quam
514 571 628 650 decus
651 589 765 678 atque
789 573 975 680 pudicitia
999 573 1098 650 fuitz
1131 576 1302 680 pecunia)
1327 605 1377 652 an
1403 575 1518 660 damac
1542 574 1616 650 mi-

215 721 288 772 nue
311 712 509 800 parceret,
548 695 656 773 haud
692 696 804 772 facile
834 697 1093 774 discerneret:
1128 700 1262 776 lubido
1290 701 1344 776 sic
1371 726 1546 789 accensa,
1570 714 1617 774 ut

215 819 352 923 saepius
386 836 528 925 peteret
554 821 653 896 viros
687 848 805 924 quam
833 838 1034 926 peteretur.
1084 823 1157 898 Sed
1189 851 1232 898 ea
1257 849 1354 926 saepe
1377 823 1540 899 antehac
1573 820 1622 896 fi.

217 943 307 1020 dem
328 942 567 1048 prodiderat,
592 943 781 1047 creditum
799 945 1056 1034 abiuraverat,
1083 947 1195 1022 caedis
1224 949 1374 1022 conscia
1398 949 1536 1036 fuerat,
1558 945 1620 1033 lu-

219 1068 330 1144 xuria
353 1083 468 1170 atque
488 1067 617 1170 inopia
637 1094 801 1172 praeceps
829 1069 981 1144 abierat
1024 1073 1170 1146 Verum
1190 1073 1387 1176 ingenium
1406 1073 1487 1146 eius
1513 1068 1640 1146 haud·

219 1190 448 1284 absurdum,
484 1217 588 1294 posse
608 1216 746 1267 versus·
760 1192 900 1283 lacere,
936 1193 1064 1269 iocum
1089 1221 1259 1283 morere,
1283 1221 1456 1270 sermone
1484 1193 1543 1269 uti
1562 1192 1622 1268 vel

220 1313 407 1405 modesto,
429 1313 489 1404 vel
514 1314 638 1405 molli,
667 1315 727 1390 vel
749 1317 921 1420 procaci;
955 1343 1109 1420 proram
1141 1318 1272 1392 multae
1296 1318 1440 1392 facetiae
1461 1317 1623 1392 multus·

221 1466 296 1541 que
312 1438 417 1543 lepos
436 1437 566 1513 inerat
617 1437 685 1512 His
704 1439 814 1514 rebus
833 1441 1082 1543 comparatis,
1104 1442 1269 1516 Catilina
1293 1440 1417 1515 nihilo
1436 1441 1565 1516 minus
1581 1441 1623 1516 in
1636 1442 1674 1502 ²6

220 1589 455 1668 proxumum
488 1588 637 1638 annum
672 1563 913 1637 consulatum
943 1564 1115 1667 petebat,
1147 1590 1319 1668 sperone,
1350 1565 1381 1638 si
1411 1565 1626 1670 designatus

222 1686 341 1778 foret,
365 1685 477 1762 facile
493 1711 530 1760 se
547 1711 593 1760 ex
614 1686 812 1761 voluntate
826 1687 995 1762 Antonio
1008 1714 1178 1762 usurum.
1204 1690 1336 1790 Neque
1356 1688 1500 1794 interea
1519 1689 1628 1791 quie·

225 1828 285 1886 tus
308 1826 409 1900 erat,
431 1809 496 1884 sed
513 1809 689 1885 omnibus
713 1809 834 1884 modis
854 1809 1009 1908 insidias
1026 1811 1187 1912 parabat
1201 1811 1383 1886 Ciceroni.
1416 1813 1548 1914 Neque
1568 1812 1627 1886 illi

224 1951 353 2009 tamen
373 1932 422 2008 ad
446 1933 659 2009 cavendum
672 1933 783 2008 dolus
804 1949 872 2008 aut
903 1933 1052 2009 astutia
1079 1933 1244 2009 deerant.
1278 1937 1450 2035 Namque
1471 1963 1494 2008 a
1521 1935 1630 2038 prin·

224 2057 327 2161 cipio
348 2056 566 2133 consulatus
582 2057 663 2147 sui,
687 2056 810 2131 multa
828 2055 1047 2160 pollicendo
1070 2083 1140 2160 per
1157 2057 1353 2147 Fulviam,
1376 2057 1568 2145 effecerat,
1583 2074 1630 2131 ut

227 2183 273 2279 Q.
287 2180 441 2271 Curius,
466 2180 514 2255 de
541 2207 618 2284 quo
643 2180 776 2284 paullo
801 2195 891 2256 ante
919 2179 1144 2268 memoravi,
1172 2181 1329 2254 consilia
1360 2178 1535 2254 Catilinae
1555 2179 1628 2254 sibi

227 2303 414 2408 proderet.
450 2301 510 2380 Ad
539 2301 615 2379 hoc
643 2303 825 2408 collegam
844 2328 958 2378 auum
986 2302 1201 2376 Antonium
1226 2303 1404 2407 pactione
1424 2303 1630 2406 provinciae

228 2428 467 2534 perpulerat,
492 2453 542 2502 ne
564 2443 697 2502 contra
717 2453 798 2502 rem
820 2425 1019 2529 publicam
1039 2425 1214 2517 sentiret,
1237 2405 1384 2501 circum
1398 2453 1436 2502 sc
1453 2426 1629 2532 praesidia

228 2635 257 2685 et
280 2635 424 2702 cantare,
448 2627 580 2708 psallere.
611 2627 708 2688 Guelf.
724 2625 752 2686 3.
778 2625 919 2708 psallere,
939 2625 1049 2688 culture
1065 2635 1199 2688 cantare.
1228 2627 1325 2689 Gueli.
1340 2629 1370 2690 8.
1397 2627 1479 2690 Lcid.
1493 2628 1525 2689 b.
1548 2629 1633 2709 pral-

232 2731 293 2793 lere
313 2739 342 2792 et
358 2741 490 2792 cantare.
510 2733 578 2794 Ecc.
598 2733 732 2792 Senatu.
754 2731 853 2791 Heum.
873 2733 933 2791 inc.
962 2753 988 2792 ι.
1009 2731 1090 2791 Lcid.
1109 2753 1150 2792 m.
1170 2732 1294 2793 ch.3.
1317 2734 1447 2815 psaltere
1455 2745 1484 2800 et
1502 2745 1634 2796 canum.

231 2839 330 2901 Guell.
344 2837 373 2895 6.
392 2836 529 2916 psallere,
548 2837 670 2910 saltare,
692 2835 824 2896 melioret
839 2835 907 2895 libri
924 2835 1030 2895 Curtii.
1048 2837 1131 2896 leid.
1143 2860 1171 2898 a.
1186 2836 1218 2896 h.
1240 2839 1325 2898 Paris.
1346 2839 1424 2897 Edit.
1436 2839 1567 2900 Macrob.
1580 2840 1635 2898 Sa-

232 2955 312 3002 tnm.
324 2941 354 3008 3.
371 2941 416 3012 ι4.
445 2943 570 3022 psallere
588 2952 616 3002 et
635 2942 753 3003 cultore.
774 2941 853 3000 leid.
867 2962 893 3001 c.
906 2940 936 2999 d.
950 2962 975 3000 e.
995 2942 1016 3000 l.
1030 2941 1163 3022 g.i.k.1.
1184 2963 1286 3002 omnes
1298 2943 1360 3002 Bas.
1379 2941 1448 3002 Tur.
1461 2965 1488 3004 ι.
1499 2965 1527 3008 2.
1547 2943 1634 3004 Bem.

237 3071 263 3108 ι.
275 3047 305 3108 3.
327 3048 389 3107 lua.
404 3057 473 3108 eunt
494 3072 504 3106 a
523 3058 591 3108 eunt
614 3051 714 3108 locum
730 3057 822 3107 mutat
835 3047 866 3104 in
883 3045 980 3104 Guell.
1005 3066 1033 3109 2.
1054 3046 1083 3110 6.
1110 3045 1223 3108 Fabric.
1241 3067 1268 3111 2.
1288 3047 1356 3108 Ecc.
1376 3047 1461 3108 iaso.
1482 3067 1547 3128 quae
1572 3049 1634 3108 lux.

235 3156 309 3232 (orn.
319 3152 398 3230 tum)
420 3150 504 3217 Bem.
520 3172 549 3212 2.
570 3155 633 3212 dec.
649 3162 735 3231 atque
741 3150 902 3232 prodfuit..
923 3151 1006 3209 Rem.
1028 3148 1113 3210 Febr.
1135 3148 1220 3210 Parit.
1231 3171 1258 3209 a.
1273 3172 1300 3212 c.
1312 3150 1342 3210 d.
1362 3151 1430 3212 Sco.
1446 3173 1472 3221 ¹.-
1492 3151 1554 3210 Bae.
1569 3173 1595 3216 1.
1607 3173 1635 3211 2.

234 3258 335 3324 Guelf.
354 3278 379 3316 ι.
396 3277 422 3316 2.
434 3257 462 3321 5.
482 3255 551 3338 Tcg.
571 3255 652 3316 Lcid.
665 3277 697 3316 n.
719 3256 772 3334 (tn.
784 3257 843 3336 pr.)
864 3255 933 3315 Tur.
949 3277 974 3320 1.
995 3253 1081 3314 Rern.
1101 3253 1166 3318 ι.3.
1178 3257 1278 3332 ficere.
1307 3254 1498 3314 omnmLeid.
1518 3253 1597 3334 Tun!
1605 3275 1635 3316 2.

232 3365 297 3429 Bae.
310 3363 340 3423 ὅ.
355 3361 385 3434 4.
406 3359 492 3421 Bem.
511 3380 539 3428 2.
560 3359 658 3420 lubido
670 3359 712 3420 aio
725 3379 858 3421 accensa.
878 3359 975 3421 Guelf.
992 3381 1017 3418 ι.
1034 3360 1062 3419 5.
1082 3359 1149 3418 San.
1162 3379 1188 3418 1.
1208 3359 1293 3424 Fabr.
1310 3379 1336 3418 1.
1356 3359 1424 3422 Tur.
1440 3381 1465 3418 ι.
1489 3359 1635 3441 (m.·pr.)

232 3471 315 3531 Serv.
331 3466 380 3527 ad.
394 3455 465 3530 den.
480 3466 509 3525 6.
528 3465 596 3526 525.
617 3464 804 3525 da'ecerneret.
825 3485 926 3526 ornnes
946 3464 1028 3526 Lcid.
1049 3460 1111 3522 Bar.
1132 3463 1193 3523 Erl.
1211 3462 1282 3544 Τις.
1302 3463 1370 3523 Tur.
1391 3463 1476 3522 ch.
1496 3466 1638 3526 deterre&
1731 3473 1734 3480 '

235 3593 292 3636 ree.
313 3569 431 3633 Cortice
443 3581 472 3631 et
482 3570 559 3630 Edit.
578 3570 664 3630 Paria.
682 3589 763 3650 potae
778 3571 866 3646 v.f..·
883 3587 964 3649 poete
977 3587 1040 3627 non
1056 3575 1143 3627 exstat
1161 3569 1193 3626 in
1205 3568 1273 3633 Sen.
1288 3589 1314 3628 2.
1337 3569 1437 3628 Ηιιιιι.
1458 3572 1558 3630 Ιοοιιιιι
1569 3591 1639 3631 mu·

233 3690 281 3740 tat
294 3679 326 3738 in
341 3675 403 3736 Bae.
412 3677 446 3748 4.
468 3676 544 3756 lepor
562 3674 663 3734 laudat
676 3672 789 3735 Charin.
809 3696 841 3755 p.
858 3675 923 3754 189.
944 3673 998 3738 Ed.
1010 3669 1124 3731 Putach.
1145 3669 1274 3731 inerunt.
1294 3673 1381 3737 Palat.
1400 3695 1429 3756 7.
1444 3695 1474 3756 9.
1496 3673 1596 3738 Vinar.
1609 3694 1637 3736 2.

234 3789 298 3850 inc.
311 3803 338 3848 2.
359 3781 441 3843 Lcid.
452 3803 479 3843 o.
491 3801 520 3863 g.
540 3779 609 3860 Τις.
630 3777 700 3839 Τιιι.
719 3799 745 3839 ι.
757 3778 881 3855 facetiae
895 3782 965 3837 sales
982 3798 1022 3836 m.
1037 3777 1058 3837 l.
1078 3777 1147 3858 Τις.
1167 3774 1237 3835 Tur.
1254 3798 1279 3836 ι.

303 3909 377 3993 Cap.
388 3909 436 3970 26.
456 3911 517 3969 des.
531 3908 642 3968 consul.
661 3905 721 3967 Erl.
741 3906 821 3966 Lcid.
837 3906 867 3964 d.
879 3903 910 3964 h.
931 3904 1033 3964 Baad.
1046 3903 1077 3976 4.
1095 3904 1209 3970 laide.
1223 3905 1254 3965 d.
1275 3905 1360 3966 Bern.
1372 3907 1401 3967 3.
1423 3909 1494 3986 ds.
1507 3929 1534 3970 c.
1555 3910 1637 3972 Lcid.

234 4044 269 4104 g.
286 4039 317 4078 n.
338 4017 424 4076 Bam.
437 4035 465 4076 2.
484 4013 697 4090 Fmsccerut.
717 4011 813 4075 Guelf.
828 4011 855 4070 5.
876 4008 1111 4072 commemorari.
1124 4009 1193 4094 Τις.
1208 4009 1275 4070 vin.
1294 4031 1321 4070 2.
1333 4011 1432 4078 Πιιιιι.
1452 4014 1639 4076 sanntaid.

237 4125 321 4200 d.1l.
340 4121 410 4186 Tur.
430 4141 454 4186 1.
475 4120 559 4183 Bern.
580 4140 605 4177 ι.
618 4117 647 4177 3.
665 4117 840 4196 perpulerat.
869 4115 1051 4176 vetustissimi
1071 4114 1169 4175 Godd.
1193 4117 1352 4195 pepulerat.
1373 4117 1471 4184 Guell'.
1488 4139 1514 4180 ι.
1534 4118 1597 4185 Bae.
1611 4119 1640 4184 3.

232 4227 448 4312 perpepzderat.
472 4223 584 4283 Fabric.
608 4243 635 4286 2.
656 4223 722 4288 Fac.
744 4243 784 4280 m.
798 4243 853 4282 aec.
871 4221 1046 4300 protulerat.
1067 4219 1164 4285 Guelf.
1180 4222 1209 4291 4.
1230 4223 1419 4300 compulerat.
1433 4223 1484 4288 Ac.
1501 4223 1642 4305 propule-

235 4342 300 4398 rat.
320 4335 379 4394 inc.
401 4329 527 4390 Reme.
557 4327 654 4394 Guels.
672 4347 699 4392 2.
713 4327 740 4394 3.
753 4327 783 4387 6.
797 4349 826 4408 9.
847 4347 892 4386 ιι.
910 4346 955 4384 ιι.
984 4323 1045 4386 Bes.
1059 4346 1087 4385 2.
1107 4325 1203 4388 strar.
1224 4325 1282 4386 vin
1312 4332 1404 4408 uterq.
1426 4326 1487 4386 Bm.
1504 4330 1532 4398 4.
1553 4327 1640 4388 Beru-
