4050 5009
441 372 515 463 264

415 550 515 627 nsed
537 550 634 642 iam,
659 578 737 655 quo
762 552 896 626 melius
916 549 1142 655 faciliusque
1158 551 1384 642 constituas,
1404 551 1554 655 paucis,
1575 576 1662 654 quse
1679 578 1741 626 me
1761 554 1838 629 ani·

441 700 526 751 mus
556 691 702 763 monet,
727 674 865 777 accipe.
921 674 1069 749 Bellum
1091 674 1161 749 tibi
1194 675 1293 766 fuit,
1330 675 1558 780 imperator,
1579 701 1668 767 curn
1688 673 1840 753 bomine

441 800 564 887 claro,
591 797 737 902 magnis
765 797 918 901 opibus,
946 796 1057 875 arido
1084 799 1283 903 potentioe,
1305 801 1449 875 maiore
1469 798 1623 873 fortuna
1645 826 1767 901 quam
1791 828 1840 876 sa-

440 922 611 1030 pientia:
636 948 752 1026 quem
772 921 891 997 secuti
909 938 1002 997 sunt
1022 924 1155 1027 pauci,
1180 949 1249 1029 per
1267 948 1376 999 suam
1396 922 1578 999 iniuriam
1597 922 1668 999 tibi
1690 924 1842 1003 inimici:

442 1049 534 1125 item
566 1073 662 1151 quos
688 1046 850 1121 affinitas
883 1061 952 1121 out
985 1046 1062 1121 olio
1096 1041 1330 1125 necessitudo
1356 1047 1479 1125 traxit
1529 1048 1626 1123 Nam
1655 1050 1843 1155 particeps

441 1172 714 1251 dominationis
725 1196 852 1275 neque
875 1167 951 1245 fuir
969 1170 1194 1275 qnisquam
1219 1197 1363 1275 neque,
1376 1171 1407 1249 si
1430 1170 1511 1276 pati
1527 1172 1728 1274 potuisset,
1748 1177 1844 1255 orbis

441 1314 633 1377 terrorum
658 1295 760 1373 bello
794 1319 996 1372 concussus
1038 1295 1144 1372 foret
1196 1299 1327 1373 Cetera
1363 1295 1573 1371 multitudo
1600 1296 1721 1401 volgi,
1746 1328 1845 1377 more

440 1422 558 1529 magis
584 1449 702 1527 quam
731 1418 895 1509 iudicio,
921 1436 1007 1523 post
1023 1420 1121 1497 alius
1137 1421 1276 1513 olium,
1297 1422 1405 1525 quassi
1422 1420 1732 1526 prudentiorem,
1745 1450 1846 1503 secu·

441 1549 480 1623 ti.
531 1551 602 1623 Per
627 1546 729 1624 idem
751 1560 900 1649 tempus
921 1542 1132 1621 maledictis
1156 1544 1389 1647 iniquorum·
1403 1544 1635 1651 occupandae
1661 1548 1844 1655 reipubli·
1925 1568 1926 1607 l

354 1720 363 1737 ·
441 1697 494 1747 coe
518 1670 561 1749 in
593 1696 698 1775 spem
720 1668 877 1744 adducti
909 1665 1101 1757 homines,
1126 1668 1266 1773 quibus
1296 1669 1426 1745 omnin
1455 1669 1596 1774 probro
1616 1696 1663 1746 ac
1694 1672 1845 1751 luxuria

440 1796 590 1901 polluta
602 1811 729 1885 erant,
753 1813 980 1871 concurrere
994 1793 1037 1869 in
1056 1808 1177 1867 castra
1194 1809 1260 1869 tua
1282 1825 1290 1867 ε
1316 1810 1354 1869 et
1371 1808 1500 1897 aperte
1514 1793 1653 1897 quietis
1665 1808 1844 1890 mortem,

440 1920 615 2025 rapinas,
638 1935 827 2025 postremo
853 1916 1008 2009 omnia,
1035 1942 1121 2020 quoe
1144 1932 1324 2021 corrupto
1342 1916 1472 1995 animo
1491 1915 1665 2011 lubebat,
1694 1922 1847 2001 minita-

441 2045 483 2120 ri.
535 2046 592 2119 Ex
616 2044 702 2147 quis
725 2068 865 2146 magna
884 2066 993 2147 pars,
1020 2040 1090 2115 ubi
1117 2066 1242 2143 neque
1264 2040 1454 2117 creditum
1470 2042 1708 2137 condonare,
1726 2072 1847 2152 nequo
1926 2088 1927 2093 =

440 2186 477 2245 te
496 2167 658 2257 civibus,
684 2166 798 2241 sicuti
815 2164 1005 2253 hostibus,
1031 2162 1090 2240 uti
1109 2162 1260 2253 vident,
1288 2163 1505 2241 defluxere:
1530 2167 1644 2269 pauci
1659 2172 1838 2270 restitere,
1926 2184 1927 2275 l

440 2293 580 2395 quibus
609 2290 730 2367 maius
757 2290 880 2365 otium
901 2290 944 2363 in
971 2287 1101 2363 castris
1125 2314 1242 2390 quam
1261 2289 1389 2365 Romae
1414 2286 1591 2365 futurum
1608 2310 1693 2369 erat
1701 2322 1712 2386 ;
1743 2312 1842 2371 tanta
1926 2282 1927 2307 i

442 2417 499 2491 vis
525 2414 759 2492 creditorum
773 2412 1034 2517 impendebat
1085 2412 1159 2487 Sed
1182 2413 1232 2487 ob
1256 2411 1405 2487 easdem
1421 2438 1565 2490 causas
1582 2415 1753 2495 immane
1772 2422 1844 2497 dic-

442 2556 486 2615 tu
505 2556 573 2627 est,
599 2537 736 2641 quanti
762 2537 809 2618 et'‚
830 2563 948 2639 quam
970 2535 1084 2611 multi
1104 2536 1280 2611 mortales
1303 2552 1430 2639 postea
1460 2538 1509 2613 ad
1526 2541 1754 2645 Pompeium
1777 2546 1844 2621 dis·
1926 2504 1928 2606 i

453 2662 654 2738 cesserint:
684 2685 805 2763 eoque
824 2687 894 2764 per
913 2685 1026 2734 omne
1047 2664 1194 2762 tempos
1216 2657 1308 2733 belli
1331 2659 1438 2762 quasi
1456 2684 1562 2737 sacro
1587 2680 1706 2767 atque
1725 2670 1845 2773 inspo-

414 2787 540 2861 3liato
561 2785 654 2860 lano
672 2784 858 2859 debitores
879 2782 946 2856 usi.
985 2782 1129 2886 Igitur,
1153 2782 1338 2885 quoniam
1362 2782 1432 2857 tibi
1452 2783 1586 2860 victori
1607 2787 1655 2863 de
1676 2790 1780 2870 bello
1795 2812 1845 2872 et-

443 2935 521 3014 que
541 2934 635 3013 pace
657 2905 880 3012 agitandum
898 2921 974 2979 est:
999 2902 1074 2981 hoc
1098 2904 1156 2981 uti
1178 2905 1339 2985 civiliter
1362 2906 1546 3012 deponas,
1570 2910 1637 2987 illa
1662 2931 1841 3021 utquam

444 3032 645 3110 iustissima
664 3046 703 3106 et
725 3028 911 3106 diuturna
929 3029 998 3103 sit:
1025 3028 1073 3113 de
1093 3030 1231 3134 teipso
1251 3030 1440 3135 primum,
1466 3032 1534 3136 qui
1554 3060 1597 3109 ea
1618 3044 1843 3145 compositu·

444 3182 509 3233 rus
527 3180 583 3246 es,
608 3154 714 3261 quod
735 3171 941 3259 optumum
961 3152 1069 3228 factu
1087 3169 1158 3243 est,
1185 3153 1377 3229 existumo.
1411 3155 1598 3259 Equidem
1621 3186 1689 3265 ego
1710 3184 1841 3242 cuncta

443 3280 605 3389 imperia
635 3276 805 3356 crudelia
832 3278 950 3383 magis
985 3278 1122 3353 acerba
1155 3304 1272 3381 quom
1296 3277 1481 3353 diuturna
1505 3281 1672 3359 arbitror
1679 3319 1692 3379 3
1725 3315 1840 3395 neque

444 3432 679 3513 quemquam
698 3401 829 3477 multis
853 3401 1104 3480 metuendum
1126 3426 1219 3493 esse,
1241 3401 1339 3505 quin
1367 3401 1416 3477 ad
1436 3428 1590 3480 eumer
1616 3410 1750 3489 multis
1772 3415 1841 3491 fcr-

443 3532 548 3621 mido
568 3528 734 3605 recidat:
758 3552 844 3603 eam
867 3526 986 3601 vitam
1007 3525 1155 3615 bellum
1170 3542 1356 3603 aeternum
1376 3542 1414 3601 et
1429 3552 1567 3633 anceps
1578 3556 1734 3635 gerere:
1753 3566 1838 3643 quo·

445 3656 551 3730 niam
566 3678 691 3759 neque
713 3650 912 3739 advorsus,
934 3676 1061 3754 neque
1080 3651 1130 3725 ab
1148 3666 1249 3756 tergo
1262 3664 1330 3727 aut
1341 3650 1522 3728 lateribus
1540 3668 1645 3733 sunu
1663 3659 1730 3751 sis,
1753 3688 1843 3741 sem-¹

444 3806 513 3882 per
531 3778 575 3855 in
600 3773 772 3882 periculo
802 3790 871 3849 aut
898 3789 1005 3849 metu
1028 3774 1151 3878 agites.
1194 3774 1336 3850 Contra
1366 3774 1435 3877 qni
1456 3774 1692 3883 benignitate
1711 3802 1750 3861 et
1770 3787 1836 3865 cle-

444 3996 487 4012 ..
508 3955 582 4039 Cap.
596 3960 625 4020 3.
646 3954 699 4015 illo
719 3954 835 4034 quidem
848 3952 1047 4014 utiuslsisimo
1060 3952 1228 4015 Glareanus.
1249 3952 1303 4014 illa
1321 3974 1410 4034 quom
1430 3956 1532 4029 instro
1552 3957 1637 4023 Faus.
1652 3974 1681 4027 et
1695 3964 1769 4029 llric.
1787 3968 1832 4029 illa

445 4074 479 4126 ul
492 4083 582 4145 quoin
601 4061 666 4127 tau.
685 4061 780 4123 vatic.
800 4058 852 4139 qui
865 4078 901 4119 eo
915 4077 1009 4140 comp.
1030 4078 1065 4118 co
1085 4076 1145 4120 om.
1166 4058 1251 4123 Fabi.
1263 4070 1293 4121 et
1304 4058 1379 4122 Bric-
1399 4082 1571 4143 quemquom
1587 4066 1621 4127 in
1643 4070 1740 4133 multu
1757 4064 1833 4137 Febr,

446 4182 475 4233 et
493 4169 570 4230 bric.
592 4188 680 4247 quom
705 4166 760 4225 olii
783 4165 856 4227 cives
874 4167 972 4226 varic.
990 4176 1020 4227 et
1040 4174 1121 4231 velus
1148 4164 1247 4227 editio.
1268 4165 1352 4227 baud
1368 4166 1427 4229 scio
1448 4168 1561 4247 acqui
1573 4192 1627 4233 me.
1648 4174 1738 4237 Velie.
1757 4176 1831 4237 laud

445 4276 603 4341 seioocteri
620 4256 680 4336 om.
702 4282 812 4332 nowro
836 4270 917 4333 nobo
934 4269 1115 4352 mapa
1130 4290 1183 4333 nos
1202 4266 1289 4333 Eur,
1308 4292 1339 4334 n.
1366 4292 1399 4334 n.
1425 4272 1605 4357 hostibusque
1622 4298 1727 4363 uorqroe
1742 4278 1836 4343 moab·-
