4050 5009
547 296 616 393 196

541 490 636 565 stro,
661 487 933 553 cruentaverat
984 472 1103 572 Quod
1123 472 1194 549 ubi
1209 472 1348 549 militet
1368 498 1565 577 acoepere,
1590 470 1707 574 magis
1735 461 1931 541 atrocitate

473 695 483 707 μ
542 599 598 675 rei
623 624 741 701 quam
762 598 837 674 fide
852 597 989 675 nuncii
1012 614 1230 675 terrenurrt
1252 597 1444 700 simulque
1461 595 1616 672 barbari
1632 594 1779 669 animos
1803 586 1934 663 tollere

541 738 582 801 et
597 723 638 799 in
663 722 852 827 perculsos
868 724 1057 798 Romanos
1078 722 1203 797 acrius
1221 722 1402 799 incedere
1451 725 1608 823 lamque
1619 717 1798 824 paullum
1810 713 1862 787 ab
1879 708 1938 785 iu·

499 833 500 839 ἵ
541 872 588 950 ga
616 846 803 936 aberant,
839 873 962 948 quum
992 844 1117 935 Sulla,
1149 845 1358 950 profligatis
1381 846 1447 933 iis,
1472 870 1566 948 quoa
1594 843 1796 919 advorsum
1822 838 1936 921 ierat,

542 969 690 1075 redieris
714 971 765 1044 ab
791 968 908 1045 latere
929 969 1074 1045 Mauris
1090 969 1262 1047 incurrit.
1313 968 1482 1045 Bocchus
1501 968 1630 1043 statim
1648 965 1847 1042 avortitur.
1890 962 1939 1033 At

541 1091 746 1197 Iugurtha,
769 1092 864 1169 dum
884 1110 1093 1169 sustentare
1107 1120 1194 1169 suos
1215 1108 1254 1168 et
1278 1120 1399 1197 prope
1428 1093 1506 1167 iam
1532 1092 1711 1196 adeptam
1739 1086 1939 1162 victoriam

542 1218 706 1293 retinere
726 1220 849 1321 cupit,
875 1217 1155 1292 circumventus
1174 1218 1223 1292 ab
1242 1217 1453 1318 equi-tibus,
1477 1216 1629 1303 dextra,
1650 1214 1804 1289 sinistra
1818 1208 1940 1285 omni·

542 1340 614 1415 bue
640 1341 784 1431 occisis,
806 1342 908 1415 solus
935 1340 1037 1415 inter
1060 1340 1134 1417 tela
1150 1338 1320 1414 hostium
1338 1340 1571 1417 vitabundus
1588 1339 1765 1441 erumpit
1815 1339 1940 1435 Atque

543 1465 698 1539 interim
712 1464 877 1555 Marius,
902 1463 1039 1569 fugatis
1050 1463 1264 1565 equitibus,
1288 1465 1455 1539 accurrit
1466 1464 1610 1540 auxilio
1628 1464 1722 1552 suis,
1747 1486 1846 1563 quos
1862 1456 1941 1561 pel·

544 1586 572 1660 li
594 1588 670 1661 iam
684 1603 886 1691 acceperat
935 1586 1114 1688 Denique
1146 1583 1268 1661 hostes
1291 1587 1368 1662 iam
1392 1588 1565 1690 undique
1586 1587 1669 1664 fusi.
1719 1589 1822 1660 Tum
1836 1608 1940 1687 spec·

545 1710 717 1785 taculum
743 1709 928 1785 horribile
959 1709 1001 1783 in
1028 1710 1170 1812 campis
1195 1711 1441 1811 patentibus:
1465 1712 1598 1813 sequi,
1621 1711 1772 1816 fugere,
1797 1705 1940 1793 occidi,

544 1833 650 1937 capi,
674 1834 763 1937 equi
782 1850 898 1936 atque
923 1834 994 1907 viri
1019 1832 1164 1907 adflicti
1190 1865 1197 1906 :
1224 1859 1269 1907 ac
1281 1833 1412 1923 multi,
1438 1834 1656 1910 volneribus
1675 1834 1859 1938 acceptis,
1878 1856 1941 1904 ne-

544 1984 620 2060 que
644 1957 772 2062 lugere
785 1982 911 2061 posse,
935 1984 1062 2058 neque
1087 1956 1255 2058 quietem
1270 1958 1367 2059 pati5
1392 1958 1465 2032 niti
1487 1958 1624 2049 modo,
1646 1985 1691 2035 ao
1709 1959 1940 2035 statimcou·

545 2082 689 2159 cidere':
714 2099 903 2185 postremo
929 2081 1075 2169 omnia,
1100 2107 1177 2183 qua
1205 2081 1305 2156 visus
1331 2098 1435 2173 erat,
1457 2098 1646 2159 consueta
1665 2080 1770 2173 telis,
1799 2083 1938 2172 armis,

480 2240 535 2281 102
547 2205 822 2295 cadaveribus3
853 2220 892 2279 et
919 2203 1019 2281 inter
1051 2230 1095 2277 ea
1123 2202 1265 2279 humus
1295 2204 1434 2281 inserta
1462 2207 1655 2311 sanguine
1713 2208 1847 2283 Postea
1868 2206 1938 2282 loci

548 2329 689 2407 Consul
722 2327 829 2403 haud
864 2327 980 2404 dubie
1012 2327 1089 2402 iam
1123 2328 1266 2418 victor,
1289 2329 1462 2431 pervenit
1484 2331 1525 2404 in
1551 2330 1740 2435 oppidum
1772 2331 1938 2419 Cirtam,

546 2480 624 2557 quo
653 2453 764 2528 initio
788 2450 978 2554 profectus
999 2450 1226 2526 intenderat
1275 2454 1331 2526 Eo
1358 2469 1442 2555 post
1466 2453 1568 2529 diem
1592 2456 1798 2557 quintum,
1824 2482 1938 2560 quam

548 2578 687 2651 iterum
709 2574 863 2651 barbari
890 2574 990 2648 male
1013 2591 1294 2677 pugnaverant,
1319 2576 1430 2679 legati
1454 2576 1641 2653 aBoccho
1665 2580 1854 2671 veniunt,
1873 2580 1937 2683 qui

547 2698 641 2803 regis
661 2698 783 2774 verbis
797 2698 846 2772 ab
867 2694 989 2773 Mario
1004 2697 1185 2801 petivere,
1201 2697 1296 2772 duos
1315 2726 1433 2801 quam
1452 2700 1660 2780 fidissumos
1675 2703 1725 2778 ad
1743 2730 1834 2779 eum
1855 2703 1936 2779 mit·

548 2839 643 2898 teret
648 2855 658 2917 3
674 2821 770 2899 velle
779 2821 827 2898 de
843 2846 881 2897 se
896 2836 935 2896 et
953 2820 1000 2895 de
1021 2821 1157 2926 populi
1173 2823 1335 2896 Romani
1351 2824 1551 2901 commodo
1569 2852 1659 2901 cum
1678 2824 1738 2901 his
1754 2828 1933 2904 disserere

547 2968 624 3067 ruia
635 3004 777 3075 lectione,
799 3000 859 3060 duo
877 3000 990 3061 Wauii.
1009 3001 1084 3060 Vm.
1099 3021 1127 3060 a.
1147 3000 1184 3061 ab
1194 3002 1278 3081 fugo
1298 3002 1382 3064 Febr.
1393 3025 1419 3063 r.
1439 3004 1537 3064 Guell'.
1550 3010 1578 3069 3.
1597 3026 1689 3089 praep.
1703 3010 1788 3067 erasit
1809 3008 1877 3069 Nar.
1895 3028 1932 3065 m.

545 3129 601 3169 rec.
622 3108 715 3189 erupit
736 3108 808 3169 Vin.
823 3126 851 3166 a.
877 3106 991 3166 Fabrir.
1003 3126 1033 3165 a.
1060 3105 1143 3188 Berg.
1163 3106 1267 3166 Franc.
1288 3107 1355 3168 Ere.
1385 3108 1482 3169 Guell.
1499 3132 1527 3191 7.
1552 3110 1633 3171 Laid.
1645 3110 1677 3170 h.
1689 3113 1769 3172 lum.
1797 3112 1860 3173 Bau
1874 3111 1932 3181 μέ.

545 3212 717 3276 Bern.1.3.
745 3210 874 3273 occurrit
893 3208 1038 3275 eumeuii
1056 3208 1138 3292 Berg.
1168 3211 1263 3275 Strur.
1290 3212 1357 3273 Ber.
1384 3212 1782 3297 Guetf.t.6.7.20.11.12.
1808 3216 1933 3279 ooeurrit

545 3322 641 3383 reteri.
661 3318 723 3379 iam
736 3318 846 3395 ands.
867 3316 928 3375 iem
944 3336 1004 3374 om.
1019 3312 1115 3378 Guels.
1124 3315 1153 3375 3.
1174 3315 1241 3375 Ere.
1262 3316 1297 3375 in
1310 3316 1430 3397 campa.
1450 3318 1484 3377 in
1503 3340 1564 3384 om.
1585 3319 1667 3380 Febr.
1686 3321 1769 3381 Leid.
1783 3344 1825 3381 m.
1844 3321 1931 3401 aequi,

545 3426 672 3506 effigere
691 3422 789 3494 Baua.
809 3422 880 3504 Τις.
908 3418 992 3498 equi,
1006 3417 1066 3479 viri
1084 3417 1180 3485 Guelf.
1193 3418 1222 3478 6.
1242 3422 1377 3497 eoqfeetu
1390 3423 1537 3502 rongrtine
1554 3424 1624 3507 Τις.
1645 3425 1729 3488 Febr.
1747 3425 1845 3487 Guell.
1857 3450 1880 3487 ι.
1891 3444 1931 3485 ιι.

629 3551 701 3633 Cap.
720 3573 787 3613 roa.
805 3553 857 3613 ‘ad
872 3570 938 3611 etam
953 3547 998 3607 uti
1015 3548 1139 3607 mitteret
1158 3547 1238 3613 Leid.
1250 3571 1279 3631 g.
1304 3550 1344 3609 de
1359 3570 1389 3611 re
1404 3560 1433 3609 et
1447 3553 1485 3611 de
1493 3574 1525 3631 ρ.
1545 3552 1606 3618 Bas.
1619 3574 1644 3612 1.
1674 3554 1796 3616 Parim.
1815 3578 1867 3620 mo
1885 3576 1930 3616 00-

546 3660 610 3721 tui.
629 3667 656 3718 ct
672 3661 709 3719 de
722 3678 774 3717 uto
793 3656 879 3717 Fahr.
899 3656 966 3737 Teg.
988 3672 1054 3713 cum
1070 3652 1116 3711 his
1133 3653 1272 3715 ddserere
1297 3674 1398 3714 omnes
1413 3655 1470 3715 lere
1484 3655 1562 3715 libri.
1588 3659 1694 3719 eumd
1711 3659 1779 3720 Eoo.
1800 3660 1927 3723 (laelii,

546 3765 581 3826 Β·
596 3762 660 3825 Sili·
680 3762 716 3829 L.
731 3782 792 3821 om·
806 3761 874 3843 Teg.
895 3760 956 3819 Bas.
969 3759 997 3830 l.
1018 3756 1084 3820 Tur.
1105 3757 1196 3817 acciti
1207 3758 1358 3819 veniebant
1380 3758 1478 3818 Gueli.
1499 3760 1527 3819 3.
1552 3762 1612 3822 Erl.
1633 3762 1713 3824 verb.
1729 3785 1790 3825 om.
1805 3766 1872 3830 Ero.
1889 3761 1930 3828 uti

546 3872 647 3951 ingen.
665 3873 705 3929 ita
722 3867 836 3927 Gruter.
864 3886 897 3926 ex
915 3864 1026 3944 aliquot
1042 3864 1131 3923 Palat
1152 3872 1180 3920 et
1192 3864 1314 3943 plurimi
1329 3862 1409 3923 Laid.
1429 3862 1491 3923 Bae.
1504 3864 1533 3936 4.
1553 3866 1600 3925 uti
1613 3887 1674 3928 om,
1688 3867 1773 3934 Faba
1793 3872 1854 3937 inc.
1871 3870 1925 3931 33,

549 3997 575 4035 r.
594 3976 689 4038 Struv.
709 3974 778 4035 Vin.
793 3992 820 4031 a.
840 3974 937 4052 plures
951 3970 1035 4027 Palat.
1056 3966 1124 4049 Teg.
1144 3966 1240 4027 Turio.
1260 3967 1346 4028 Bem.
1361 3968 1391 4029 ὅ.
1410 3953 1545 4029 Senatu
1564 3974 1648 4036 Vrat.
1660 3992 1688 4033 a.
1708 3972 1775 4034 Eco-
1795 3975 1889 4042 Gueli.
1901 3994 1923 4033 1·

430 4130 434 4137 .
521 4072 528 4081 '
546 4101 575 4143 ι.
589 4082 618 4153 Δ.
630 4082 659 4141 6.
680 4100 736 4159 quo
753 4079 851 4158 ingen.
871 4076 971 4137 Vinar.
988 4096 1010 4133 r.
1031 4070 1115 4130 Bern.
1131 4091 1156 4131 1.
1177 4071 1282 4133 Franc.
1300 4072 1384 4156 Berg.
1405 4074 1502 4135 Guell.
1515 4080 1543 4138 3.
1563 4076 1646 4137 Leid.
1658 4078 1686 4139 lr.
1706 4080 1759 4158 qui
1770 4079 1833 4160 ing,
1850 4078 1922 4141 hid,

544 4208 586 4247 m.
601 4184 735 4263 utiflert
756 4186 868 4263 aliquot
882 4180 959 4240 Rivii
972 4171 1045 4239 libri.
1066 4178 1132 4237 nob.
1150 4178 1207 4237 lut.
1225 4189 1267 4239 att
1286 4178 1345 4240 hor
1363 4180 1465 4239 ordine
1486 4183 1618 4263 plerique
1636 4181 1717 4244 Cort.
1738 4184 1796 4245 lat.
1812 4186 1920 4247 maest

544 4293 623 4370 quod
643 4290 727 4352 Bern.
741 4290 769 4360 4.
791 4288 848 4347 lut.
862 4284 943 4344 nobie
955 4288 991 4348 et
1016 4280 1079 4341 Bas.
1095 4300 1121 4341 1.
1141 4282 1245 4342 latitia
1260 4293 1311 4346 est.
1332 4294 1445 4345 ertum.
1464 4284 1546 4347 Febr.
1560 4284 1666 4347 1.Tur.
1687 4290 1820 4352 armet
1832 4286 1917 4351 Gutll·
