4050 5009
412 390 463 485 46

410 590 593 651 versatum.
613 582 764 666 Quaeres
776 577 820 639 ad
839 572 1016 657 liquidum
1035 573 1181 659 perduci
1197 574 1255 642 vix
1268 582 1396 662 potest,
1416 597 1495 650 cum
1513 600 1559 647 ne
1575 538 1662 649 sitos
1682 585 1822 668 quidem

410 692 514 771 hujus
530 685 628 751 urbis
646 685 729 750 eatis
751 687 862 749 certus
878 679 933 747 sit.
953 678 1120 765 Quamvis
1137 679 1232 747 enim
1255 682 1372 748 multae
1392 684 1495 751 urbes
1514 687 1583 754 hoc
1603 689 1747 791 nomine
1761 710 1823 778 ap-

411 798 548 884 pellatae
562 790 711 874 fuerint,
730 798 844 853 tamen
865 804 978 869 neque
997 785 1038 849 in
1057 786 1291 872 Cappadocia,
1310 807 1423 871 neque
1444 790 1483 855 in
1499 793 1628 881 Ponto,
1648 818 1765 883 nequo
1784 799 1821 864 in

411 900 574 969 Armenia
593 900 661 963 hoc
684 894 780 961 urhis
803 913 933 958 nomen
955 893 1048 978 apud
1069 895 1283 980 geographos
1307 906 1536 963 memoratum
1554 901 1685 969 inveni.
1719 906 1823 973 cete-
1919 888 1922 895 ’

412 1029 491 1073 rum
516 1008 560 1071 de
580 1001 762 1091 finesbelli
781 999 1027 1084 Mithridatici,
1058 998 1185 1083 quiin
1210 1012 1410 1084 sequentem
1431 1023 1562 1071 annum
1583 1008 1732 1095 incidit,
1761 1011 1823 1077 cfr.
1849 1049 1854 1068 ι

413 1115 486 1178 Liv.
502 1111 588 1197 Epit
607 1111 677 1177 cn.
697 1110 928 1190 «Pharnaces,
949 1105 1045 1171 filius
1064 1106 1278 1172 Mithridatis
1296 1110 1389 1195 patri
1407 1108 1542 1179 Bellum
1559 1114 1691 1181 intulit.
1710 1116 1764 1180 Ah
1781 1136 1823 1183 eo

412 1219 630 1285 Mithridates
652 1218 808 1283 obsessus
825 1216 865 1281 in
883 1214 999 1301 regia,
1020 1232 1129 1294 quum
1145 1231 1187 1277 cx
1198 1232 1333 1279 veneno
1351 1226 1489 1304 sumpto
1511 1237 1636 1305 parum
1656 1220 1825 1307 profecis-

414 1335 479 1411 set,
500 1329 544 1390 ad
564 1332 729 1400 mortem,
756 1344 777 1385 a
796 1321 909 1385 milite
927 1318 1031 1382 Gallo
1052 1316 1196 1382 nomine
1213 1318 1366 1396 Bitoeto,
1392 1340 1415 1383 a
1434 1342 1505 1401 quo
1526 1334 1566 1386 ut
1586 1325 1765 1400 adiuvaret
1789 1347 1825 1394 se

411 1432 572 1519 petierat,
600 1430 801 1497 interiectus
825 1435 885 1493 est.
919 1425 979 1492 Cn.
1008 1423 1193 1512 Pompeius
1216 1425 1353 1491 tudeos
1375 1425 1527 1511 subegit,
1554 1426 1676 1491 tanum
1702 1449 1826 1497 eorum

415 1539 455 1603 in
465 1533 519 1623 (?)
526 1537 772 1625 Hierosolyma
784 1530 991 1599 inviolatum
1005 1534 1051 1596 ad
1067 1534 1107 1598 id
1124 1540 1280 1616 tempus,
1302 1530 1425 1617 cepit.t
1443 1531 1549 1598 Dion.
1558 1536 1649 1599 Casa.
1659 1536 1826 1603 xxxvn.

415 1661 546 1710 11-20.
567 1647 657 1714 Plut.
678 1648 798 1729 Pomp.
816 1648 949 1725 39-42.
969 1637 1116 1727 Appian-
1135 1636 1329 1702 Mithridat.
1348 1659 1375 1705 o.
1402 1641 1576 1704 106-115.
1596 1641 1694 1706 Oros.
1718 1642 1777 1708 VI.
1796 1657 1827 1719 4.

417 1754 446 1812 5.
466 1754 495 1811 o.
515 1748 578 1829 qui
596 1769 687 1815 unus
705 1751 908 1833 Pompejum
928 1744 1104 1812 Parthiam
1123 1744 1220 1811 hello
1239 1744 1413 1831 petivisse,
1437 1754 1471 1811 et
1484 1747 1529 1811 ad
1541 1747 1752 1812 Ecbatanam
1767 1771 1827 1813 ur·

415 1854 515 1930 bem,
543 1838 648 1937 'caput
675 1855 829 1917 Parthici
849 1852 964 1939 regni,
990 1852 1279 1941 quinquagesimo
1305 1852 1364 1919 die
1385 1852 1521 1919 venisse
1539 1861 1667 1921 narrat.
1686 1856 1764 1940 Qua
1782 1858 1827 1922 de

414 1977 454 2022 re
472 1957 760 2026 oiaFreineheim.
779 1960 954 2045 Supplem.
971 1958 1045 2024 Liv.
1056 1962 1095 2025 L.
1111 1961 1243 2026 LXVII.
1261 1960 1325 2042 qui
1341 1958 1504 2026 orosium
1524 1959 1708 2023 nominum
1727 1960 1829 2025 eimi-

414 2062 567 2130 litudine
596 2065 637 2128 in
669 2082 821 2133 errorem
848 2066 1030 2133 inductum
1059 2073 1094 2132 et
1116 2068 1290 2131 Ecbatam
1314 2066 1456 2151 Syriaca
1482 2064 1672 2151 significari
1688 2066 1828 2129 docuit.
1919 2126 1922 2134 ,

344 2228 357 2249 ,
414 2170 505 2235 Flor.
527 2173 587 2235 111.
612 2174 642 2237 5.
664 2176 714 2237 25.
742 2174 919 2259 ,Exceptis
940 2174 1071 2260 quippe
1091 2173 1247 2255 Parthia,
1267 2173 1331 2252 qui
1347 2171 1459 2237 fedus
1475 2174 1693 2255 maluerunt,
1713 2179 1749 2237 et
1766 2173 1829 2237 In·

412 2275 482 2358 dis,
511 2275 574 2359 qui
600 2278 715 2342 adhuc
745 2298 808 2345 nos
831 2299 905 2346 non
926 2285 1114 2362 noverant,
1135 2276 1249 2344 omnia
1270 2277 1352 2343 Asia
1380 2278 1473 2345 inter
1498 2280 1644 2343 rubrum
1670 2298 1766 2345 mare
1793 2286 1829 2345 et

412 2382 573 2468 Caspium
591 2393 625 2449 et
644 2388 820 2452 Oceanum
837 2387 1055 2466 Pompejania
1076 2382 1209 2443 domita
1225 2381 1282 2444 vel
1298 2400 1461 2463 oppressa
1486 2384 1595 2467 siguis
1613 2385 1828 2472 tenebatpn'

412 2488 553 2573 Eutrop.
574 2490 703 2552 Hister.
723 2489 780 2552 VI.
802 2502 850 2559 14.
869 2490 1010 2549 Zonarae
1036 2482 1160 2546 Annal.
1179 2484 1219 2547 Τ.
1237 2484 1281 2547 Π.
1302 2505 1338 2567 p.
1360 2502 1428 2549 ιιι.
1444 2500 1520 2567 sqq.
