4050 5009
1581 344 1631 441 45

219 552 314 659 regis
336 549 443 656 jussu
463 548 620 627 lieentia
642 544 759 623 Codd.
783 539 1031 619 examinandi
1050 538 1120 617 tibi
1142 564 1314 617 concessa
1332 552 1404 631 est,
1428 538 1472 613 in
1493 535 1631 615 volun-

221 688 298 747 tate
322 665 704 745 bibliothecariorum
735 659 978 737 concilianda
1004 684 1160 763 operam
1181 674 1219 732 et
1251 656 1378 731 oleum
1409 653 1629 758 perdideris.

219 786 292 862 Sed
316 785 424 861 victis
444 783 622 858 omnibus
643 776 947 866 difficultatibus,
972 802 1064 851 cum
1087 774 1243 849 tandem
1269 771 1478 875 aliquando
1504 770 1632 847 aditus

219 901 271 977 ad
287 897 562 976 bibliothecam
585 894 682 971 mihi
703 892 914 997 patefactus
932 908 1044 982 esset,
1069 890 1198 965 inveni
1234 889 1350 965 libros
1385 888 1562 964 omnibus
1578 886 1632 963 se-

220 1044 280 1107 re,
303 1042 400 1119 quos
422 1014 550 1092 adhuc
571 1035 830 1098 excusseram,
855 1007 1060 1084 inferiores.
1097 1010 1155 1083 Ex
1182 1006 1303 1081 tribus
1334 1004 1633 1083 Membranaceis

107 1132 111 1137 ’
219 1158 361 1237 paucas
389 1130 527 1235 probas
557 1128 737 1203 lectiones
765 1125 952 1228 excerpsi3
984 1125 1098 1199 ceteri
1127 1125 1232 1199 enim
1255 1122 1410 1199 leviores
1434 1148 1510 1199 esse
1532 1121 1634 1197 vide-

222 1248 380 1323 bantur.
420 1248 553 1347 Neque
576 1240 790 1318 accuratius
816 1266 877 1316 eos
907 1241 1025 1315 libros
1051 1240 1261 1315 describere
1285 1240 1440 1329 attinet,
1466 1264 1638 1341 quorum

220 1362 427 1439 auctoritas
447 1362 489 1435 in
512 1359 675 1436 Salustio
703 1356 944 1433 emendando
975 1356 1085 1431 nulla
1107 1373 1176 1431 aut
1195 1356 1380 1433 letissima
1400 1371 1463 1431 est.
1503 1354 1634 1429 Plures

220 1478 393 1555 Venetiis
417 1472 509 1553 emti
540 1502 615 1552 esse
647 1474 845 1564 videntur,
869 1500 893 1547 a
915 1472 1081 1548 librariis
1109 1472 1242 1562 credo,
1268 1472 1449 1575 quicum
1480 1467 1634 1545 Salustii

220 1594 399 1672 historias
416 1595 515 1697 typis
535 1590 799 1698 exprimendas
818 1604 1033 1681 curassent,
1058 1587 1261 1693 pessimum
1279 1613 1471 1692 quemque
1488 1584 1634 1661 librum

221 1711 489 1788 vendiderunt.
513 1710 554 1809 ’'ss)

222 1945 258 2028 ⁴¹)
278 1948 414 2009 Preterea
435 1948 495 2008 vidi
508 1948 643 2010 codicem
666 1947 863 2009 Chartaceum
881 1946 1000 2007 Salustii
1018 1944 1154 2009 Cortona
1160 1988 1171 2025 ,
1191 1944 1246 2007 nbi
1264 1966 1325 2009 non
1344 1948 1440 2007 solum
1455 1948 1550 2005 multa
1564 1945 1634 2005 artis

304 2056 514 2119 monumenta,
535 2066 601 2126 qua
624 2044 663 2105 sd
683 2066 728 2107 res
748 2046 882 2107 Etruscas
903 2047 1071 2124 pertinent,
1098 2046 1147 2105 sed
1171 2046 1259 2107 etiam
1290 2044 1385 2104 Codd.
1402 2045 1518 2123 aliquot
1540 2059 1635 2101 asser-

303 2152 418 2201 vantur.
445 2142 502 2201 Sed
524 2143 635 2202 librum
650 2143 850 2201 Salustianum
865 2163 934 2201 cum
956 2143 1081 2223 legendo
1100 2164 1318 2224 percurrerem,
1338 2162 1405 2200 cum
1422 2160 1456 2199 ex
1469 2136 1634 2199 innumeris

304 2239 366 2297 illis
385 2236 563 2318 scriptorum
583 2242 774 2319 antiquorum
799 2240 939 2318 exemplis
970 2260 1030 2298 esse
1055 2241 1202 2321 cognovi,
1235 2260 1360 2320 quorum
1388 2238 1419 2295 in
1444 2236 1527 2297 ltalia
1550 2254 1635 2315 mog-

304 2354 375 2393 nam
397 2336 515 2415 copiam
541 2335 678 2396 homines
706 2335 840 2395 mercede
865 2336 1005 2395 conducti
1028 2336 1127 2395 medio
1146 2358 1205 2397 sero
1221 2336 1408 2415 scripserunt.
1444 2332 1530 2391 Multi
1553 2333 1633 2389 enim

305 2432 441 2505 suerunt,
462 2433 513 2512 qui
534 2433 677 2493 librorum
697 2433 765 2491 Mss.
779 2444 940 2492 mercatum
959 2435 1157 2493 instituerent.
1188 2432 1262 2491 Inde
1285 2435 1393 2492 lactum
1415 2441 1472 2503 est,
1494 2438 1527 2487 ut
1544 2424 1635 2486 libra-⁴

305 2528 357 2599 rii,
386 2530 478 2609 magis
503 2530 578 2588 lucri
603 2550 693 2609 quam
718 2530 870 2587 literarum
892 2528 1033 2601 studiosi,
1054 2531 1156 2609 saepius
1182 2548 1289 2609 magna
1313 2528 1426 2587 incuria
1449 2524 1545 2585 Codd.
1567 2525 1635 2595 Mas,

305 2624 540 2685 trmscriberent.
573 2627 681 2687 Merito
702 2626 795 2707 igitur
814 2629 854 2685 V.
880 2624 926 2689 Cl.
948 2623 1082 2684 Niebuhr
1101 2626 1243 2703 judicasse
1261 2625 1392 2699 vidntur,
1413 2627 1521 2683 multos
1544 2620 1635 2682 libros

303 2719 372 2780 Mss-
392 2721 424 2780 in
443 2722 602 2781 Germania
624 2731 752 2781 excretos
770 2725 838 2801 plus
854 2724 1035 2781 auctoritatis
1049 2720 1155 2781 babere
1178 2744 1266 2803 quam
1285 2722 1464 2783 Italicos.-
1485 2719 1591 2779 Patavii
1602 2718 1635 2777 in

305 2814 484 2879 bibliotheca
497 2822 540 2879 St.
557 2818 680 2879 Antonii
700 2818 774 2878 duos
793 2820 888 2879 Codd.
908 2822 1030 2879 Salustii
1053 2819 1154 2880 haberi
1175 2821 1264 2879 serius
1286 2820 1428 2900 comperi.
1458 2817 1536 2877 Cum
1552 2820 1633 2877 enim

305 2912 360 2972 sub
381 2919 642 2999 Francogallornm
662 2916 788 2995 imperio
813 2914 875 2976 haee
890 2915 1070 2977 bibliotheca
1096 2918 1252 2975 maximam
1275 2926 1388 2997 partem
1408 2914 1530 2993 disleets
1546 2926 1634 2995 atque

304 3007 433 3089 disperso
445 3012 563 3085 luisset,
583 3030 704 3084 omnes,
724 3032 798 3090 qnos
817 3014 1083 3094 interrogaveram,
1105 3012 1201 3073 Codd.
1218 3014 1284 3072 lllss.
1307 3014 1339 3071 in
1355 3034 1388 3073 ea
1409 3014 1529 3091 reperiri
1551 3032 1634 3091 posse

305 3119 466 3187 negarunt3
490 3107 597 3187 quibus
618 3106 708 3166 iidem
729 3105 842 3179 habui,
862 3109 944 3188 quod
962 3110 1112 3189 integrum
1136 3109 1215 3167 diem
1240 3110 1271 3167 in
1298 3108 1482 3167 bibliothecis
1499 3128 1634 3188 perseru-

313 3201 409 3259 tandis
422 3203 617 3282 perdideram.
637 3203 694 3261 Sed
709 3204 810 3282 paucis
825 3205 928 3263 diebus
944 3217 1026 3285 post,
1047 3205 1082 3265 V.
1099 3206 1136 3265 Ι).
1155 3202 1287 3279 llrehnle,
1308 3208 1379 3283 juris
1396 3206 1547 3283 utriusque
1561 3202 1633 3262 doc-

302 3306 369 3371 tor,
390 3295 475 3377 (qui,
493 3311 527 3357 ut
550 3302 624 3377 juris
638 3298 887 3377 ilntejustinianei
903 3302 1133 3362 emendatiorem
1151 3314 1234 3382 paret
1250 3304 1431 3375 editionem,
1454 3311 1547 3359 totam
1561 3298 1633 3357 Gal-

305 3394 393 3467 liam,
413 3395 587 3474 Hispaniam
605 3406 694 3474 atque
712 3397 826 3455 ltaliam
847 3398 1008 3475 percurrit)
1027 3400 1058 3457 in
1074 3398 1273 3472 bibliotheca,
1299 3400 1335 3459 de
1354 3420 1412 3479 qua
1434 3407 1631 3457 memoratum

307 3500 367 3564 est,
389 3490 463 3549 duos
476 3490 571 3549 libros
579 3491 760 3549 salustianos
780 3493 911 3563 invenit,
931 3514 1005 3574 quos
1027 3496 1095 3555 Sec.
1115 3516 1153 3556 xr.
1176 3508 1205 3555 et
1230 3516 1278 3555 rur.
1294 3498 1417 3575 scriptos
1434 3514 1490 3554 esse
1509 3494 1633 3573 judicat·

307 3589 443 3645 Praeterea
463 3588 556 3645 alium
571 3587 712 3647 Codicem
730 3588 835 3647 Sal.ab
848 3587 970 3650 homine
985 3594 1112 3665 literato,
1134 3593 1317 3671 (antiquariis
1327 3594 1360 3651 iis
1372 3614 1482 3651 nomen
1492 3587 1550 3671 est)
1560 3592 1634 3652 emit

307 3692 337 3741 et
345 3682 474 3762 Lipsiam
489 3684 576 3742 misit.
597 3683 653 3743 Sed
663 3685 694 3742 in
707 3696 752 3742 tot
768 3689 950 3745 monasteriis
970 3692 1157 3769 palatiisque,
1179 3690 1309 3771 quaeodii
1329 3686 1634 3769 quorumquebiblio-

308 3775 405 3839 thecas
424 3782 631 3859 pervestigari,
651 3802 689 3839 ne
707 3782 822 3840 literam
838 3784 960 3863 quidem
975 3786 1185 3861 Salustianam,
1211 3789 1321 3847 nedum
1340 3787 1528 3847 historiarum
1556 3786 1634 3869 frag-

308 3886 429 3947 menta,
459 3896 522 3955 quae
548 3875 660 3935 alicubi
678 3877 830 3937 recondita
861 3901 919 3941 esse
939 3903 1139 3961 speraveram,
1166 3886 1276 3945 inveni.
1315 3892 1414 3964 lpsum
1436 3886 1632 3961 fragmentum

308 3967 379 4030 belli
399 3971 574 4043 Sertoriani,
595 3972 676 4051 qnod
699 3978 869 4052 nuperrime
889 3980 922 4038 in
939 3979 1012 4038 bibl.
1037 3980 1177 4039 Vaticana
1198 3983 1350 4041 inventum
1380 3994 1440 4057 est,
1470 3984 1545 4042 Livii
1568 4002 1631 4043 nors

308 4064 424 4125 Salustii
443 4088 502 4127 esse
517 4079 596 4127 recte
611 4069 726 4147 judicat
745 4074 783 4130 V.
800 4070 848 4133 Cl.
867 4072 975 4135 rimati.
1024 4076 1125 4156 Neque
1148 4076 1287 4139 Monachi
1313 4080 1425 4149 italici,
1454 4079 1534 4159 (quse
1557 4080 1630 4138 olim

311 4159 526 4223 Germanorum
552 4176 642 4244 atque
663 4166 862 4228 Helvetiorum
877 4172 934 4231 luit
947 4172 1050 4253 ratio)
1071 4174 1185 4245 libros,
1209 4194 1282 4253 quos
1296 4172 1408 4234 habent
1421 4178 1557 4249 rariores,
1578 4198 1634 4237 oc-

310 4261 439 4336 fflllffllr
459 4260 510 4321 “d
527 4261 626 4341 1²05OE
646 4263 685 4323 iit
696 4272 738 4323 δί
760 4269 919 4351 voluptati,
938 4271 963 4329 si
981 4268 1111 4349 habent,
1138 4270 1245 4353 quihus
1265 4273 1518 4356 peregrinantium
1544 4292 1633 4339 eom-
