4050 5009
334 377 404 451 138

204 567 207 570 ,
328 573 354 641 i·
376 592 407 635 e·
429 564 587 647 «solum,
612 562 656 625 ,h
679 557 824 641 ,nequo
845 558 928 635 tuo,
955 557 1050 621 unde
1071 553 1206 621 enuere
1229 556 1322 640 apua
1337 556 1378 623 ι.
1395 557 1552 625 ceruum
1574 564 1650 631 xn.
1670 526 1698 632 c.
1720 592 1747 632 ι.

329 686 365 746 et
383 676 501 741 eluere
524 692 578 753 ap.
606 666 676 731 (tic.
706 664 787 729 Lael.
814 684 844 727 c.
867 671 917 727 aa.
937 685 1002 750 pro
1025 662 1222 731 dissolvere.
1245 654 1355 730 Varro
1378 665 1422 729 de
1440 666 1478 729 L.
1502 669 1540 731 L.
1562 672 1620 738 1v.
1636 673 1752 739 Usita.
1800 688 1804 695 ·

330 786 402 849 tius
421 782 557 843 luxatus
580 793 621 837 ex
640 774 763 861 eodem
787 769 901 855 tonte,
920 791 990 853 quo
1011 768 1104 835 inter
1126 768 1214 833 alios
1234 768 1344 833 utitur
1357 770 1486 836 Seneca
1504 774 1565 860 Ep.
1586 793 1654 855 1⁰4·
1683 781 1750 845 sed

332 886 495 959 similiter
512 888 630 945 noster
650 875 811 961 accitus,
830 873 991 960 claudit,
1023 874 1159 957 aliaque
1183 883 1351 959 usurpat,
1371 885 1405 941 et
1427 880 1516 943 Gell.
1539 903 1587 946 ιι.
1610 907 1636 966 7.
1658 886 1749 950 anti-

335 1014 444 1081 quum
467 996 633 1055 eructum
656 1004 720 1070 pro
740 989 962 1049 eructatum.»
989 970 1080 1044 Cort.
1100 982 1205 1045 Debr.
1220 982 1346 1045 vulnus
1365 980 1533 1072 inteiligit
1553 988 1751 1055 Mithridati

334 1104 380 1167 ab
401 1097 517 1165 exsule
538 1097 697 1157 Romano
717 1090 756 1153 in
776 1088 902 1175 proelio
924 1096 1045 1152 contra
1065 1086 1209 1150 Fabium
1227 1086 1374 1185 illatum.
1396 1088 1456 1153 cir.
1478 1112 1581 1176 supra
1600 1113 1679 1181 pag.
1697 1101 1748 1179 37.

336 1208 428 1272 Plut.
448 1207 530 1272 Luc.
557 1201 610 1263 35.
634 1192 781 1282 Αρρὶιιι.
807 1196 903 1259 deb.
924 1194 1044 1257 Mitbr.
1066 1213 1116 1273 90·
1151 1191 1255 1258 Dion.
1276 1194 1365 1257 Cass.
1394 1196 1445 1259 35.
1474 1198 1585 1263 8-10.
1620 1201 1749 1277 -164.·

337 1304 542 1389 Maurique
557 1324 687 1369 vanum
709 1322 825 1391 genus
850 1309 914 1365 etc.
932 1301 1005 1364 baec
1022 1298 1060 1362 iu
1080 1298 1195 1384 primo
1216 1298 1308 1363 libro
1328 1308 1463 1363 narrata
1482 1302 1661 1390 existimo,
1683 1306 1745 1373 ubi

339 1421 383 1483 de
405 1410 551 1480 Sertorii
574 1408 794 1494 expeditione
822 1406 862 1472 iu
891 1403 1043 1471 Africam
1071 1406 1151 1491 egit.
1187 1404 1342 1491 Mythice
1367 1406 1459 1471 enim
1486 1409 1543 1473 vel
1568 1429 1610 1473 eo
1630 1412 1709 1476 loco
1730 1432 1751 1475 a

338 1522 487 1589 Salustic
507 1517 613 1585 fuisse
630 1522 783 1597 narrata,
804 1513 988 1598 probabile
1016 1520 1066 1577 est
1091 1520 1232 1598 propter
1257 1512 1368 1577 Antaei
1396 1513 1589 1597 sepulcrum
1623 1535 1645 1578 a
1668 1517 1751 1581 Plu-

207 1658 211 1664 ·
339 1629 460 1694 tarcho
482 1630 721 1688 memoratum.
757 1618 819 1684 cir.
837 1620 907 1689 Vit.
930 1622 1056 1685 Sertor.
1076 1642 1104 1685 c.
1128 1641 1158 1701 9.
1193 1620 1310 1685 -ι65.·
1329 1620 1382 1684 Et
1399 1622 1624 1703 Perpernam
1639 1616 1752 1713 sorte

341 1726 534 1825 cognoscit
553 1723 667 1793 mulio
687 1724 937 1810 redemptoris.
965 1724 1027 1789 cire
1045 1728 1165 1789 Horat.
1186 1726 1270 1807 Epp.
1292 1746 1319 1787 a.
1343 1739 1370 1784 a.
1387 1745 1436 1805 72.
1456 1726 1606 1790 Festinat
1621 1727 1753 1792 calidus

251 1890 254 1895 -
341 1838 446 1906 mulis
460 1834 659 1925 gerulisque
678 1834 876 1916 redemptor
896 1839 931 1894 et
951 1830 1100 1914 interpp.
1116 1830 1209 1895 adh.
1228 1830 1253 1894 l.
1270 1831 1343 1895 baec
1363 1832 1406 1896 de
1423 1833 1596 1917 Perperna
1615 1833 1653 1898 in
1669 1833 1751 1920 luga

342 1948 386 2011 ab
409 1941 574 2029 Hispanis
604 1941 836 2023 deprehenso,
866 1935 1026 2022 intellige
1049 1934 1109 1998 cfr.
1137 1934 1283 2020 Appian.
1306 1938 1350 2001 de
1372 1937 1406 2001 b.
1427 1937 1497 2002 Cir.
1520 1941 1547 2003 Ι.
1572 1939 1750 2003 115.Plut.

341 2054 539 2131 Senon-27.
561 2048 686 2109 -166.-
705 2045 797 2110 Mor
818 2036 957 2125 Trequi
976 2038 1119 2105 initium
1141 2040 1328 2127 fragmenti
1347 2050 1564 2128 corruptum,
1584 2051 1618 2109 et
1635 2062 1752 2109 veram

327 2158 531 2231 ¹lectionem
548 2153 727 2218 restituere
748 2168 789 2213 eo
816 2145 1012 2231 difficilius,
1033 2150 1129 2231 quod
1148 2148 1334 2214 Debrossio
1355 2158 1494 2215 auctore
1513 2149 1552 2213 iu
1568 2168 1609 2216 eo
1626 2148 1754 2215 descri-

343 2266 460 2331 bendo
475 2260 614 2326 librarii
627 2278 731 2342 quam
752 2254 900 2319 maxime
919 2253 1111 2322 variarunt.
1130 2255 1282 2340 primum
1305 2255 1413 2342 igitur
1426 2260 1493 2322 boc
1510 2256 1592 2321 satis
1608 2264 1752 2335 certum,

345 2374 419 2437 haec
437 2372 481 2433 ad
501 2366 641 2447 initium
660 2362 749 2430 belli
770 2360 973 2447 gladiatorii
990 2361 1182 2447 pertinere,
1208 2364 1302 2443 quod
1325 2358 1364 2457 in
1386 2370 1537 2429 aestatem
1567 2362 1653 2427 anni
1684 2362 1753 2425 ὅθι.

347 2476 484 2541 incidit.
502 2477 591 2537 Tum
615 2490 657 2534 ex
684 2476 757 2533 toto
781 2466 824 2528 fr.
843 2464 944 2531 facile
969 2465 1114 2552 colligas
1136 2466 1278 2531 alteram
1298 2466 1433 2534 Variuii
1456 2468 1588 2533 cladem
1609 2468 1666 2533 his
1680 2488 1755 2535 ver·

346 2583 403 2645 bis
422 2576 626 2663 significari,
646 2592 723 2657 quae
748 2582 842 2637 tanta
858 2570 940 2656 fuit,
960 2579 999 2635 ut
1020 2572 1128 2657 ipsius
1144 2591 1251 2654 equus
1273 2591 1293 2635 a
1309 2573 1469 2655 Spartaco
1486 2580 1672 2656 caperetur.
1694 2573 1755 2637 cir.

347 2690 434 2771 App.
454 2686 498 2748 de
522 2684 556 2745 b.
576 2682 648 2745 Gir.
676 2682 744 2744 116.
760 2689 795 2744 et
813 2698 915 2767 supra
936 2698 1012 2767 pag.
1037 2680 1086 2741 26.
1105 2677 1222 2741 Tertio
1245 2677 1381 2740 nullum
1402 2686 1451 2742 est
1471 2676 1634 2756 dubium,
1656 2698 1756 2743 com·

348 2783 1755 2871 miserantinmiceratessemutandum3alitereuimsubjectumnihilhabet,quo

350 2897 527 2965 referatur.
547 2894 617 2960 nisi
630 2894 720 2960 forte
729 2894 869 2978 statuis,
891 2900 941 2957 tot
958 2890 1064 2955 verba
1075 2884 1188 2957 deleta
1199 2912 1286 2979 esse,
1304 2901 1343 2959 ut
1357 2902 1390 2959 et
1404 2892 1641 2980 predicatum,
1662 2896 1757 2973 quod

351 3011 395 3070 ad
417 3001 597 3070 Varinius
612 3002 775 3085 pertinet,
797 3009 831 3064 et
843 2998 1035 3078 subjectum
1057 2999 1232 3081 sequentis
1251 3003 1351 3066 verbi
1367 3001 1533 3065 omissum
1552 2999 1606 3063 sit.
1627 3018 1695 3082 qua
1714 2999 1756 3063 de

351 3132 389 3176 re
415 3108 518 3172 statui
543 3109 600 3172 vix
619 3115 746 3192 potest,
764 3106 835 3173 nisi
865 3086 1016 3191 spatium
1037 3108 1175 3173 lacuna·
1191 3108 1384 3175 accuratius
1411 3104 1623 3190 exploratum
1642 3103 1756 3189 fuerit,

351 3215 455 3279 Debr.
477 3214 565 3279 Hist.
583 3216 626 3279 R.
645 3216 686 3278 R.
708 3219 737 3279 3.
758 3236 793 3299 p.
814 3216 883 3277 160.
907 3211 1125 3276 Th0ranium
1151 3213 1297 3276 Romam
1318 3232 1339 3274 a
1365 3211 1508 3277 Varinio
1530 3211 1673 3275 missum
1693 3218 1757 3276 sta·

352 3321 435 3400 tuit,
456 3322 519 3409 qui
547 3325 591 3387 de
613 3319 839 3405 fugitivorum
859 3318 985 3403 opibus
1005 3336 1153 3404 presens
1172 3324 1366 3401 exponeret.
1388 3317 1553 3380 Ceterum
1573 3318 1641 3379 hoc
1661 3316 1704 3379 ir.
1726 3323 1760 3381 et

355 3432 424 3511 169.
450 3452 518 3512 ¹7¹·
538 3426 695 3509 sequenti
715 3424 901 3509 postponit.

454 3532 710 3619 -1s7.-·1ngre
728 3536 833 3595 tante
850 3537 914 3594 etc.
935 3528 1038 3607 hujus
1054 3545 1192 3609 quoque
1208 3522 1392 3611 fragmenti
1410 3524 1552 3591 initinm
1568 3527 1617 3591 ita
1638 3529 1761 3615 depra-

353 3647 486 3723 vatum,
506 3647 558 3723 ut,
578 3637 649 3704 nisi
662 3637 789 3705 iterum
806 3635 893 3701 folia
912 3632 1069 3717 Mscripti
1083 3616 1272 3695 accuratius
1286 3631 1541 3719 examinentur,
1559 3634 1651 3699 nihil
1673 3633 1760 3699 certi

357 3761 400 3805 ex
413 3744 527 3807 verbis
543 3743 716 3823 conjicias.
736 3744 859 3807 urbem
881 3740 1034 3823 aliquam
1049 3746 1183 3821 captam
1196 3740 1263 3801 hoc
1284 3736 1478 3824 fragmento
1499 3740 1667 3805 illustrari
1687 3756 1761 3801 ma-

356 3845 521 3911 nifestum
537 3856 596 3911 est.
616 3852 706 3911 Num
724 3856 839 3911 autem
860 3848 966 3928 Nola,
986 3866 1031 3909 an
1049 3846 1303 3928 Metapontum,
1322 3862 1367 3907 an
1390 3846 1553 3931 Nuceria,
1574 3866 1619 3909 an
1638 3844 1763 3909 Thurii
1875 3908 1878 3913 .

353 3949 576 4036 intelligendi
592 3952 679 4037 sint,
699 3970 810 4035 neque
828 3972 868 4018 cx
884 3954 952 4015 hoc
970 3952 1060 4033 loeo,
1080 3969 1191 4031 neque
1210 3969 1251 4015 ex
1269 3950 1389 4015 ceteris
1411 3972 1525 4017 rerum
1539 3948 1763 4035 scriptoribus

356 4061 401 4124 ad
425 4055 601 4140 liquidum
625 4058 770 4142 perduci
794 4066 916 4142 potest.
944 4047 1074 4141 q'uippe
1097 4074 1181 4137 quas
1203 4056 1306 4121 urbes
1337 4078 1456 4123 omues
1481 4055 1632 4120 terribili
1653 4066 1764 4141 strage

356 4173 501 4229 vastatas
527 4182 598 4229 esse
622 4163 744 4227 Florus
763 4172 883 4226 auctor
906 4170 965 4227 est.
986 4168 1016 4227 3.
1040 4179 1089 4224 ao.
1111 4165 1227 4244 Neque
1249 4162 1288 4227 in
1306 4161 1420 4228 verbis
1438 4169 1531 4227 certa
1557 4156 1764 4250 significatio

356 4269 462 4356 inest,
486 4270 609 4337 urbem
633 4290 706 4335 non
724 4270 769 4333 ad
795 4267 1068 4335 internecionem
1088 4264 1194 4334 tuisse
1223 4271 1389 4355 deletam,
1416 4288 1493 4351 quae
1513 4267 1693 4349 Debrossii
1714 4273 1764 4333 est
