4050 5009
424 365 471 456 54

422 561 577 650 repente
600 549 723 624 omnis
745 549 896 628 tristitia
917 551 1070 646 invasit;
1101 549 1292 642 festinare,
1329 548 1535 654 trepidare3
1566 570 1690 648 neque
1710 541 1816 630 100⁰,

421 693 492 744 nec
514 668 664 746 bomini
684 674 865 777 cuiquam
887 677 974 750 satis
991 677 1165 771 credere;
1198 673 1322 779 neque
1345 674 1491 748 bellum
1516 696 1661 776 gerere,
1685 691 1815 768 neque

418 817 552 896 pacem
573 794 736 872 habere:
758 825 826 872 suo
848 800 1008 903 quisque
1030 819 1136 876 metu
1159 800 1328 904 pericula
1351 797 1486 872 metiri.
1518 793 1579 868 Ad
1596 792 1672 866 boc
1695 788 1815 863 muli·

418 941 515 1009 eres,
540 920 679 1020 quibus
702 922 922 1026 reipublicae
947 924 1213 1028 magnitudine
1234 923 1328 998 belli
1356 921 1471 996 timor
1494 918 1668 992 insolitus
1694 915 1815 987 inces-

417 1056 532 1131 serat,
558 1043 753 1120 adflictare
767 1071 861 1138 sese,
885 1073 1023 1122 manus
1044 1047 1233 1150 supplices
1256 1045 1306 1120 ad
1326 1045 1463 1118 caelum
1488 1041 1663 1128 tendere,
1700 1037 1814 1110 mise-

347 1237 349 1242 .
417 1159 498 1236 rari
518 1191 653 1268 parvos
676 1166 830 1259 liberos,
854 1171 1039 1276 rogitare,
1072 1171 1201 1244 omnia
1222 1195 1380 1273 pavere3
1411 1165 1586 1269 superbia
1606 1178 1720 1264 atque
1744 1157 1816 1232 de«

416 1284 513 1364 liciis
534 1291 692 1383 omissis,
714 1293 787 1367 sibi
808 1295 1016 1398 patriaeque
1035 1293 1210 1370 diffidere.
1257 1297 1307 1368 At
1335 1291 1509 1367 Catilinae
1535 1285 1699 1362 crudelia
1725 1280 1814 1355 ani·

415 1437 500 1486 mus
521 1414 654 1490 eadem
672 1415 738 1490 illa
763 1417 958 1508 movebat,
982 1433 1108 1494 tamen
1131 1417 1198 1492 etsi
1219 1415 1393 1520 praesidia
1413 1413 1651 1518 parabantur
1671 1405 1812 1508 etipse

362 1569 384 1652 ¹,
415 1530 495 1639 lege
512 1536 660 1614 Plautia
683 1539 933 1646 interrogatus
951 1558 1034 1616 erat
1053 1543 1102 1616 ab
1121 1545 1159 1614 Ι.
1178 1541 1320 1616 Paullo.
1361 1541 1551 1614 Postremo
1568 1529 1812 1607 dissimulan-

415 1657 455 1732 di
484 1665 611 1736 caussa
646 1679 713 1738 aut
735 1662 794 1738 sui
820 1665 1077 1768 expurgandi,
1101 1665 1214 1740 sicuti
1240 1663 1363 1769 iurgio
1403 1661 1591 1736 lacessitus
1620 1655 1736 1740 foret,
1763 1652 1811 1724 in

414 1781 596 1858 Senatum
615 1785 728 1861 venit.
769 1789 868 1860 'lirin
889 1789 939 1862 M.
964 1787 1114 1861 Tullius
1135 1785 1275 1862 Consul
1294 1843 1304 1876 ,
1320 1787 1396 1860 sive
1413 1781 1650 1888 prementium
1664 1777 1742 1852 eius
1760 1774 1811 1846 ti-

412 1929 536 1996 mens,
547 1907 622 1982 sive
635 1907 691 1982 ira
702 1925 911 1985 commotus
924 1911 1134 1986 orationem
1144 1908 1284 1985 babuit
1295 1907 1531 1984 luculentam
1544 1921 1659 2006 atque
1673 1898 1811 1975 utilem

412 2027 653 2133 reipublicae:
673 2039 805 2136 'quam
826 2049 952 2137 postea
973 2036 1154 2138 scriptam
1175 2033 1303 2109 edidit
1342 2031 1432 2121 Sed,
1457 2029 1525 2105 ubi
1556 2028 1621 2101 ille
1640 2021 1808 2108 adsedit,

410 2250 457 2316 ris.
478 2249 531 2311 Bas
543 2273 570 2318 1.
583 2272 610 2312 2.
630 2252 701 2314 Τιιι.
716 2276 741 2315 ι.
763 2255 854 2316 Marl.
868 2271 897 2324 r.
909 2270 944 2322 Λ.
965 2257 1084 2319 Martin.
1103 2259 1189 2319 Bern.
1210 2279 1234 2318 ι.
1249 2279 1277 2318 2.
1290 2257 1319 2320 3.
1341 2276 1429 2336 qoam
1444 2254 1519 2314 dict.
1541 2251 1637 2311 Gueli.
1648 2272 1676 2332 9.
1695 2247 1758 2307 Bos·
1775 2247 1806 2317 l·

411 2373 466 2415 nco
483 2356 608 2417 bomini.
628 2359 695 2419 Scn.
719 2381 745 2420 ι.
765 2359 816 2424 Ac.
830 2363 889 2422 Erl.
907 2384 963 2443 pro
975 2383 1028 2424 suo
1048 2363 1174 2443 quisquc.
1189 2362 1286 2422 Guels.
1300 2385 1328 2442 7.
1349 2359 1510 2442 reipublice
1526 2379 1583 2439 pro
1592 2353 1805 2435 magru'twlitw·

409 2461 470 2522 ino.
493 2482 518 2527 ι.
535 2461 669 2525 AcsEcc'.
690 2464 752 2526 Βιι.
767 2487 794 2526 2.
814 2467 894 2528 Leid.
909 2490 939 2533 n,
970 2469 1039 2548 reip.
1059 2488 1122 2548 proe
1130 2465 1302 2547 arog.Bcrn.
1316 2487 1341 2525 ι.
1358 2466 1521 2525 incesserat.
1528 2463 1643 2522 Cottius
1656 2460 1806 2540 expunxit.

409 2569 509 2627 omisit
526 2579 555 2628 ct
572 2569 640 2634 edit.
660 2569 745 2630 Paris.
776 2572 906 2652 rogitare
917 2576 994 2635 deos.
1015 2574 1099 2638 Rem.
1117 2594 1142 2630 1.
1169 2571 1220 2632 Ac.
1241 2571 1302 2630 Bas.
1315 2570 1343 2631 3.
1355 2570 1384 2642 l.
1404 2570 1463 2628 Erl.
1485 2566 1610 2628 Parisb.
1630 2563 1710 2624 laid.
1724 2587 1751 2628 a.
1771 2565 1803 2622 b.

410 2689 436 2728 e.
451 2663 472 2731 l.
486 2669 517 2731 b.
535 2694 575 2731 m.
591 2694 621 2732 ιι.
640 2673 725 2734 Bern.
743 2697 769 2736 ι.
784 2696 810 2741 2.
823 2681 851 2739 3.
871 2679 931 2743 inc.
961 2678 1059 2736 Guels.
1074 2700 1102 2758 7.
1115 2679 1143 2736 8.
1155 2698 1183 2756 9.
1203 2697 1248 2736 ιο.
1266 2697 1310 2735 ιι.
1328 2696 1373 2740 ι2.
1399 2675 1467 2738 Ecc.
1491 2673 1560 2732 Tur.
1579 2692 1605 2732 2.
1633 2671 1805 2731 recentiores

410 2773 536 2836 Grutcri.
557 2787 656 2837 tomen
668 2779 729 2840 etsi.
750 2780 833 2841 Rem.
849 2803 874 2841 ι.
895 2781 992 2842 Gucls.
1004 2783 1033 2852 4.
1046 2783 1075 2841 6.
1094 2781 1162 2864 Tcg.
1187 2783 1224 2840 ab
1239 2781 1300 2860 lege
1315 2777 1564 2841 Plautiasfiuelr.
1576 2779 1604 2838 5.
1634 2775 1695 2856 lcgu
1707 2775 1803 2835 Plau-

409 2876 478 2945 lico.
498 2880 566 2941 Ecc.
587 2882 685 2943 Guelt.
702 2904 727 2943 1.
739 2905 766 2944 2.
787 2885 807 2946 Ι.
821 2886 972 2946 Plotttitio.
992 2885 1045 2946 Ac.
1065 2887 1127 2947 llas.
1140 2908 1165 2945 1.
1187 2887 1245 2946 inc.
1261 2887 1345 2945 llam.
1361 2907 1387 2946 ι.
1415 2884 1549 2957 Guelll.
1562 2885 1590 2948 8.
1604 2905 1634 2964 9.
1660 2880 1804 2942 Ptaarttia

406 2981 428 3048 l.
450 2983 509 3044 Eri.
533 2985 730 3066 interrogatio
743 2998 816 3050 erat.
845 2988 914 3073 Τις.
934 2991 1010 3051 Edit.
1032 2991 1118 3050 Paris.
1138 2991 1200 3049 Bas.
1223 3011 1248 3049 ι.
1270 3011 1295 3049 2.
1312 2991 1342 3051 3.
1362 2993 1392 3062 4.
1419 2991 1489 3054 Τιιι.
1505 3011 1530 3049 ι.
1546 3009 1572 3049 2.
1603 3008 1706 3047 oannes
1718 2987 1802 3046 leid.

406 3107 467 3148 exc.
487 3087 518 3149 b.
537 3090 622 3151 Bern.
639 3113 667 3152 2.
683 3092 712 3152 3.
733 3092 916 3156 hauddubie
935 3105 962 3155 et
984 3098 1069 3155 multi
1085 3095 1177 3155 Curtii
1192 3095 1268 3155 libri.
1296 3105 1347 3155 out
1365 3095 1411 3156 sui
1427 3116 1491 3176 cap.
1514 3097 1628 3175 aliquot
1641 3092 1756 3152 Gruteri
1773 3103 1805 3150 et

406 3190 510 3260 Wassii
530 3217 595 3256 mss.
614 3198 710 3260 Struv.
729 3199 797 3259 vin.
811 3220 839 3260 2.
859 3201 919 3262 inc.
934 3221 961 3260 2.
980 3201 1065 3260 llam.
1079 3222 1106 3261 2.
1127 3201 1188 3261 Bas.
1206 3222 1231 3261 ι.
1243 3201 1272 3262 3.
1287 3202 1316 3273 l.
1336 3201 1432 3261 Guels.
1445 3225 1473 3283 7.
1489 3202 1518 3262 8.
1536 3219 1582 3259 ιο.
1600 3220 1645 3258 ιι.
1663 3218 1708 3258 ι2.
1729 3216 1802 3256 οιιι-

403 3315 454 3358 nes
468 3299 551 3366 Paris.
571 3302 651 3362 Leid.
665 3325 728 3364 ce.
742 3305 762 3370 f.
777 3325 805 3387 g.
819 3303 849 3364 h.
862 3306 883 3365 i.
897 3327 939 3365 m.
952 3327 983 3364 ιι.
1003 3307 1094 3367 Mark.
1106 3319 1141 3369 Λ.
1163 3306 1247 3366 llern.
1261 3327 1288 3366 2.
1298 3305 1327 3366 3.
1349 3326 1385 3366 oc
1398 3305 1518 3384 suiexp.
1539 3307 1598 3364 inc.
1616 3323 1641 3362 1.
1654 3302 1750 3362 Guell.
1767 3300 1797 3362 3.
1835 3323 1842 3331 ·

404 3405 434 3473 4.
454 3404 535 3465 Laid.
548 3407 577 3466 k.
595 3408 644 3468 vel
657 3407 712 3470 sui.
733 3407 765 3467 B.
778 3408 848 3470 Pub.
869 3410 953 3491 quasi
966 3409 1020 3472 sui.
1041 3411 1139 3470 Pemb.
1152 3411 1263 3472 Arond.
1282 3421 1310 3472 et
1321 3413 1375 3471 sui.
1395 3412 1461 3472 Ecc.
1481 3409 1594 3470 Fabric.
1609 3430 1636 3468 2.
1657 3409 1752 3470 Gucli.
1769 3430 1802 3488 9.

404 3506 484 3570 taid.
497 3532 524 3571 a.
553 3522 580 3570 ct
597 3522 628 3572 ut
640 3513 694 3574 sui.
715 3513 815 3574 Guelf.
832 3537 856 3574 ι.
877 3517 905 3578 5.
925 3516 986 3576 Bas.
1004 3536 1032 3576 2.
1051 3517 1147 3576 Sonat.
1161 3527 1254 3599 uterq.
1274 3517 1373 3576 Viner.
1395 3538 1419 3577 ι.
1439 3517 1538 3582 Tum.
1559 3537 1599 3575 ιιι.
1611 3535 1657 3596 pr.
1676 3511 1754 3572 laid.
1778 3517 1800 3570 l.

405 3614 538 3674 meliores
557 3615 687 3678 Palatini.
708 3627 740 3677 ut
756 3619 817 3680 sine
834 3629 871 3680 et.
892 3621 961 3686 Tur.
975 3641 1001 3688 2.
1024 3631 1056 3683 ut
1073 3623 1159 3682 etiam
1175 3622 1273 3683 Guels.
1287 3642 1315 3682 2.
1335 3623 1358 3681 F
1359 3621 1448 3682 abric.
1469 3642 1494 3681 ι.
1514 3643 1555 3680 ιιι.
1566 3641 1611 3702 pr.
1633 3620 1702 3679 inde
1718 3617 1801 3678 Cort.

403 3735 489 3777 snum
505 3727 591 3798 otqtoe
605 3725 825 3784 consarcinavit.
846 3725 926 3806 quod
946 3725 1005 3787 Erl.
1021 3739 1050 3786 ct
1065 3726 1134 3809 Τις.
1150 3726 1283 3788 exhibere
1299 3728 1443 3788 videntur.
1476 3727 1560 3806 quasi
1573 3726 1669 3806 iugo
1681 3726 1761 3786 laid.
1778 3728 1800 3784 1.

404 3839 454 3882 scu
471 3821 528 3882 ira.
548 3823 615 3884 Scn.
635 3847 659 3892 ι,
680 3827 757 3893 Edit.
770 3827 854 3889 Paiis.
874 3831 916 3890 od
933 3830 1101 3891 simulando
1116 3832 1227 3893 omru'o.
1247 3833 1314 3892 Sco.
1336 3855 1361 3892 1.
1379 3834 1526 3914 postulare
1544 3832 1637 3914 eoepit.
1657 3835 1698 3892 ita
1718 3835 1802 3891 mul-

403 3925 509 3990 tilibri
520 3928 589 3990 Vin.
602 3941 696 4015 uterq.
716 3932 803 3993 Heus.
823 3933 918 4002 Struv.
938 3935 997 4001 Erl.
1014 3945 1080 4016 post
1099 3957 1170 4018 coep.
1187 3945 1296 4017 pot-rea.
1318 3937 1384 3998 Ecc.
1402 3939 1548 4017 postulare
1554 3936 1685 4019 potralata
1698 3937 1754 4015 (cel
1764 3948 1801 3996 at-

402 4041 510 4114 pctrcs.
525 4055 564 4100 ιιι.
581 4037 639 4117 pr.)
666 4057 736 4119 coep.
757 4037 826 4098 Tur.
841 4059 867 4104 ι.
885 4048 1068 4120 postpauca
1087 4041 1180 4122 coepit.
1200 4039 1281 4100 laid.
1298 4043 1318 4101 l.
1340 4042 1427 4102 Palat.
1443 4063 1471 4102 2.
1496 4051 1571 4122 post.
1582 4062 1652 4123 coep.
1668 4061 1705 4102 nc
1716 4041 1799 4120 φιίά.

404 4136 466 4202 Bas.
478 4137 507 4199 3.
533 4151 608 4220 post.
623 4151 701 4221 potr.
724 4141 807 4224 caepit
825 4164 871 4204 nc.
902 4145 970 4207 Vin.
987 4167 1013 4205 ι.
1033 4145 1101 4228 Tcg.
1124 4154 1191 4226 post
1203 4167 1223 4205 a
1234 4145 1342 4226 parnt.
1357 4146 1536 4227 conscriptis.
1557 4147 1636 4206 laid.
1652 4170 1679 4208 c.
1693 4169 1718 4209 e.
1733 4169 1760 4230 g.
1777 4150 1799 4207 i.

405 4241 535 4338 Comus:
542 4255 617 4328 post.
630 4247 763 4328 patribus
777 4257 909 4310 αηιιυιι.
927 4249 1026 4313 Guclf.
1043 4271 1070 4317 1.
1086 4259 1162 4334 post.
1177 4251 1309 4332 patribus
1324 4247 1359 4310 C.
1378 4251 1447 4311 Naa.
1471 4255 1621 4334 postulare
1641 4275 1661 4315 a
1676 4264 1755 4337 potr.
1770 4277 1799 4318 c.
