<?xml version="1.0" encoding="UTF-8"?>
<!DOCTYPE html PUBLIC "-//W3C//DTD XHTML 1.0 Transitional//EN"
    "http://www.w3.org/TR/xhtml1/DTD/xhtml1-transitional.dtd">
<html xmlns="http://www.w3.org/1999/xhtml" xml:lang="en" lang="en">
 <head>
  <title>
</title>
<meta http-equiv="Content-Type" content="text/html;charset=utf-8" />
  <meta name='ocr-system' content='tesseract 3.04.00' />
  <meta name='ocr-capabilities' content='ocr_page ocr_carea ocr_par ocr_line ocrx_word'/>
</head>
<body>
  <div class='ocr_page' id='page_1' title='image "./salustiiquaeexs00sallgoog_0754.png"; bbox 0 0 4050 5009; ppageno 0'>
   <div class='ocr_carea' id='block_1_1' title="bbox 508 342 681 429">
    <p class='ocr_par' dir='ltr' id='par_1_1' title="bbox 508 342 681 429">
     <span class='ocr_line' id='line_1_1' title="bbox 508 342 681 429; baseline 0 -20"><span class='ocrx_word' id='word_1_1' title='bbox 508 342 580 429; x_wconf 61' lang='lat' dir='ltr'><strong>aaa</strong></span> <span class='ocrx_word' id='word_1_2' title='bbox 674 364 681 377; x_wconf 80' lang='grc'>·</span> 
     </span>
    </p>
   </div>
   <div class='ocr_carea' id='block_1_2' title="bbox 478 508 1926 3087">
    <p class='ocr_par' dir='ltr' id='par_1_2' title="bbox 478 508 1926 3087">
     <span class='ocr_line' id='line_1_2' title="bbox 508 508 1900 621; baseline -0.006 -30"><span class='ocrx_word' id='word_1_3' title='bbox 508 517 785 620; x_wconf 81' lang='lat' dir='ltr'><strong>suspectusque</strong></span> <span class='ocrx_word' id='word_1_4' title='bbox 801 513 895 607; x_wconf 85' lang='lat' dir='ltr'><strong>fuit,</strong></span> <span class='ocrx_word' id='word_1_5' title='bbox 919 515 1111 591; x_wconf 88' lang='lat' dir='ltr'><strong>incertum</strong></span> <span class='ocrx_word' id='word_1_6' title='bbox 1124 540 1212 593; x_wconf 78' lang='lat' dir='ltr'><strong>vero</strong></span> <span class='ocrx_word' id='word_1_7' title='bbox 1233 540 1284 591; x_wconf 87' lang='lat' dir='ltr'><strong>an</strong></span> <span class='ocrx_word' id='word_1_8' title='bbox 1307 540 1377 619; x_wconf 93' lang='lat' dir='ltr'><strong>per</strong></span> <span class='ocrx_word' id='word_1_9' title='bbox 1400 513 1674 621; x_wconf 75' lang='lat' dir='ltr'><strong>neglegentiam</strong></span> <span class='ocrx_word' id='word_1_10' title='bbox 1692 508 1900 587; x_wconf 87' lang='lat' dir='ltr'><strong>societatem</strong></span> 
     </span>
     <span class='ocr_line' id='line_1_3' title="bbox 508 634 1900 744; baseline -0.013 -20"><span class='ocrx_word' id='word_1_11' title='bbox 508 640 727 744; x_wconf 68' lang='lat' dir='ltr'><strong>praedamm</strong></span> <span class='ocrx_word' id='word_1_12' title='bbox 743 667 832 716; x_wconf 91' lang='lat' dir='ltr'><strong>cum</strong></span> <span class='ocrx_word' id='word_1_13' title='bbox 855 639 1069 716; x_wconf 84' lang='lat' dir='ltr'><strong>latronibus</strong></span> <span class='ocrx_word' id='word_1_14' title='bbox 1088 638 1344 743; x_wconf 65' lang='lat' dir='ltr'><strong>composuisse</strong></span> <span class='ocrx_word' id='word_1_15' title='bbox 1358 680 1410 697; x_wconf 91' lang='lat'><strong>-·-</strong></span> <span class='ocrx_word' id='word_1_16' title='bbox 1436 637 1698 741; x_wconf 81' lang='lat' dir='ltr'><strong>19.coltegam</strong></span> <span class='ocrx_word' id='word_1_17' title='bbox 1718 634 1900 711; x_wconf 84' lang='lat' dir='ltr'><strong>minorem</strong></span> 
     </span>
     <span class='ocr_line' id='line_1_4' title="bbox 509 760 1902 865; baseline -0.006 -28"><span class='ocrx_word' id='word_1_18' title='bbox 509 778 548 837; x_wconf 91' lang='lat' dir='ltr'><strong>et</strong></span> <span class='ocrx_word' id='word_1_19' title='bbox 564 762 624 837; x_wconf 86' lang='lat' dir='ltr'><strong>sui</strong></span> <span class='ocrx_word' id='word_1_20' title='bbox 643 762 830 839; x_wconf 77' lang='lat' dir='ltr'><strong>cultorem</strong></span> <span class='ocrx_word' id='word_1_21' title='bbox 849 778 1074 865; x_wconf 82' lang='lat' dir='ltr'><strong>exspectans.</strong></span> <span class='ocrx_word' id='word_1_22' title='bbox 1100 806 1147 823; x_wconf 89' lang='lat'>-</span> <span class='ocrx_word' id='word_1_23' title='bbox 1175 786 1233 834; x_wconf 83' lang='lat' dir='ltr'><strong>ao.</strong></span> <span class='ocrx_word' id='word_1_24' title='bbox 1259 760 1387 857; x_wconf 88' lang='lat' dir='ltr'><strong>Quam</strong></span> <span class='ocrx_word' id='word_1_25' title='bbox 1415 760 1601 836; x_wconf 82' lang='lat' dir='ltr'><strong>maxumis</strong></span> <span class='ocrx_word' id='word_1_26' title='bbox 1623 760 1824 834; x_wconf 86' lang='lat' dir='ltr'><strong>itineribus</strong></span> <span class='ocrx_word' id='word_1_27' title='bbox 1839 782 1902 862; x_wconf 91' lang='lat' dir='ltr'><strong>per</strong></span> 
     </span>
     <span class='ocr_line' id='line_1_5' title="bbox 509 881 1903 989; baseline -0.005 -29"><span class='ocrx_word' id='word_1_28' title='bbox 509 911 671 989; x_wconf 50' lang='lat' dir='ltr'><strong>Qum</strong></span> <span class='ocrx_word' id='word_1_29' title='bbox 678 883 924 961; x_wconf 77' lang='lat' dir='ltr'><strong>Ariobarzani</strong></span> <span class='ocrx_word' id='word_1_30' title='bbox 943 883 1143 960; x_wconf 74' lang='lat' dir='ltr'><strong>contendit</strong></span> <span class='ocrx_word' id='word_1_31' title='bbox 1160 884 1210 959; x_wconf 88' lang='lat' dir='ltr'><strong>ad</strong></span> <span class='ocrx_word' id='word_1_32' title='bbox 1227 882 1373 961; x_wconf 87' lang='lat' dir='ltr'><strong>ssumeu</strong></span> <span class='ocrx_word' id='word_1_33' title='bbox 1384 881 1640 987; x_wconf 70' lang='lat' dir='ltr'><strong>Euphratem</strong></span> <span class='ocrx_word' id='word_1_34' title='bbox 1664 910 1741 984; x_wconf 80' lang='lat' dir='ltr'><strong>qua</strong></span> <span class='ocrx_word' id='word_1_35' title='bbox 1765 882 1808 957; x_wconf 89' lang='lat' dir='ltr'><strong>in</strong></span> <span class='ocrx_word' id='word_1_36' title='bbox 1823 908 1903 985; x_wconf 86' lang='lat' dir='ltr'><strong>par·</strong></span> 
     </span>
     <span class='ocr_line' id='line_1_6' title="bbox 511 1005 1926 1112; baseline -0.004 -29"><span class='ocrx_word' id='word_1_37' title='bbox 511 1023 549 1083; x_wconf 86' lang='lat' dir='ltr'><strong>te</strong></span> <span class='ocrx_word' id='word_1_38' title='bbox 568 1007 806 1112; x_wconf 86' lang='lat' dir='ltr'><strong>Cappadocia</strong></span> <span class='ocrx_word' id='word_1_39' title='bbox 827 1010 877 1083; x_wconf 85' lang='lat' dir='ltr'><strong>ab</strong></span> <span class='ocrx_word' id='word_1_40' title='bbox 895 1008 1076 1084; x_wconf 84' lang='lat' dir='ltr'><strong>Armenia</strong></span> <span class='ocrx_word' id='word_1_41' title='bbox 1106 1008 1348 1112; x_wconf 89' lang='lat' dir='ltr'><strong>disiungitur.</strong></span> <span class='ocrx_word' id='word_1_42' title='bbox 1388 1008 1439 1081; x_wconf 88' lang='lat' dir='ltr'><strong>Et</strong></span> <span class='ocrx_word' id='word_1_43' title='bbox 1455 1034 1691 1111; x_wconf 85' lang='lat' dir='ltr'><strong>quamquam</strong></span> <span class='ocrx_word' id='word_1_44' title='bbox 1710 1005 1760 1081; x_wconf 87' lang='lat' dir='ltr'><strong>ad</strong></span> <span class='ocrx_word' id='word_1_45' title='bbox 1782 1006 1824 1081; x_wconf 90' lang='lat' dir='ltr'><strong>id</strong></span> <span class='ocrx_word' id='word_1_46' title='bbox 1841 1031 1926 1081; x_wconf 82' lang='lat' dir='ltr'><strong>na·.</strong></span> 
     </span>
     <span class='ocr_line' id='line_1_7' title="bbox 513 1129 1905 1236; baseline 0.001 -33"><span class='ocrx_word' id='word_1_47' title='bbox 513 1156 574 1205; x_wconf 83' lang='lat' dir='ltr'><strong>ves</strong></span> <span class='ocrx_word' id='word_1_48' title='bbox 594 1130 792 1207; x_wconf 79' lang='lat' dir='ltr'><strong>codicariae</strong></span> <span class='ocrx_word' id='word_1_49' title='bbox 813 1132 963 1208; x_wconf 85' lang='lat' dir='ltr'><strong>occulto</strong></span> <span class='ocrx_word' id='word_1_50' title='bbox 984 1159 1054 1236; x_wconf 90' lang='lat' dir='ltr'><strong>per</strong></span> <span class='ocrx_word' id='word_1_51' title='bbox 1073 1129 1239 1206; x_wconf 86' lang='lat' dir='ltr'><strong>hiemem</strong></span> <span class='ocrx_word' id='word_1_52' title='bbox 1256 1130 1450 1217; x_wconf 67' lang='lat' dir='ltr'><strong>fabricatas</strong></span> <span class='ocrx_word' id='word_1_53' title='bbox 1471 1131 1703 1207; x_wconf 83' lang='lat' dir='ltr'><strong>aderant-</strong></span> <span class='ocrx_word' id='word_1_54' title='bbox 1728 1131 1905 1205; x_wconf 67' lang='lat' dir='ltr'><strong>settem-</strong></span> 
     </span>
     <span class='ocr_line' id='line_1_8' title="bbox 512 1250 1905 1359; baseline -0.001 -29"><span class='ocrx_word' id='word_1_55' title='bbox 512 1281 588 1358; x_wconf 87' lang='lat' dir='ltr'><strong>que</strong></span> <span class='ocrx_word' id='word_1_56' title='bbox 605 1255 775 1359; x_wconf 87' lang='lat' dir='ltr'><strong>primum</strong></span> <span class='ocrx_word' id='word_1_57' title='bbox 786 1259 957 1333; x_wconf 86' lang='lat' dir='ltr'><strong>Iasonem</strong></span> <span class='ocrx_word' id='word_1_58' title='bbox 974 1280 1074 1330; x_wconf 84' lang='lat' dir='ltr'><strong>novo</strong></span> <span class='ocrx_word' id='word_1_59' title='bbox 1094 1253 1229 1329; x_wconf 82' lang='lat' dir='ltr'><strong>itinere</strong></span> <span class='ocrx_word' id='word_1_60' title='bbox 1246 1253 1343 1329; x_wconf 90' lang='lat' dir='ltr'><strong>mari</strong></span> <span class='ocrx_word' id='word_1_61' title='bbox 1355 1256 1478 1329; x_wconf 76' lang='lat' dir='ltr'><strong>Aeetae</strong></span> <span class='ocrx_word' id='word_1_62' title='bbox 1489 1250 1648 1358; x_wconf 91' lang='lat' dir='ltr'><strong>hospitis</strong></span> <span class='ocrx_word' id='word_1_63' title='bbox 1662 1254 1821 1331; x_wconf 89' lang='lat' dir='ltr'><strong>domum</strong></span> <span class='ocrx_word' id='word_1_64' title='bbox 1831 1254 1905 1330; x_wconf 83' lang='lat' dir='ltr'><strong>vio-</strong></span> 
     </span>
     <span class='ocr_line' id='line_1_9' title="bbox 512 1376 1907 1485; baseline 0.001 -33"><span class='ocrx_word' id='word_1_65' title='bbox 512 1376 613 1454; x_wconf 84' lang='lat' dir='ltr'><strong>lasse</strong></span> <span class='ocrx_word' id='word_1_66' title='bbox 624 1424 677 1442; x_wconf 93' lang='grc'><strong>-</strong></span> <span class='ocrx_word' id='word_1_67' title='bbox 700 1405 755 1453; x_wconf 81' lang='lat' dir='ltr'><strong>aa.</strong></span> <span class='ocrx_word' id='word_1_68' title='bbox 767 1381 846 1477; x_wconf 89' lang='lat' dir='ltr'><strong>Qui</strong></span> <span class='ocrx_word' id='word_1_69' title='bbox 859 1378 1267 1485; x_wconf 82' lang='lat' dir='ltr'><strong>praetergrediebantur</strong></span> <span class='ocrx_word' id='word_1_70' title='bbox 1280 1380 1424 1483; x_wconf 85' lang='lat' dir='ltr'><strong>equites</strong></span> <span class='ocrx_word' id='word_1_71' title='bbox 1437 1378 1686 1485; x_wconf 87' lang='lat' dir='ltr'><strong>cataphracti,</strong></span> <span class='ocrx_word' id='word_1_72' title='bbox 1699 1380 1820 1456; x_wconf 81' lang='lat' dir='ltr'><strong>ferrea</strong></span> <span class='ocrx_word' id='word_1_73' title='bbox 1831 1405 1907 1454; x_wconf 91' lang='lat' dir='ltr'><strong>om-</strong></span> 
     </span>
     <span class='ocr_line' id='line_1_10' title="bbox 513 1502 1909 1607; baseline 0.001 -30"><span class='ocrx_word' id='word_1_74' title='bbox 513 1504 556 1577; x_wconf 91' lang='lat' dir='ltr'><strong>ni</strong></span> <span class='ocrx_word' id='word_1_75' title='bbox 573 1504 708 1607; x_wconf 85' lang='lat' dir='ltr'><strong>specie.</strong></span> <span class='ocrx_word' id='word_1_76' title='bbox 722 1554 772 1569; x_wconf 90' lang='lat'>-</span> <span class='ocrx_word' id='word_1_77' title='bbox 796 1513 853 1581; x_wconf 80' lang='lat'><strong>23.</strong></span> <span class='ocrx_word' id='word_1_78' title='bbox 880 1506 1014 1603; x_wconf 90' lang='lat' dir='ltr'><strong>Quum</strong></span> <span class='ocrx_word' id='word_1_79' title='bbox 1037 1505 1210 1595; x_wconf 91' lang='lat' dir='ltr'><strong>interim,</strong></span> <span class='ocrx_word' id='word_1_80' title='bbox 1233 1505 1380 1581; x_wconf 91' lang='lat' dir='ltr'><strong>lumine</strong></span> <span class='ocrx_word' id='word_1_81' title='bbox 1398 1506 1513 1581; x_wconf 90' lang='lat' dir='ltr'><strong>etiam</strong></span> <span class='ocrx_word' id='word_1_82' title='bbox 1536 1522 1620 1583; x_wconf 93' lang='lat' dir='ltr'><strong>tum</strong></span> <span class='ocrx_word' id='word_1_83' title='bbox 1638 1505 1801 1593; x_wconf 82' lang='lat' dir='ltr'><strong>incerto,</strong></span> <span class='ocrx_word' id='word_1_84' title='bbox 1825 1502 1909 1579; x_wconf 79' lang='lat' dir='ltr'><strong>due</strong></span> 
     </span>
     <span class='ocr_line' id='line_1_11' title="bbox 515 1626 1909 1718; baseline 0.001 -18"><span class='ocrx_word' id='word_1_85' title='bbox 515 1626 653 1701; x_wconf 85' lang='lat' dir='ltr'><strong>Galliae</strong></span> <span class='ocrx_word' id='word_1_86' title='bbox 666 1627 842 1705; x_wconf 85' lang='lat' dir='ltr'><strong>mulieres</strong></span> <span class='ocrx_word' id='word_1_87' title='bbox 853 1644 1085 1705; x_wconf 81' lang='lat' dir='ltr'><strong>conventum</strong></span> <span class='ocrx_word' id='word_1_88' title='bbox 1097 1629 1267 1718; x_wconf 79' lang='lat' dir='ltr'><strong>vitantes,</strong></span> <span class='ocrx_word' id='word_1_89' title='bbox 1286 1629 1336 1704; x_wconf 89' lang='lat' dir='ltr'><strong>ad</strong></span> <span class='ocrx_word' id='word_1_90' title='bbox 1345 1644 1537 1716; x_wconf 82' lang='lat' dir='ltr'><strong>menstrua</strong></span> <span class='ocrx_word' id='word_1_91' title='bbox 1552 1626 1730 1705; x_wconf 83' lang='lat' dir='ltr'><strong>solvenda</strong></span> <span class='ocrx_word' id='word_1_92' title='bbox 1743 1643 1909 1703; x_wconf 89' lang='lat' dir='ltr'><strong>montem</strong></span> 
     </span>
     <span class='ocr_line' id='line_1_12' title="bbox 515 1750 1906 1853; baseline 0.003 -30"><span class='ocrx_word' id='word_1_93' title='bbox 515 1751 735 1826; x_wconf 86' lang='lat' dir='ltr'><strong>ascendunt</strong></span> <span class='ocrx_word' id='word_1_94' title='bbox 760 1791 811 1808; x_wconf 91' lang='lat'><strong>-—</strong></span> <span class='ocrx_word' id='word_1_95' title='bbox 837 1760 893 1845; x_wconf 68' lang='lat'><strong>24.</strong></span> <span class='ocrx_word' id='word_1_96' title='bbox 919 1752 1145 1853; x_wconf 83' lang='lat' dir='ltr'><strong>Pluteosque</strong></span> <span class='ocrx_word' id='word_1_97' title='bbox 1167 1751 1349 1827; x_wconf 86' lang='lat' dir='ltr'><strong>rescindit</strong></span> <span class='ocrx_word' id='word_1_98' title='bbox 1370 1779 1415 1827; x_wconf 90' lang='lat' dir='ltr'><strong>ac</strong></span> <span class='ocrx_word' id='word_1_99' title='bbox 1439 1752 1672 1828; x_wconf 86' lang='lat' dir='ltr'><strong>munitiones</strong></span> <span class='ocrx_word' id='word_1_100' title='bbox 1686 1750 1906 1839; x_wconf 72' lang='lat' dir='ltr'><strong>demoliar,</strong></span> 
     </span>
     <span class='ocr_line' id='line_1_13' title="bbox 478 1872 1909 1979; baseline 0.003 -34"><span class='ocrx_word' id='word_1_101' title='bbox 478 1922 483 1929; x_wconf 39' lang='grc' dir='ltr'><em>ι</em></span> <span class='ocrx_word' id='word_1_102' title='bbox 515 1872 676 1976; x_wconf 89' lang='lat' dir='ltr'><strong>locoque</strong></span> <span class='ocrx_word' id='word_1_103' title='bbox 701 1900 850 1949; x_wconf 90' lang='lat' dir='ltr'><strong>summo</strong></span> <span class='ocrx_word' id='word_1_104' title='bbox 876 1876 1032 1978; x_wconf 90' lang='lat' dir='ltr'><strong>potitur.</strong></span> <span class='ocrx_word' id='word_1_105' title='bbox 1068 1919 1118 1937; x_wconf 91' lang='grc'>-</span> <span class='ocrx_word' id='word_1_106' title='bbox 1156 1874 1211 1949; x_wconf 74' lang='lat'><strong>25.</strong></span> <span class='ocrx_word' id='word_1_107' title='bbox 1236 1874 1455 1949; x_wconf 83' lang='lat' dir='ltr'><strong>Exercitum</strong></span> <span class='ocrx_word' id='word_1_108' title='bbox 1484 1875 1648 1966; x_wconf 87' lang='lat' dir='ltr'><strong>dimisit,</strong></span> <span class='ocrx_word' id='word_1_109' title='bbox 1672 1890 1717 1950; x_wconf 92' lang='lat' dir='ltr'><strong>ut</strong></span> <span class='ocrx_word' id='word_1_110' title='bbox 1743 1875 1909 1979; x_wconf 86' lang='lat' dir='ltr'><strong>primum</strong></span> 
     </span>
     <span class='ocr_line' id='line_1_14' title="bbox 515 1996 1909 2105; baseline 0.001 -34"><span class='ocrx_word' id='word_1_111' title='bbox 515 1996 629 2100; x_wconf 81' lang='lat' dir='ltr'><strong>Alpes</strong></span> <span class='ocrx_word' id='word_1_112' title='bbox 650 1996 832 2103; x_wconf 77' lang='lat' dir='ltr'><strong>digressus</strong></span> <span class='ocrx_word' id='word_1_113' title='bbox 857 2013 920 2073; x_wconf 79' lang='lat' dir='ltr'><strong>est.</strong></span> <span class='ocrx_word' id='word_1_114' title='bbox 946 2042 995 2055; x_wconf 89' lang='lat'>-</span> <span class='ocrx_word' id='word_1_115' title='bbox 1024 2000 1078 2073; x_wconf 76' lang='lat'><strong>26.</strong></span> <span class='ocrx_word' id='word_1_116' title='bbox 1103 1996 1326 2075; x_wconf 88' lang='lat' dir='ltr'><strong>Tetrarchas</strong></span> <span class='ocrx_word' id='word_1_117' title='bbox 1342 2024 1518 2105; x_wconf 80' lang='lat' dir='ltr'><strong>regesque</strong></span> <span class='ocrx_word' id='word_1_118' title='bbox 1537 1998 1683 2075; x_wconf 89' lang='lat' dir='ltr'><strong>territos</strong></span> <span class='ocrx_word' id='word_1_119' title='bbox 1706 1998 1826 2074; x_wconf 92' lang='lat' dir='ltr'><strong>animi</strong></span> <span class='ocrx_word' id='word_1_120' title='bbox 1851 1998 1909 2072; x_wconf 86' lang='lat' dir='ltr'><strong>fir-</strong></span> 
     </span>
     <span class='ocr_line' id='line_1_15' title="bbox 513 2119 1908 2219; baseline 0.001 -26"><span class='ocrx_word' id='word_1_121' title='bbox 513 2119 640 2195; x_wconf 84' lang='lat' dir='ltr'><strong>mavit</strong></span> <span class='ocrx_word' id='word_1_122' title='bbox 666 2168 716 2183; x_wconf 89' lang='lat'><strong>--</strong></span> <span class='ocrx_word' id='word_1_123' title='bbox 743 2150 799 2219; x_wconf 83' lang='lat'><strong>27.</strong></span> <span class='ocrx_word' id='word_1_124' title='bbox 820 2121 943 2196; x_wconf 91' lang='lat' dir='ltr'><strong>Simul</strong></span> <span class='ocrx_word' id='word_1_125' title='bbox 968 2146 1029 2195; x_wconf 90' lang='lat' dir='ltr'><strong>eos</strong></span> <span class='ocrx_word' id='word_1_126' title='bbox 1060 2136 1098 2197; x_wconf 90' lang='lat' dir='ltr'><strong>et</strong></span> <span class='ocrx_word' id='word_1_127' title='bbox 1120 2138 1276 2197; x_wconf 87' lang='lat' dir='ltr'><strong>cunctos</strong></span> <span class='ocrx_word' id='word_1_128' title='bbox 1299 2121 1376 2196; x_wconf 89' lang='lat' dir='ltr'><strong>iam</strong></span> <span class='ocrx_word' id='word_1_129' title='bbox 1409 2122 1612 2199; x_wconf 86' lang='lat' dir='ltr'><strong>inclinatos</strong></span> <span class='ocrx_word' id='word_1_130' title='bbox 1643 2121 1797 2197; x_wconf 83' lang='lat' dir='ltr'><strong>laxitate</strong></span> <span class='ocrx_word' id='word_1_131' title='bbox 1817 2121 1908 2207; x_wconf 86' lang='lat' dir='ltr'><strong>loci,</strong></span> 
     </span>
     <span class='ocr_line' id='line_1_16' title="bbox 514 2243 1909 2349; baseline -0.001 -31"><span class='ocrx_word' id='word_1_132' title='bbox 514 2243 643 2347; x_wconf 86' lang='lat' dir='ltr'><strong>plures</strong></span> <span class='ocrx_word' id='word_1_133' title='bbox 661 2243 834 2320; x_wconf 85' lang='lat' dir='ltr'><strong>cohortes</strong></span> <span class='ocrx_word' id='word_1_134' title='bbox 850 2260 967 2347; x_wconf 90' lang='lat' dir='ltr'><strong>atque</strong></span> <span class='ocrx_word' id='word_1_135' title='bbox 990 2270 1140 2333; x_wconf 90' lang='lat' dir='ltr'><strong>omnes,</strong></span> <span class='ocrx_word' id='word_1_136' title='bbox 1168 2245 1269 2320; x_wconf 91' lang='lat' dir='ltr'><strong>utin</strong></span> <span class='ocrx_word' id='word_1_137' title='bbox 1282 2246 1447 2321; x_wconf 87' lang='lat' dir='ltr'><strong>secunda</strong></span> <span class='ocrx_word' id='word_1_138' title='bbox 1466 2272 1506 2321; x_wconf 88' lang='lat' dir='ltr'><strong>rc</strong></span> <span class='ocrx_word' id='word_1_139' title='bbox 1519 2246 1661 2349; x_wconf 79' lang='lat' dir='ltr'><strong>pariter</strong></span> <span class='ocrx_word' id='word_1_140' title='bbox 1678 2272 1781 2335; x_wconf 90' lang='lat' dir='ltr'><strong>acre,</strong></span> <span class='ocrx_word' id='word_1_141' title='bbox 1807 2245 1909 2321; x_wconf 81' lang='lat' dir='ltr'><strong>inra-</strong></span> 
     </span>
     <span class='ocr_line' id='line_1_17' title="bbox 513 2362 1907 2472; baseline 0.004 -32"><span class='ocrx_word' id='word_1_142' title='bbox 513 2366 623 2441; x_wconf 88' lang='lat' dir='ltr'><strong>dunt</strong></span> <span class='ocrx_word' id='word_1_143' title='bbox 647 2362 699 2423; x_wconf 75' lang='grc'><strong>-’</strong></span> <span class='ocrx_word' id='word_1_144' title='bbox 725 2371 781 2443; x_wconf 71' lang='lat'><strong>28.</strong></span> <span class='ocrx_word' id='word_1_145' title='bbox 805 2366 857 2441; x_wconf 86' lang='lat' dir='ltr'><strong>Hi</strong></span> <span class='ocrx_word' id='word_1_146' title='bbox 882 2366 1056 2441; x_wconf 89' lang='lat' dir='ltr'><strong>locorum</strong></span> <span class='ocrx_word' id='word_1_147' title='bbox 1081 2368 1258 2472; x_wconf 87' lang='lat' dir='ltr'><strong>pergnari</strong></span> <span class='ocrx_word' id='word_1_148' title='bbox 1287 2384 1326 2443; x_wconf 94' lang='lat' dir='ltr'><strong>et</strong></span> <span class='ocrx_word' id='word_1_149' title='bbox 1342 2368 1442 2444; x_wconf 87' lang='lat' dir='ltr'><strong>soliti</strong></span> <span class='ocrx_word' id='word_1_150' title='bbox 1466 2386 1616 2445; x_wconf 84' lang='lat' dir='ltr'><strong>nectere</strong></span> <span class='ocrx_word' id='word_1_151' title='bbox 1637 2396 1683 2443; x_wconf 82' lang='lat' dir='ltr'><strong>ex</strong></span> <span class='ocrx_word' id='word_1_152' title='bbox 1703 2369 1907 2445; x_wconf 83' lang='lat' dir='ltr'><strong>viminibus</strong></span> 
     </span>
     <span class='ocr_line' id='line_1_18' title="bbox 514 2489 1906 2594; baseline 0.003 -31"><span class='ocrx_word' id='word_1_153' title='bbox 514 2514 599 2565; x_wconf 83' lang='lat' dir='ltr'><strong>vasa</strong></span> <span class='ocrx_word' id='word_1_154' title='bbox 619 2489 803 2593; x_wconf 83' lang='lat' dir='ltr'><strong>agrestia,</strong></span> <span class='ocrx_word' id='word_1_155' title='bbox 829 2489 884 2563; x_wconf 92' lang='lat' dir='ltr'><strong>ibi</strong></span> <span class='ocrx_word' id='word_1_156' title='bbox 916 2506 1020 2579; x_wconf 91' lang='lat' dir='ltr'><strong>tum,</strong></span> <span class='ocrx_word' id='word_1_157' title='bbox 1058 2490 1163 2592; x_wconf 87' lang='lat' dir='ltr'><strong>quod</strong></span> <span class='ocrx_word' id='word_1_158' title='bbox 1193 2490 1322 2594; x_wconf 88' lang='lat' dir='ltr'><strong>inopia</strong></span> <span class='ocrx_word' id='word_1_159' title='bbox 1354 2508 1550 2567; x_wconf 88' lang='lat' dir='ltr'><strong>scutorum</strong></span> <span class='ocrx_word' id='word_1_160' title='bbox 1579 2492 1727 2583; x_wconf 73' lang='lat' dir='ltr'><strong>fluerat,</strong></span> <span class='ocrx_word' id='word_1_161' title='bbox 1751 2492 1801 2569; x_wconf 86' lang='lat' dir='ltr'><strong>ad</strong></span> <span class='ocrx_word' id='word_1_162' title='bbox 1827 2520 1906 2569; x_wconf 88' lang='lat' dir='ltr'><strong>eom</strong></span> 
     </span>
     <span class='ocr_line' id='line_1_19' title="bbox 514 2612 1906 2717; baseline 0.002 -31"><span class='ocrx_word' id='word_1_163' title='bbox 514 2628 637 2687; x_wconf 86' lang='lat' dir='ltr'><strong>artem</strong></span> <span class='ocrx_word' id='word_1_164' title='bbox 656 2638 694 2687; x_wconf 92' lang='lat' dir='ltr'><strong>se</strong></span> <span class='ocrx_word' id='word_1_165' title='bbox 713 2613 933 2715; x_wconf 75' lang='lat' dir='ltr'><strong>quicquain</strong></span> <span class='ocrx_word' id='word_1_166' title='bbox 949 2612 1113 2688; x_wconf 80' lang='lat' dir='ltr'><strong>somnam</strong></span> <span class='ocrx_word' id='word_1_167' title='bbox 1129 2640 1271 2717; x_wconf 88' lang='lat' dir='ltr'><strong>parmae</strong></span> <span class='ocrx_word' id='word_1_168' title='bbox 1287 2616 1468 2716; x_wconf 84' lang='lat' dir='ltr'><strong>equestris</strong></span> <span class='ocrx_word' id='word_1_169' title='bbox 1489 2616 1670 2691; x_wconf 83' lang='lat' dir='ltr'><strong>armabat.</strong></span> <span class='ocrx_word' id='word_1_170' title='bbox 1694 2664 1746 2689; x_wconf 91' lang='lat'><strong>...</strong></span> <span class='ocrx_word' id='word_1_171' title='bbox 1772 2640 1827 2713; x_wconf 82' lang='lat'><strong>²9·</strong></span> <span class='ocrx_word' id='word_1_172' title='bbox 1851 2618 1906 2690; x_wconf 90' lang='lat' dir='ltr'><strong>De</strong></span> 
     </span>
     <span class='ocr_line' id='line_1_20' title="bbox 513 2734 1906 2842; baseline 0.001 -33"><span class='ocrx_word' id='word_1_173' title='bbox 513 2760 650 2837; x_wconf 92' lang='lat' dir='ltr'><strong>pecore</strong></span> <span class='ocrx_word' id='word_1_174' title='bbox 683 2734 786 2810; x_wconf 86' lang='lat' dir='ltr'><strong>coria</strong></span> <span class='ocrx_word' id='word_1_175' title='bbox 813 2760 942 2811; x_wconf 79' lang='lat' dir='ltr'><strong>recens</strong></span> <span class='ocrx_word' id='word_1_176' title='bbox 971 2734 1140 2811; x_wconf 86' lang='lat' dir='ltr'><strong>detracta</strong></span> <span class='ocrx_word' id='word_1_177' title='bbox 1162 2738 1282 2839; x_wconf 74' lang='lat' dir='ltr'><strong>qrrasi]</strong></span> <span class='ocrx_word' id='word_1_178' title='bbox 1298 2738 1448 2842; x_wconf 91' lang='lat' dir='ltr'><strong>glutino</strong></span> <span class='ocrx_word' id='word_1_179' title='bbox 1482 2737 1754 2815; x_wconf 87' lang='lat' dir='ltr'><strong>adolescebant</strong></span> <span class='ocrx_word' id='word_1_180' title='bbox 1778 2780 1829 2795; x_wconf 86' lang='lat'>-</span> <span class='ocrx_word' id='word_1_181' title='bbox 1853 2744 1906 2811; x_wconf 80' lang='lat'><strong>30.</strong></span> 
     </span>
     <span class='ocr_line' id='line_1_21' title="bbox 514 2857 1906 2966; baseline 0.001 -36"><span class='ocrx_word' id='word_1_182' title='bbox 514 2858 673 2933; x_wconf 78' lang='lat' dir='ltr'><strong>Aridior</strong></span> <span class='ocrx_word' id='word_1_183' title='bbox 685 2857 800 2933; x_wconf 90' lang='lat' dir='ltr'><strong>modo</strong></span> <span class='ocrx_word' id='word_1_184' title='bbox 820 2859 1052 2964; x_wconf 88' lang='lat' dir='ltr'><strong>properandi</strong></span> <span class='ocrx_word' id='word_1_185' title='bbox 1068 2858 1198 2934; x_wconf 84' lang='lat' dir='ltr'><strong>factus.</strong></span> <span class='ocrx_word' id='word_1_186' title='bbox 1224 2908 1276 2926; x_wconf 81' lang='lat'>-</span> <span class='ocrx_word' id='word_1_187' title='bbox 1302 2866 1358 2934; x_wconf 79' lang='lat'><strong>31.</strong></span> <span class='ocrx_word' id='word_1_188' title='bbox 1385 2860 1541 2937; x_wconf 87' lang='lat' dir='ltr'><strong>Consilii</strong></span> <span class='ocrx_word' id='word_1_189' title='bbox 1555 2888 1658 2966; x_wconf 86' lang='lat' dir='ltr'><strong>aeger.</strong></span> <span class='ocrx_word' id='word_1_190' title='bbox 1683 2906 1735 2925; x_wconf 87' lang='lat'><em>-</em></span> <span class='ocrx_word' id='word_1_191' title='bbox 1763 2866 1819 2936; x_wconf 76' lang='lat'><strong>32.</strong></span> <span class='ocrx_word' id='word_1_192' title='bbox 1842 2862 1906 2933; x_wconf 89' lang='lat' dir='ltr'><strong>Re-</strong></span> 
     </span>
     <span class='ocr_line' id='line_1_22' title="bbox 514 2980 1903 3087; baseline 0.003 -34"><span class='ocrx_word' id='word_1_193' title='bbox 514 2980 612 3053; x_wconf 85' lang='lat' dir='ltr'><strong>vorsi</strong></span> <span class='ocrx_word' id='word_1_194' title='bbox 629 2997 778 3084; x_wconf 89' lang='lat' dir='ltr'><strong>postero</strong></span> <span class='ocrx_word' id='word_1_195' title='bbox 796 2981 877 3072; x_wconf 91' lang='lat' dir='ltr'><strong>die,</strong></span> <span class='ocrx_word' id='word_1_196' title='bbox 902 2980 1046 3073; x_wconf 88' lang='lat' dir='ltr'><strong>multa,</strong></span> <span class='ocrx_word' id='word_1_197' title='bbox 1070 3007 1156 3083; x_wconf 81' lang='lat' dir='ltr'><strong>quae</strong></span> <span class='ocrx_word' id='word_1_198' title='bbox 1180 2998 1424 3087; x_wconf 80' lang='lat' dir='ltr'><strong>properantes</strong></span> <span class='ocrx_word' id='word_1_199' title='bbox 1441 2983 1685 3062; x_wconf 85' lang='lat' dir='ltr'><strong>deseruerant</strong></span> <span class='ocrx_word' id='word_1_200' title='bbox 1699 2986 1742 3060; x_wconf 91' lang='lat' dir='ltr'><strong>in</strong></span> <span class='ocrx_word' id='word_1_201' title='bbox 1764 2983 1903 3071; x_wconf 87' lang='lat' dir='ltr'><strong>castris,</strong></span> 
     </span>
    </p>
   </div>
   <div class='ocr_carea' id='block_1_3' title="bbox 494 3197 1902 4340">
    <p class='ocr_par' dir='ltr' id='par_1_3' title="bbox 494 3197 1902 4340">
     <span class='ocr_line' id='line_1_23' title="bbox 494 3197 1902 3297; baseline 0.005 -29"><span class='ocrx_word' id='word_1_202' title='bbox 494 3209 644 3287; x_wconf 69' lang='lat' dir='ltr'><strong>‚coriam</strong></span> <span class='ocrx_word' id='word_1_203' title='bbox 660 3239 703 3257; x_wconf 89' lang='lat'>-</span> <span class='ocrx_word' id='word_1_204' title='bbox 726 3208 772 3268; x_wconf 72' lang='lat'><strong>25.</strong></span> <span class='ocrx_word' id='word_1_205' title='bbox 794 3208 829 3276; x_wconf 85' lang='lat' dir='ltr'><strong>C.</strong></span> <span class='ocrx_word' id='word_1_206' title='bbox 843 3197 891 3269; x_wconf 78' lang='lat' dir='ltr'><strong>Fr.</strong></span> <span class='ocrx_word' id='word_1_207' title='bbox 910 3230 978 3290; x_wconf 82' lang='lat' dir='ltr'><strong>por.</strong></span> <span class='ocrx_word' id='word_1_208' title='bbox 997 3244 1040 3260; x_wconf 89' lang='lat'><em>-</em></span> <span class='ocrx_word' id='word_1_209' title='bbox 1075 3211 1120 3271; x_wconf 85' lang='lat'><strong>16.</strong></span> <span class='ocrx_word' id='word_1_210' title='bbox 1141 3210 1182 3270; x_wconf 91' lang='lat' dir='ltr'><strong>id.</strong></span> <span class='ocrx_word' id='word_1_211' title='bbox 1203 3210 1290 3271; x_wconf 77' lang='lat' dir='ltr'><strong>inter.</strong></span> <span class='ocrx_word' id='word_1_212' title='bbox 1310 3242 1352 3257; x_wconf 93' lang='lat'><em>-</em></span> <span class='ocrx_word' id='word_1_213' title='bbox 1375 3232 1420 3293; x_wconf 84' lang='lat'><strong>¹7·</strong></span> <span class='ocrx_word' id='word_1_214' title='bbox 1441 3212 1519 3273; x_wconf 85' lang='lat' dir='ltr'><strong>Nou.</strong></span> <span class='ocrx_word' id='word_1_215' title='bbox 1532 3214 1569 3287; x_wconf 88' lang='grc'><strong>4,</strong></span> <span class='ocrx_word' id='word_1_216' title='bbox 1587 3236 1657 3295; x_wconf 85' lang='lat'>9⁰⁰·</span> <span class='ocrx_word' id='word_1_217' title='bbox 1677 3236 1733 3297; x_wconf 90' lang='lat' dir='ltr'><strong>pro</strong></span> <span class='ocrx_word' id='word_1_218' title='bbox 1747 3216 1902 3277; x_wconf 79' lang='lat' dir='ltr'><strong>videbatur.</strong></span> 
     </span>
     <span class='ocr_line' id='line_1_24' title="bbox 512 3312 1902 3397; baseline 0.006 -25"><span class='ocrx_word' id='word_1_219' title='bbox 512 3334 562 3393; x_wconf 79' lang='lat' dir='ltr'><strong>ap.</strong></span> <span class='ocrx_word' id='word_1_220' title='bbox 577 3312 714 3373; x_wconf 83' lang='lat' dir='ltr'><strong>Gothosr.</strong></span> <span class='ocrx_word' id='word_1_221' title='bbox 729 3313 890 3374; x_wconf 69' lang='lat' dir='ltr'><strong>habebatur</strong></span> <span class='ocrx_word' id='word_1_222' title='bbox 902 3318 1017 3397; x_wconf 88' lang='lat' dir='ltr'><strong>legitur.</strong></span> <span class='ocrx_word' id='word_1_223' title='bbox 1037 3348 1079 3363; x_wconf 92' lang='lat'><em>-</em></span> <span class='ocrx_word' id='word_1_224' title='bbox 1103 3317 1148 3376; x_wconf 77' lang='grc' dir='ltr'><strong>ιθ.</strong></span> <span class='ocrx_word' id='word_1_225' title='bbox 1163 3316 1240 3375; x_wconf 84' lang='lat' dir='ltr'><strong>Nou.</strong></span> <span class='ocrx_word' id='word_1_226' title='bbox 1253 3314 1290 3389; x_wconf 85' lang='grc'><strong>4,</strong></span> <span class='ocrx_word' id='word_1_227' title='bbox 1303 3316 1351 3375; x_wconf 63' lang='grc' dir='ltr'><strong>6η.</strong></span> <span class='ocrx_word' id='word_1_228' title='bbox 1362 3346 1404 3363; x_wconf 92' lang='lat'><strong>-·</strong></span> <span class='ocrx_word' id='word_1_229' title='bbox 1426 3336 1472 3397; x_wconf 85' lang='lat'><strong>¹9·</strong></span> <span class='ocrx_word' id='word_1_230' title='bbox 1494 3316 1529 3387; x_wconf 77' lang='lat' dir='ltr'><strong>G.</strong></span> <span class='ocrx_word' id='word_1_231' title='bbox 1542 3316 1589 3383; x_wconf 85' lang='lat' dir='ltr'><strong>Fr.</strong></span> <span class='ocrx_word' id='word_1_232' title='bbox 1600 3320 1705 3382; x_wconf 84' lang='lat' dir='ltr'><strong>cultor.</strong></span> <span class='ocrx_word' id='word_1_233' title='bbox 1715 3354 1758 3391; x_wconf 65' lang='grc'><strong>-,-</strong></span> <span class='ocrx_word' id='word_1_234' title='bbox 1779 3322 1902 3383; x_wconf 60' lang='lat' dir='ltr'><strong>rohsn.</strong></span> 
     </span>
     <span class='ocr_line' id='line_1_25' title="bbox 516 3416 1901 3500; baseline 0.012 -25"><span class='ocrx_word' id='word_1_235' title='bbox 516 3422 572 3489; x_wconf 74' lang='lat' dir='ltr'><strong>rt,</strong></span> <span class='ocrx_word' id='word_1_236' title='bbox 585 3437 632 3477; x_wconf 82' lang='lat'><strong>12.</strong></span> <span class='ocrx_word' id='word_1_237' title='bbox 652 3416 855 3479; x_wconf 77' lang='lat' dir='ltr'><strong>Ariobarzani</strong></span> <span class='ocrx_word' id='word_1_238' title='bbox 869 3419 989 3500; x_wconf 82' lang='lat' dir='ltr'><strong>legitur,</strong></span> <span class='ocrx_word' id='word_1_239' title='bbox 1011 3420 1092 3500; x_wconf 90' lang='lat' dir='ltr'><strong>quod</strong></span> <span class='ocrx_word' id='word_1_240' title='bbox 1113 3419 1327 3499; x_wconf 87' lang='lat' dir='ltr'><strong>reponendum.</strong></span> <span class='ocrx_word' id='word_1_241' title='bbox 1347 3452 1390 3467; x_wconf 87' lang='lat'><em>-</em></span> <span class='ocrx_word' id='word_1_242' title='bbox 1420 3440 1466 3481; x_wconf 66' lang='grc' dir='ltr'><strong>ει.</strong></span> <span class='ocrx_word' id='word_1_243' title='bbox 1489 3424 1574 3487; x_wconf 86' lang='lat' dir='ltr'><strong>Prisc.</strong></span> <span class='ocrx_word' id='word_1_244' title='bbox 1589 3424 1624 3498; x_wconf 87' lang='lat'><strong>6,</strong></span> <span class='ocrx_word' id='word_1_245' title='bbox 1643 3443 1696 3500; x_wconf 85' lang='lat' dir='ltr'><strong>rr,</strong></span> <span class='ocrx_word' id='word_1_246' title='bbox 1718 3427 1787 3487; x_wconf 74' lang='lat'><strong>258.</strong></span> <span class='ocrx_word' id='word_1_247' title='bbox 1800 3458 1840 3476; x_wconf 88' lang='lat'><strong>-·</strong></span> <span class='ocrx_word' id='word_1_248' title='bbox 1860 3447 1901 3491; x_wconf 81' lang='lat' dir='ltr'><strong>aa.</strong></span> 
     </span>
     <span class='ocr_line' id='line_1_26' title="bbox 512 3518 1901 3610; baseline 0.008 -31"><span class='ocrx_word' id='word_1_249' title='bbox 512 3518 592 3580; x_wconf 83' lang='lat' dir='ltr'><strong>Non.</strong></span> <span class='ocrx_word' id='word_1_250' title='bbox 611 3523 663 3597; x_wconf 77' lang='grc' dir='ltr'><strong>ιθ,</strong></span> <span class='ocrx_word' id='word_1_251' title='bbox 678 3524 726 3582; x_wconf 77' lang='lat'><strong>28.</strong></span> <span class='ocrx_word' id='word_1_252' title='bbox 745 3554 788 3570; x_wconf 93' lang='lat'><em>-</em></span> <span class='ocrx_word' id='word_1_253' title='bbox 810 3521 1003 3597; x_wconf 72' lang='lat' dir='ltr'><strong>23.1t0n.8,</strong></span> <span class='ocrx_word' id='word_1_254' title='bbox 1023 3525 1071 3605; x_wconf 89' lang='lat'><strong>76.</strong></span> <span class='ocrx_word' id='word_1_255' title='bbox 1092 3558 1134 3572; x_wconf 93' lang='grc'><strong>-</strong></span> <span class='ocrx_word' id='word_1_256' title='bbox 1156 3525 1203 3595; x_wconf 73' lang='lat' dir='ltr'><strong>al.</strong></span> <span class='ocrx_word' id='word_1_257' title='bbox 1219 3524 1297 3585; x_wconf 86' lang='lat' dir='ltr'><strong>Non.</strong></span> <span class='ocrx_word' id='word_1_258' title='bbox 1316 3544 1353 3599; x_wconf 82' lang='lat' dir='ltr'><strong>a,</strong></span> <span class='ocrx_word' id='word_1_259' title='bbox 1371 3525 1437 3596; x_wconf 71' lang='lat' dir='ltr'><strong>sol..</strong></span> <span class='ocrx_word' id='word_1_260' title='bbox 1456 3558 1499 3575; x_wconf 88' lang='lat'><em>-</em></span> <span class='ocrx_word' id='word_1_261' title='bbox 1521 3528 1569 3587; x_wconf 75' lang='lat'><strong>25.</strong></span> <span class='ocrx_word' id='word_1_262' title='bbox 1590 3527 1625 3587; x_wconf 88' lang='lat' dir='ltr'><strong>C.</strong></span> <span class='ocrx_word' id='word_1_263' title='bbox 1641 3532 1687 3589; x_wconf 86' lang='lat' dir='ltr'><strong>Fr.</strong></span> <span class='ocrx_word' id='word_1_264' title='bbox 1699 3530 1781 3610; x_wconf 70' lang='lat' dir='ltr'><strong>dr&#39;gr.</strong></span> <span class='ocrx_word' id='word_1_265' title='bbox 1798 3564 1841 3581; x_wconf 91' lang='lat'>-</span> <span class='ocrx_word' id='word_1_266' title='bbox 1858 3532 1901 3593; x_wconf 79' lang='lat'><strong>³6.</strong></span> 
     </span>
     <span class='ocr_line' id='line_1_27' title="bbox 512 3623 1900 3709; baseline 0.013 -28"><span class='ocrx_word' id='word_1_267' title='bbox 512 3623 555 3687; x_wconf 88' lang='lat' dir='ltr'><strong>id.</strong></span> <span class='ocrx_word' id='word_1_268' title='bbox 576 3625 704 3687; x_wconf 76' lang='lat' dir='ltr'><strong>territus.</strong></span> <span class='ocrx_word' id='word_1_269' title='bbox 724 3658 766 3675; x_wconf 85' lang='lat'><strong>-··</strong></span> <span class='ocrx_word' id='word_1_270' title='bbox 789 3647 836 3707; x_wconf 84' lang='lat'><strong>²7·</strong></span> <span class='ocrx_word' id='word_1_271' title='bbox 857 3626 935 3687; x_wconf 89' lang='lat' dir='ltr'><strong>Non.</strong></span> <span class='ocrx_word' id='word_1_272' title='bbox 954 3630 1074 3707; x_wconf 71' lang='lat' dir='ltr'><strong>²sl29·</strong></span> <span class='ocrx_word' id='word_1_273' title='bbox 1094 3628 1127 3687; x_wconf 88' lang='lat' dir='ltr'><strong>in</strong></span> <span class='ocrx_word' id='word_1_274' title='bbox 1140 3648 1195 3688; x_wconf 84' lang='lat' dir='ltr'><strong>sec.</strong></span> <span class='ocrx_word' id='word_1_275' title='bbox 1209 3628 1242 3686; x_wconf 85' lang='lat' dir='ltr'><strong>in</strong></span> <span class='ocrx_word' id='word_1_276' title='bbox 1258 3650 1307 3709; x_wconf 83' lang='lat' dir='ltr'><strong>ap.</strong></span> <span class='ocrx_word' id='word_1_277' title='bbox 1322 3626 1412 3687; x_wconf 88' lang='lat' dir='ltr'><strong>Goth.</strong></span> <span class='ocrx_word' id='word_1_278' title='bbox 1433 3632 1581 3690; x_wconf 87' lang='lat' dir='ltr'><strong>omissum.</strong></span> <span class='ocrx_word' id='word_1_279' title='bbox 1599 3668 1643 3685; x_wconf 84' lang='lat'><strong>-·</strong></span> <span class='ocrx_word' id='word_1_280' title='bbox 1664 3634 1712 3695; x_wconf 79' lang='lat'><strong>28.</strong></span> <span class='ocrx_word' id='word_1_281' title='bbox 1731 3635 1775 3695; x_wconf 93' lang='lat' dir='ltr'><strong>id.</strong></span> <span class='ocrx_word' id='word_1_282' title='bbox 1796 3638 1843 3709; x_wconf 77' lang='lat'><strong>18,</strong></span> <span class='ocrx_word' id='word_1_283' title='bbox 1860 3637 1900 3706; x_wconf 77' lang='lat' dir='ltr'><strong>tl.</strong></span> 
     </span>
     <span class='ocr_line' id='line_1_28' title="bbox 508 3729 1899 3816; baseline 0.005 -28"><span class='ocrx_word' id='word_1_284' title='bbox 508 3729 656 3809; x_wconf 80' lang='lat' dir='ltr'><strong>pergrron&#39;</strong></span> <span class='ocrx_word' id='word_1_285' title='bbox 666 3731 792 3790; x_wconf 86' lang='lat' dir='ltr'><strong>coniecit</strong></span> <span class='ocrx_word' id='word_1_286' title='bbox 805 3730 915 3791; x_wconf 72' lang='lat' dir='ltr'><strong>Dona.</strong></span> <span class='ocrx_word' id='word_1_287' title='bbox 930 3732 1047 3812; x_wconf 81' lang='lat' dir='ltr'><strong>perign.</strong></span> <span class='ocrx_word' id='word_1_288' title='bbox 1063 3734 1162 3815; x_wconf 73' lang='lat' dir='ltr'><strong>vulgo.</strong></span> <span class='ocrx_word' id='word_1_289' title='bbox 1181 3764 1224 3780; x_wconf 93' lang='lat'><em>-</em></span> <span class='ocrx_word' id='word_1_290' title='bbox 1253 3751 1300 3813; x_wconf 84' lang='lat'><strong>²9·</strong></span> <span class='ocrx_word' id='word_1_291' title='bbox 1321 3732 1398 3797; x_wconf 72' lang='lat' dir='ltr'><strong>Sem.</strong></span> <span class='ocrx_word' id='word_1_292' title='bbox 1410 3733 1447 3793; x_wconf 87' lang='lat' dir='ltr'><strong>ad</strong></span> <span class='ocrx_word' id='word_1_293' title='bbox 1463 3732 1568 3816; x_wconf 87' lang='lat' dir='ltr'><strong>Georg.</strong></span> <span class='ocrx_word' id='word_1_294' title='bbox 1584 3740 1599 3799; x_wconf 79' lang='lat'>3</span> <span class='ocrx_word' id='word_1_295' title='bbox 1606 3778 1617 3811; x_wconf 88' lang='lat'>,</span> <span class='ocrx_word' id='word_1_296' title='bbox 1635 3738 1702 3798; x_wconf 78' lang='lat'><strong>155.</strong></span> <span class='ocrx_word' id='word_1_297' title='bbox 1722 3738 1771 3799; x_wconf 74' lang='lat' dir='ltr'><strong>ssd</strong></span> <span class='ocrx_word' id='word_1_298' title='bbox 1784 3740 1822 3800; x_wconf 78' lang='lat' dir='ltr'><strong>ad</strong></span> <span class='ocrx_word' id='word_1_299' title='bbox 1835 3740 1899 3800; x_wconf 72' lang='lat' dir='ltr'><strong>Aen.</strong></span> 
     </span>
     <span class='ocr_line' id='line_1_29' title="bbox 512 3833 1898 3921; baseline 0.009 -28"><span class='ocrx_word' id='word_1_300' title='bbox 512 3856 552 3915; x_wconf 86' lang='lat'><strong>7,</strong></span> <span class='ocrx_word' id='word_1_301' title='bbox 572 3833 650 3894; x_wconf 70' lang='lat'><strong>6322</strong></span> <span class='ocrx_word' id='word_1_302' title='bbox 670 3833 723 3913; x_wconf 74' lang='lat' dir='ltr'><strong>qul</strong></span> <span class='ocrx_word' id='word_1_303' title='bbox 736 3836 775 3895; x_wconf 78' lang='lat' dir='ltr'><strong>de</strong></span> <span class='ocrx_word' id='word_1_304' title='bbox 794 3834 1000 3913; x_wconf 74' lang='lat' dir='ltr'><strong>vimiassacta</strong></span> <span class='ocrx_word' id='word_1_305' title='bbox 1012 3845 1097 3897; x_wconf 80' lang='lat' dir='ltr'><strong>scuta</strong></span> <span class='ocrx_word' id='word_1_306' title='bbox 1116 3836 1275 3899; x_wconf 77' lang='lat' dir='ltr'><strong>noenttbus</strong></span> <span class='ocrx_word' id='word_1_307' title='bbox 1293 3838 1434 3897; x_wconf 80' lang='lat' dir='ltr'><strong>detractis</strong></span> <span class='ocrx_word' id='word_1_308' title='bbox 1452 3838 1540 3898; x_wconf 70' lang='lat' dir='ltr'><strong>coritis</strong></span> <span class='ocrx_word' id='word_1_309' title='bbox 1560 3840 1645 3919; x_wconf 81' lang='lat' dir='ltr'><strong>quasi</strong></span> <span class='ocrx_word' id='word_1_310' title='bbox 1657 3842 1774 3921; x_wconf 79' lang='lat' dir='ltr'><strong>glutino</strong></span> <span class='ocrx_word' id='word_1_311' title='bbox 1791 3844 1898 3905; x_wconf 79' lang='lat' dir='ltr'><strong>adolet·</strong></span> 
     </span>
     <span class='ocr_line' id='line_1_30' title="bbox 511 3936 1894 4029; baseline 0.007 -32"><span class='ocrx_word' id='word_1_312' title='bbox 511 3939 615 3997; x_wconf 75' lang='lat' dir='ltr'><strong>oslraat</strong></span> <span class='ocrx_word' id='word_1_313' title='bbox 634 3936 760 4021; x_wconf 83' lang='lat' dir='ltr'><strong>Philarg.</strong></span> <span class='ocrx_word' id='word_1_314' title='bbox 770 3938 808 3999; x_wconf 87' lang='lat' dir='ltr'><strong>ad</strong></span> <span class='ocrx_word' id='word_1_315' title='bbox 823 3937 928 4021; x_wconf 83' lang='lat' dir='ltr'><strong>Georg.</strong></span> <span class='ocrx_word' id='word_1_316' title='bbox 938 3938 957 4009; x_wconf 90' lang='grc'><strong><em>4</em></strong></span> <span class='ocrx_word' id='word_1_317' title='bbox 960 3978 974 4012; x_wconf 85' lang='lat'><em>,</em></span> <span class='ocrx_word' id='word_1_318' title='bbox 985 3939 1034 4011; x_wconf 86' lang='grc' dir='ltr'><strong>4ο.</strong></span> <span class='ocrx_word' id='word_1_319' title='bbox 1056 3938 1106 3999; x_wconf 79' lang='lat' dir='ltr'><strong>hic</strong></span> <span class='ocrx_word' id='word_1_320' title='bbox 1117 3937 1239 3999; x_wconf 82' lang='lat' dir='ltr'><strong>Glutino</strong></span> <span class='ocrx_word' id='word_1_321' title='bbox 1249 3940 1429 4000; x_wconf 81' lang='lat' dir='ltr'><strong>adolescebat</strong></span> <span class='ocrx_word' id='word_1_322' title='bbox 1449 3940 1561 4002; x_wconf 86' lang='lat' dir='ltr'><strong>Charis.</strong></span> <span class='ocrx_word' id='word_1_323' title='bbox 1572 3964 1604 4025; x_wconf 93' lang='lat' dir='ltr'><strong>p.</strong></span> <span class='ocrx_word' id='word_1_324' title='bbox 1617 3946 1666 4029; x_wconf 72' lang='lat'><strong>67.</strong></span> <span class='ocrx_word' id='word_1_325' title='bbox 1678 3957 1706 4005; x_wconf 88' lang='lat' dir='ltr'><strong>et</strong></span> <span class='ocrx_word' id='word_1_326' title='bbox 1720 3950 1834 4009; x_wconf 80' lang='lat'><strong>106...</strong></span> <span class='ocrx_word' id='word_1_327' title='bbox 1851 3948 1894 4011; x_wconf 72' lang='lat' dir='ltr'><strong>io.</strong></span> 
     </span>
     <span class='ocr_line' id='line_1_31' title="bbox 506 4038 1892 4127; baseline 0.011 -27"><span class='ocrx_word' id='word_1_328' title='bbox 506 4038 547 4100; x_wconf 74' lang='lat' dir='ltr'><strong>C.</strong></span> <span class='ocrx_word' id='word_1_329' title='bbox 561 4046 608 4103; x_wconf 87' lang='lat' dir='ltr'><strong>Fr.</strong></span> <span class='ocrx_word' id='word_1_330' title='bbox 623 4041 784 4103; x_wconf 71' lang='lat' dir='ltr'><strong>atta...</strong></span> <span class='ocrx_word' id='word_1_331' title='bbox 802 4042 851 4104; x_wconf 72' lang='grc' dir='ltr'><strong>δι.</strong></span> <span class='ocrx_word' id='word_1_332' title='bbox 871 4062 959 4122; x_wconf 76' lang='lat' dir='ltr'><strong>ager.</strong></span> <span class='ocrx_word' id='word_1_333' title='bbox 971 4076 1012 4093; x_wconf 90' lang='lat'>-</span> <span class='ocrx_word' id='word_1_334' title='bbox 1032 4042 1170 4104; x_wconf 62' lang='lat' dir='ltr'><strong>tettan.</strong></span> <span class='ocrx_word' id='word_1_335' title='bbox 1182 4056 1217 4119; x_wconf 81' lang='grc'><strong>4,</strong></span> <span class='ocrx_word' id='word_1_336' title='bbox 1235 4044 1352 4105; x_wconf 67' lang='lat' dir='ltr'><strong>abm-</strong></span> <span class='ocrx_word' id='word_1_337' title='bbox 1372 4044 1421 4109; x_wconf 80' lang='lat'><strong>33.</strong></span> <span class='ocrx_word' id='word_1_338' title='bbox 1442 4046 1484 4105; x_wconf 90' lang='lat' dir='ltr'><strong>id.</strong></span> <span class='ocrx_word' id='word_1_339' title='bbox 1498 4049 1531 4118; x_wconf 87' lang='grc'><strong>4,</strong></span> <span class='ocrx_word' id='word_1_340' title='bbox 1547 4048 1665 4108; x_wconf 73' lang='lat' dir='ltr'><strong>ase-</strong></span> <span class='ocrx_word' id='word_1_341' title='bbox 1685 4048 1733 4123; x_wconf 73' lang='lat'><strong>34.</strong></span> <span class='ocrx_word' id='word_1_342' title='bbox 1753 4053 1795 4115; x_wconf 90' lang='lat' dir='ltr'><strong>id.</strong></span> <span class='ocrx_word' id='word_1_343' title='bbox 1805 4054 1838 4127; x_wconf 86' lang='grc'><strong>4,</strong></span> <span class='ocrx_word' id='word_1_344' title='bbox 1850 4054 1892 4117; x_wconf 88' lang='grc'><strong>68.</strong></span> 
     </span>
     <span class='ocr_line' id='line_1_32' title="bbox 509 4144 1891 4240; baseline 0.007 -34"><span class='ocrx_word' id='word_1_345' title='bbox 509 4182 552 4198; x_wconf 90' lang='lat'>-</span> <span class='ocrx_word' id='word_1_346' title='bbox 573 4144 721 4207; x_wconf 72' lang='lat' dir='ltr'><strong>55.c.1·“r.</strong></span> <span class='ocrx_word' id='word_1_347' title='bbox 742 4163 866 4228; x_wconf 77' lang='lat' dir='ltr'><strong>amergo.</strong></span> <span class='ocrx_word' id='word_1_348' title='bbox 887 4148 937 4209; x_wconf 80' lang='lat'><strong>36.</strong></span> <span class='ocrx_word' id='word_1_349' title='bbox 954 4148 996 4207; x_wconf 88' lang='lat' dir='ltr'><strong>id.</strong></span> <span class='ocrx_word' id='word_1_350' title='bbox 1012 4148 1187 4229; x_wconf 80' lang='lat' dir='ltr'><strong>propinquo.</strong></span> <span class='ocrx_word' id='word_1_351' title='bbox 1198 4186 1241 4201; x_wconf 87' lang='lat'><strong>-</strong></span> <span class='ocrx_word' id='word_1_352' title='bbox 1261 4148 1310 4231; x_wconf 79' lang='lat'><strong>57.</strong></span> <span class='ocrx_word' id='word_1_353' title='bbox 1331 4149 1409 4209; x_wconf 87' lang='lat' dir='ltr'><strong>Non.</strong></span> <span class='ocrx_word' id='word_1_354' title='bbox 1425 4152 1459 4225; x_wconf 85' lang='grc'><strong>4,</strong></span> <span class='ocrx_word' id='word_1_355' title='bbox 1471 4152 1591 4213; x_wconf 83' lang='lat'><strong>355.-</strong></span> <span class='ocrx_word' id='word_1_356' title='bbox 1610 4150 1660 4215; x_wconf 80' lang='lat'><strong>38.</strong></span> <span class='ocrx_word' id='word_1_357' title='bbox 1682 4154 1716 4216; x_wconf 90' lang='lat' dir='ltr'><strong>C.</strong></span> <span class='ocrx_word' id='word_1_358' title='bbox 1728 4158 1776 4217; x_wconf 83' lang='lat' dir='ltr'><strong>Fr.</strong></span> <span class='ocrx_word' id='word_1_359' title='bbox 1791 4166 1891 4240; x_wconf 75' lang='lat' dir='ltr'><strong>palm.</strong></span> 
     </span>
     <span class='ocr_line' id='line_1_33' title="bbox 508 4251 1888 4340; baseline 0.012 -31"><span class='ocrx_word' id='word_1_360' title='bbox 508 4253 606 4337; x_wconf 77' lang='lat'><strong>...39.</strong></span> <span class='ocrx_word' id='word_1_361' title='bbox 616 4252 657 4314; x_wconf 85' lang='lat' dir='ltr'><strong>id.</strong></span> <span class='ocrx_word' id='word_1_362' title='bbox 672 4252 758 4315; x_wconf 78' lang='lat' dir='ltr'><strong>altus.</strong></span> <span class='ocrx_word' id='word_1_363' title='bbox 779 4252 836 4313; x_wconf 84' lang='lat' dir='ltr'><strong>oltr&#39;</strong></span> <span class='ocrx_word' id='word_1_364' title='bbox 846 4254 903 4335; x_wconf 80' lang='lat' dir='ltr'><strong>legi</strong></span> <span class='ocrx_word' id='word_1_365' title='bbox 917 4251 1043 4313; x_wconf 74' lang='lat' dir='ltr'><strong>tussiat.</strong></span> <span class='ocrx_word' id='word_1_366' title='bbox 1055 4252 1158 4313; x_wconf 82' lang='lat' dir='ltr'><strong>Maius.</strong></span> <span class='ocrx_word' id='word_1_367' title='bbox 1178 4252 1246 4315; x_wconf 76' lang='lat' dir='ltr'><strong>altit</strong></span> <span class='ocrx_word' id='word_1_368' title='bbox 1257 4254 1363 4316; x_wconf 83' lang='lat' dir='ltr'><strong>adiecit</strong></span> <span class='ocrx_word' id='word_1_369' title='bbox 1374 4254 1473 4315; x_wconf 79' lang='lat' dir='ltr'><strong>Ilouza</strong></span> <span class='ocrx_word' id='word_1_370' title='bbox 1479 4279 1489 4331; x_wconf 64' lang='grc' dir='ltr'><strong><em>ς</em></strong></span> <span class='ocrx_word' id='word_1_371' title='bbox 1506 4257 1587 4339; x_wconf 89' lang='lat' dir='ltr'><strong>quod</strong></span> <span class='ocrx_word' id='word_1_372' title='bbox 1601 4258 1888 4340; x_wconf 69' lang='lat' dir='ltr'><strong>probo-lod’rob·</strong></span> 
     </span>
    </p>
   </div>
   <div class='ocr_carea' id='block_1_4' title="bbox 0 0 2033 5009">
    <p class='ocr_par' dir='ltr' id='par_1_4' title="bbox 0 0 2033 5009">
     <span class='ocr_line' id='line_1_34' title="bbox 0 0 2033 5009; baseline 0 0"><span class='ocrx_word' id='word_1_373' title='bbox 0 0 2033 5009; x_wconf 95' lang='lat' dir='ltr'><strong> </strong></span> 
     </span>
    </p>
   </div>
  </div>
 </body>
</html>
