4050 5009
1573 408 1640 483 ²9¹

225 575 326 636 turn
360 558 425 637 hic
447 561 636 654 exhausit,
662 582 853 668 quantum
876 566 1003 669 potuit
1028 580 1094 641 aut
1121 564 1194 643 lide
1220 566 1423 640 nominum
1445 566 1643 653 transiici,

220 700 304 759 aut
326 684 371 760 in
393 685 499 761 naris
519 686 707 763 contrudi.
757 690 954 777 Tantum,
981 693 1161 791 inquam,
1188 692 1313 763 Patres
1331 689 1556 791 conscripti,
1581 714 1644 763 ex-

221 804 389 898 hausit,
415 827 608 911 quantum
627 811 757 887 voluit
807 814 863 886 Ne
877 838 1047 887 caussam
1068 812 1225 902 diceret,
1250 814 1417 889 sestertio
1440 809 1643 887 duodecies

221 957 330 1006 cum
355 934 499 1009 Caesare
522 932 735 1035 paciscitur.
786 934 903 1031 Quod
937 934 969 1008 si
1004 934 1204 1037 quidpiam
1233 962 1366 1011 eorum
1403 935 1541 1010 falsum
1568 950 1643 1027 est;

220 1052 299 1130 hic
323 1056 456 1159 palam
476 1056 623 1146 refelle,
647 1056 752 1131 unde
776 1073 838 1146 tu,
859 1058 926 1160 qui
951 1058 1065 1131 modo
1090 1084 1139 1130 ne
1163 1074 1362 1160 paternam
1389 1058 1545 1161 quidem
1573 1059 1643 1133 do-

221 1206 350 1253 mum
367 1180 553 1255 redimere
572 1181 754 1283 potueris,
780 1198 935 1285 repente
960 1198 1156 1283 tamquam
1170 1182 1318 1256 somnio
1337 1182 1488 1271 beatus',
1512 1179 1641 1256 hortos

221 1302 543 1406 pretiosissimos,
568 1302 699 1377 villam
713 1304 867 1378 Tiburti
886 1308 923 1379 C
945 1304 1117 1394 Caesaris,
1134 1305 1299 1407 reliquas
1315 1305 1557 1407 possessiones
1573 1330 1642 1408 pa-

221 1428 380 1503 raveris
391 1430 414 1503 l·
426 1429 558 1530 Neque
572 1426 697 1532 piguit
713 1452 898 1530 querere,
915 1454 986 1501 cur
996 1452 1064 1531 ego
1079 1430 1115 1499 P.
1134 1428 1253 1503 crassi
1272 1426 1431 1501 domum
1445 1426 1614 1502 emissem
1632 1459 1640 1501 :

223 1578 330 1627 curn
351 1568 397 1627 tu
410 1552 544 1628 veteris
564 1552 664 1628 villae
683 1550 862 1626 dominus
876 1549 942 1640 sis,
967 1550 1076 1623 cuius
1092 1549 1225 1653 paullo
1242 1564 1332 1625 ante
1350 1548 1475 1625 uerat
1491 1552 1639 1627 Caesari

223 1676 371 1766 modo,
398 1675 576 1778 inquom,
594 1674 827 1778 patrimonio
844 1700 925 1747 non
940 1698 1104 1761 comeso,
1126 1672 1191 1747 sed
1212 1671 1407 1763 devorato,
1423 1673 1564 1776 quibus
1582 1699 1642 1747 ra·

224 1800 410 1875 tionibus
428 1814 585 1902 repente
597 1798 719 1872 lactus
739 1822 777 1871 es
797 1810 876 1868 tam
898 1793 1071 1868 adfluens
1093 1810 1131 1868 et
1155 1810 1233 1869 tam
1255 1794 1412 1871 berun?
1435 1798 1533 1871 Nam
1555 1797 1642 1900 quis

225 1940 268 1998 te
295 1923 442 1998 succiet
469 1920 665 2010 heredem,
691 1945 806 2022 quem
821 1944 872 1992 ne
892 1918 1061 1991 amicum
1081 1916 1239 2019 quidem
1256 1942 1371 1993 suum
1388 1920 1476 1995 satis
1504 1918 1642 1995 hones·

224 2064 325 2121 tum
339 2044 544 2147 quisquam
560 2042 633 2116 sibi
649 2041 776 2130 ducit,
798 2040 871 2116 nisi
887 2040 1020 2113 similis
1036 2065 1080 2113 ac
1096 2064 1167 2141 por
1185 2039 1242 2114 tui
1256 2044 1273 2117 l
1298 2043 1348 2115 lt
1363 2036 1519 2118 hercule
1536 2054 1668 2148 egre-8

223 2171 292 2275 gia
311 2168 414 2245 facta
432 2167 622 2241 maiorum
646 2180 802 2239 tuorum
825 2180 863 2238 te
878 2161 1093 2239 extollunt:
1119 2190 1287 2265 quorum
1303 2164 1378 2239 sire
1399 2180 1444 2239 tu
1476 2190 1514 2241 es
1536 2166 1641 2241 simi-

224 2296 298 2387 lis,
316 2294 395 2370 sive
416 2292 474 2368 illi
495 2292 571 2382 tui,
590 2288 691 2364 nihil
712 2288 762 2363 ad
780 2286 955 2361 omnium
970 2284 1090 2360 scelus
1106 2312 1150 2358 ac
1172 2286 1385 2389 nequitiam
1404 2285 1496 2362 addi
1509 2304 1641 2391 potest.

224 2422 407 2507 Verum,
429 2432 476 2491 ut
499 2414 658 2518 opinor,
691 2410 853 2486 honores
881 2410 939 2483 tui
965 2423 1001 2483 te
1033 2407 1182 2482 faciunt
1214 2408 1447 2485 insolentem
1496 2412 1575 2500 Tu,
1602 2414 1641 2489 G

227 2542 402 2633 Salusti,
426 2538 615 2615 tantidem
636 2550 749 2640 putas
768 2560 843 2609 esse
863 2534 921 2607 bis
937 2547 1150 2609 senatorem
1169 2549 1208 2607 et
1225 2533 1283 2607 bis
1302 2528 1525 2635 quaterem
1540 2532 1641 2610 lieri.

228 2664 380 2769 quanti
409 2662 468 2739 bis
498 2660 737 2738 consularem
756 2672 802 2749 ,et
832 2655 890 2729 bis
911 2654 1214 2758 triumphalem?
1239 2659 1374 2733 Cerere
1397 2658 1509 2733 debet
1533 2659 1640 2735 omni

227 2791 356 2879 vitio,
378 2786 448 2890 qui
471 2786 514 2860 in
542 2783 706 2858 alterum
727 2794 884 2883 paratus
912 2794 967 2853 est
996 2778 1129 2854 dicere.
1179 2781 1215 2855 Is
1241 2779 1397 2855 demum
1419 2780 1638 2873 maledicit,

229 2914 309 3017 qui
331 2936 413 2987 non
431 2923 554 3013 potest
576 2931 710 2980 verum
735 2902 785 2978 ab
803 2902 922 2975 altero
941 2899 1083 2974 audire.
1133 2900 1205 2975 Sed
1232 2917 1274 2977 tu
1298 2904 1474 2978 omnium
1491 2930 1639 2981 mensa·

231 3063 329 3112 rum
350 3033 516 3121 adsecla,
543 3028 718 3103 omnium
738 3025 1007 3101 cubiculorum
1023 3024 1066 3097 in
1087 3040 1196 3099 aetate
1208 3025 1353 3128 pellex,
1370 3043 1407 3101 et
1424 3027 1526 3102 idem
1538 3044 1639 3133 post·

231 3184 281 3238 ea
307 3157 474 3247 adulter,
499 3152 623 3230 omnis
647 3149 798 3226 ordinis
816 3146 1016 3251 turpitudo
1035 3172 1072 3221 es
1101 3163 1139 3223 et
1169 3147 1288 3223 civilis
1322 3149 1414 3224 belli
1447 3150 1637 3227 memoria.

234 3282 348 3385 Quid
366 3281 471 3357 enim
486 3276 562 3353 hoc
577 3275 731 3381 gravius
749 3272 831 3378 pati
849 3272 1062 3374 potuimus,
1085 3296 1204 3375 quam
1221 3272 1326 3373 quod
1348 3288 1384 3348 te
1405 3272 1637 3350 incolumem

235 3411 281 3485 in
306 3406 382 3481 hoc
407 3402 542 3480 ordine
562 3399 759 3476 videmus?
789 3394 929 3471 Desine
952 3396 1073 3469 bonos
1103 3394 1404 3498 petulantissima
1429 3398 1637 3472 consectari

237 3534 372 3635 lingua
391 3562 399 3601 ε
424 3526 552 3602 desine
573 3522 706 3597 morbo
722 3517 961 3623 procacitatis
976 3518 1046 3591 isto
1063 3518 1122 3592 uti
1144 3552 1153 3591 ε
1178 3518 1305 3593 desine
1321 3544 1638 3622 unumquemque

238 3654 411 3731 moribus
433 3650 508 3725 tuis
535 3645 777 3723 existimare:
812 3640 873 3719 his
899 3641 1068 3716 moribus
1091 3641 1260 3717 amicum
1291 3642 1362 3717 tibi
1389 3644 1532 3719 efficere
1555 3669 1637 3719 non

239 3884 323 3943 decet
341 3878 393 3941 Ac.
414 3872 493 3934 Gud.
513 3871 631 3931 honeste
649 3866 711 3925 llas.
731 3863 780 3923 ills
798 3861 852 3922 tibi
868 3860 920 3922 Ac.
940 3861 1022 3921 Leid.
1036 3882 1110 3925 c.-
1131 3858 1204 3943 Cup.
1218 3864 1247 3924 8.
1268 3863 1309 3923 At
1324 3863 1454 3925 Malles
1472 3862 1535 3925 Bas.
1553 3864 1638 3925 sind-

240 3985 276 4048 lis
294 4005 324 4046 es
342 3984 405 4043 uas.
424 3996 526 4040 curere
546 3977 606 4035 inc.
631 3968 737 4033 ordine
752 3967 884 4028 videmus
902 3966 964 4027 Bu.
983 3966 1102 4029 laide,
1128 3986 1185 4029 csse
1205 3968 1259 4027 ubi
1274 3978 1302 4028 ct
1320 3967 1567 4047 omicurnsacrrc
1586 3968 1639 4033 Ac.

240 4103 314 4153 sm.
326 4096 436 4171 φατι
455 4080 534 4144 Gud.
553 4082 613 4142 inc.
630 4076 684 4135 tibi
699 4082 807 4154 efficere
824 4072 886 4133 Bas.
905 4068 1086 4138 auditorum
1106 4070 1158 4151 qui
1177 4072 1242 4150 (eos
1258 4074 1380 4152 omisso)
1401 4072 1463 4140 Bas.
1491 4092 1552 4137 non
1573 4093 1639 4155 quc

238 4194 382 4260 Musaue
399 4192 461 4256 ltu.
480 4186 533 4250 lc.
554 4185 614 4249 inc.
633 4174 840 4263 <ommim
859 4172 977 4258 laid-c.
1040 4166 1043 4173 ’
1200 4276 1228 4336 *
