4050 5009
1519 344 1588 425 153

164 500 165 511 ἵ
211 556 301 609 cere:
324 548 511 641 postremo
532 550 679 613 caveret
696 530 737 609 id
756 544 923 637 patarea
945 526 1092 635 populo
1106 528 1288 618 Romano,
1311 526 1417 632 quod
1435 525 1494 603 illi
1507 526 1591 603 iure

210 676 401 759 negaretur.
441 664 645 763 Postquam
669 656 751 731 haec
778 671 894 759 attpac
921 652 997 731 alia
1025 650 1118 726 talia
1147 650 1263 743 dixit,
1298 680 1423 755 neque
1442 652 1592 728 animun

207 779 305 855 Marii
322 782 488 858 flectitur
500 810 511 877 ;
536 781 749 889 respondit,
775 779 843 856 ubi
867 777 1038 885 primum
1061 776 1243 882 potuisset
1264 803 1333 881 per
1355 778 1504 883 negotia
1521 804 1595 882 pu·

207 902 312 997 bliea,
335 907 529 985 facturum
543 933 636 999 scae,
656 930 743 1009 quoe
759 918 911 1008 peteret.
950 904 1005 979 Ac
1026 916 1154 1006 postea
1174 901 1309 1005 saepius
1322 902 1453 979 eadem
1467 918 1596 1008 postu·

207 1026 294 1104 lauti
320 1031 443 1107 fertur
464 1032 618 1123 dixisse,
645 1057 694 1107 ne
719 1028 914 1105 festinaret
941 1027 1065 1121 abire3
1091 1026 1180 1103 eatis
1201 1025 1483 1111 matureillum
1507 1054 1598 1103 cum

208 1150 277 1228 silio
299 1180 365 1231 suo
385 1156 629 1233 consulatum
644 1154 864 1259 petiturum.
895 1136 995 1227 leco
1019 1168 1188 1256 tempore
1206 1151 1460 1227 contubernio
1480 1150 1600 1256 patria

207 1275 338 1355 ibidem
363 1280 572 1372 militabat,
597 1304 718 1354 annos
746 1292 859 1351 natue
882 1275 1032 1351 circiter
1060 1274 1214 1380 viginti;
1239 1302 1325 1378 quae
1349 1303 1407 1351 aco
1430 1276 1599 1351 Marium

208 1426 288 1477 cum
310 1428 381 1508 pro
402 1402 567 1494 honore,
600 1428 715 1505 quem
737 1399 976 1489 adfectabat,
1011 1416 1095 1474 tum
1119 1414 1252 1473 contra
1274 1400 1473 1476 Metellum
1490 1398 1602 1476 vehe-

207 1542 344 1603 menter
363 1528 596 1603 accenderat
623 1529 679 1600 lta
695 1523 879 1619 cupidine
895 1539 1011 1627 atque
1029 1522 1100 1614 ira,
1111 1524 1291 1627 partums
1311 1524 1602 1614 consultoribus,

209 1650 375 1753 grassari:
401 1678 528 1755 neque
549 1649 650 1726 facto
667 1648 749 1723 ullo
769 1674 894 1751 neque
914 1646 1017 1723 dicto
1032 1648 1247 1737 (abstinere,
1271 1649 1377 1751 quod
1395 1649 1510 1724 modo
1525 1675 1605 1723 am·

209 1771 379 1850 bitiooum
405 1774 525 1851 foret:
550 1773 709 1863 militen,
737 1772 879 1875 quibua
901 1770 944 1845 in
963 1768 1135 1847 hibernia
1154 1788 1332 1875 praeerat,
1364 1771 1507 1849 laxiore
1533 1772 1606 1848 im·

210 1896 304 1999 perio
335 1924 452 2001 quam
480 1914 592 1973 antea
619 1895 787 1973 habere:
825 1894 932 1998 apud
960 1895 1234 1999 negotiatores,
1268 1921 1435 1998 quorum
1466 1923 1605 2001 magua

210 2019 410 2096 multitudo
428 2020 548 2095 Uticae
574 2036 670 2108 erat,
695 2017 897 2093 criminose
922 2018 1099 2095 simulet
1124 2016 1324 2124 magnifice
1346 2019 1394 2094 de
1422 2019 1524 2096 bello
1550 2019 1607 2096 lo·

210 2144 294 2245 qui:
320 2143 480 2222 dimidia
498 2169 587 2247 pars
615 2142 800 2217 exercitus
824 2142 855 2217 ai
887 2142 958 2217 sibi
978 2142 1285 2247 permitteretur,
1309 2143 1439 2247 paucio
1471 2142 1606 2221 diebus

212 2267 431 2373 Iugurtham
444 2267 497 2340 ‘in
525 2266 668 2342 catenis
685 2265 937 2341 habiturum:
963 2266 1012 2341 ab
1037 2266 1265 2370 imperatore
1285 2243 1460 2341 consulto
1482 2264 1602 2358 trahi,

212 2391 309 2493 quod
324 2391 441 2467 bomo
457 2390 584 2490 inanis
605 2406 645 2465 et
660 2389 770 2495 regiae
789 2380 976 2494 superbiae
993 2388 1153 2494 imperio
1170 2388 1285 2463 nimio
1297 2390 1485 2493 gauderet
1511 2391 1609 2489 Quae

213 2516 334 2591 omnia
361 2514 437 2589 illis
465 2540 510 2589 eo
543 2512 711 2589 firmiora
736 2512 986 2603 videbantur,
1021 2512 1128 2614 quod
1154 2511 1409 2589 diummitate
1431 2514 1525 2590 belli
1552 2540 1612 2592 ree

210 2636 402 2717 familiaris
425 2653 694 2741 corruperant,
718 2652 757 2710 et
786 2635 916 2711 animo
947 2634 1120 2740 cupienti
1154 2635 1256 2712 nihil
1283 2638 1372 2713 catis
1397 2638 1609 2716 festinatur.

210 2764 297 2841 Erat
316 2778 497 2871 praeterea
518 2761 561 2837 in
582 2760 749 2837 exercitu
768 2776 898 2835 nostro
927 2760 1095 2835 Numida
1120 2760 1296 2863 quidam,
1322 2764 1480 2841 nomine
1502 2759 1608 2840 Gau·
1618 2780 1658 2843 65

211 2944 449 3007 comolatwnvel
466 2916 635 3003 aemulatae
651 2939 771 3023 petendi
789 2938 877 3000 lead.
906 2938 1008 3001 incert.
1028 2940 1098 3002 lico.
1119 2941 1258 3008 Guelfmi
1274 2945 1303 3016 4.
1317 2945 1346 3005 6
1338 2968 1385 3027 ..7
1396 2967 1425 3027 9.
1418 2968 1486 3006 ..ιο
1504 2966 1550 3005 ιι.
1565 2966 1611 3007 ιι.

212 3046 409 3131 [άὼάωςίι
422 3046 450 3106 Ιι.
461 3067 504 3106 ιιι.
519 3066 550 3107 ιι.
582 3044 684 3117 Batai.
704 3046 802 3105 Turic.
830 3044 953 3111 Berua.
966 3045 996 3107 3.
1017 3045 1271 3127 miroriprimnm
1292 3049 1394 3110 eiuac
1427 3050 1568 3111 Gueltr.
1584 3070 1613 3112 a.

213 3154 297 3215 lead.
316 3155 385 3217 vin.
405 3152 503 3211 Sonat.
519 3172 544 3214 ι.
566 3150 665 3211 inc-n
684 3151 806 3210 Rama.
826 3149 930 3211 Franc.
954 3151 1075 3212 Vtatur
1095 3151 1176 3216 Leid.
1186 3174 1214 3233 g.
1206 3174 1267 3212 .ιιι.
1277 3174 1309 3212 ιι.
1337 3146 1436 3214 N‘azar.
1465 3153 1625 3231 (Σοιιιιιιει.

215 3260 330 3321 Palatin.
344 3279 371 3319 a.
393 3267 448 3317 tres
463 3255 576 3318 wanti.
597 3254 657 3313 Erl.
678 3274 735 3313 neu
752 3262 823 3313 tom
814 3274 884 3334 pr.
910 3254 972 3314 llas.
992 3276 1019 3315 1.
1040 3274 1098 3315 neu
1114 3264 1176 3315 tom
1189 3276 1279 3335 capro
1297 3257 1397 3317 Banu
1417 3278 1506 3338 artpro
1525 3262 1613 3321 etiam

96 3356 99 3361 ’
214 3362 312 3425 Franc.
332 3360 505 3423 Loid.b.m.
527 3370 641 3419 cavaret
652 3359 685 3418 id
693 3366 801 3437 peteret
822 3358 891 3418 Tur.
914 3378 951 3427 nc
965 3370 1016 3419 ant
1031 3359 1064 3417 id
1084 3362 1361 3443 m.sec.adsoripait.
1381 3372 1468 3441 etque
1483 3363 1544 3423 alio
1563 3366 1616 3425 ao·-

214 3470 256 3527 cit
274 3470 342 3529 Vm.
355 3489 380 3527 ι.
401 3466 486 3529 uem.
503 3486 527 3524 ι.
547 3464 626 3526 Vrat.
637 3484 665 3523 ι.
686 3473 772 3541 atque
785 3464 858 3523 talio
878 3464 945 3525 Ecc.
967 3484 1040 3523 nom
1055 3464 1125 3523 ineo
1139 3474 1267 3543 tempore
1286 3466 1337 3526 dc.
1358 3468 1452 3532 Strui.
1473 3470 1575 3530 incert.
1587 3466 1631 3535 a(

215 3574 294 3634 llam.
311 3595 335 3633 ι.
358 3572 456 3631 Guell.
468 3570 496 3629 3.
516 3570 598 3629 Leid.
609 3568 675 3633 b.c.
686 3590 728 3633 ιιι.
738 3590 769 3627 ιι.
790 3589 866 3627 nnuc
884 3568 1008 3647 Popmc.
1030 3569 1063 3625 in
1079 3570 1268 3631 contubernio
1288 3574 1375 3650 pauci
1389 3572 1474 3645 libri3
1494 3576 1534 3635 iu
1549 3588 1617 3638 ante

215 3677 329 3739 bivium
343 3677 467 3737 editum.
492 3674 550 3733 nrt.
572 3692 637 3732 cum
648 3693 704 3752 pro
716 3672 745 3731 h.
766 3692 905 3731 cumom.
924 3672 1008 3732 Fabr.
1030 3675 1090 3735 Pal.
1102 3672 1130 3729 8.
1151 3672 1247 3739 Gucll.
1261 3674 1289 3733 ὅ.
1311 3686 1373 3735 tum
1394 3676 1540 3740 Commel.
1562 3682 1618 3741 Pa-

216 3786 263 3843 ut.
274 3784 302 3844 Ξ.
325 3782 385 3842 Erl.
406 3780 491 3863 Bern.
506 3800 530 3837 ι.
552 3797 590 3837 oc
607 3778 761 3855 mognffice
781 3776 857 3839 nivii
869 3777 947 3835 libri.
975 3776 1001 3837 ai
1015 3777 1071 3837 eibi
1082 3777 1307 3858 permitteretur.
1327 3779 1402 3841 siin
1417 3784 1637 3864 paucie.libria''

217 3889 312 3951 locum
329 3882 440 3960 mutat,
462 3886 495 3941 in
511 3885 624 3963 aliquot
637 3881 813 3940 editionibus
835 3891 863 3940 et
880 3880 961 3939 naid.
976 3902 1017 3947 m.
1038 3883 1192 3942 omittitur.
1211 3883 1524 3948 arcisiniorum
1545 3889 1630 3951 Gla·⁴

219 3997 308 4068 teani,
326 3992 388 4053 duo
401 3991 515 4053 Waaeii.
535 3988 632 4047 Turic.
655 3986 785 4045 consulto
803 3982 893 4043 trabi.
911 3984 1017 4043 bellum
1040 3984 1284 4048 addimtteadss
1275 4008 1335 4052 mc.
1363 3988 1499 4053 Senatu.
1518 3994 1626 4056 llcuca.

219 4096 299 4159 Rem
323 4120 350 4157 1
379 4097 483 4157 Frena.
503 4096 570 4158 Eoo.
593 4091 738 4162 Gueliid.
739 4112 786 4187 9.
808 4110 853 4147 ιο.
878 4108 923 4146 ιι.
944 4088 1242 4173 Ieid.d....egkm
1263 4091 1323 4151 Erl.
1350 4093 1457 4167 Baeti.
1486 4097 1620 4167 Berua
1733 4096 1742 4103 ⁹

221 4210 390 4287 corruperat
410 4204 451 4261 ita
465 4200 566 4261 Carrio
581 4182 709 4256 etMark.
720 4208 750 4261 r.
765 4206 800 4259 Λ
812 4195 888 4253 inter
905 4193 1004 4253 linem
1025 4193 1097 4254 Ball.
1117 4194 1202 4254 Bodt.

1177 4349 1225 4398 20
