4050 5009
1529 434 1596 531 rib

211 609 410 714 compositis
426 612 561 703 rebus,
583 612 625 689 in
646 612 729 689 loca
749 637 868 717 quam
891 636 1070 691 munnae
1090 612 1240 691 occulta
1258 612 1419 693 discedit
1438 640 1489 689 ac
1510 632 1598 719 post

207 731 327 833 paullo
357 736 569 841 cognoscit,
593 736 762 812 Marium
791 764 837 813 ex
867 736 1004 813 itinere
1035 737 1314 817 frumentatum
1339 764 1434 815 oum
1464 740 1597 843 paucis

206 852 411 935 cohortibus
428 860 574 937 Siccam
597 862 752 937 missum
768 894 775 935 :
800 861 907 966 qnod
924 860 1114 967 oppidum
1130 862 1302 967 pn'mum
1318 862 1494 939 omnium
1508 877 1596 967 post

204 979 332 1057 molam
353 1009 524 1089 pugnam
556 984 606 1059 ab
634 1010 719 1091 rege
751 982 947 1061 defecerat.
1001 986 1058 1061 Eo
1093 1012 1184 1061 curn
1220 984 1375 1063 delectis
1398 986 1593 1089 equitibus

203 1118 310 1179 noctu
333 1108 456 1211 pergit
474 1106 609 1183 etiam
628 1106 906 1213 egredientibus
928 1108 1108 1184 Romanis
1135 1108 1179 1183 in
1205 1124 1317 1213 porta
1340 1134 1512 1217 pugnam
1534 1108 1593 1185 fa·

202 1225 274 1301 cit:
298 1229 411 1305 simul
433 1258 571 1338 magna
591 1256 681 1308 roce
713 1232 899 1309 Siccenses
918 1230 1122 1323 hortetur,
1139 1232 1200 1309 uti
1226 1231 1399 1309 cobortes
1420 1232 1470 1307 ab
1487 1250 1592 1339 tergo

200 1348 517 1431 circumveniant:
541 1354 739 1433 fortunam
761 1354 838 1431 illis
863 1356 1040 1460 praeclari
1063 1355 1245 1431 facinoris
1270 1382 1400 1431 casum
1422 1356 1532 1451 dare3
1557 1357 1591 1433 si
1684 1434 1689 1442 ,

200 1471 235 1547 id
249 1474 418 1571 fecerint,
430 1494 557 1583 postea
574 1505 650 1556 sese
667 1480 710 1556 in
722 1506 853 1585 regno,
871 1480 957 1555 illos
976 1480 1019 1556 in
1034 1480 1209 1555 libertate
1221 1478 1304 1555 aine
1318 1494 1424 1556 metu
1439 1496 1589 1557 oetatem

198 1614 342 1677 acturos.
391 1606 446 1679 Ac
466 1605 508 1679 ni
528 1605 674 1680 Marius
692 1604 797 1709 signa
817 1603 959 1681 inferre
981 1620 1097 1706 atque
1114 1601 1271 1679 crudete
1286 1602 1429 1708 oppido
1454 1630 1591 1709 prope

197 1722 356 1818 ravisset,
383 1728 553 1832 proiecto
577 1729 706 1805 cuncti
738 1744 807 1803 aut
836 1754 975 1833 magna
1004 1752 1094 1833 pars
1114 1726 1346 1803 Siccensium
1367 1726 1481 1802 fidem
1502 1756 1588 1805 mu·

198 1848 382 1945 tavissent3
403 1868 508 1927 tanta
528 1852 742 1930 mobilitate
755 1876 831 1927 sese
846 1850 1024 1927 Numidae
1047 1864 1175 1957 agunt.
1208 1850 1281 1926 Sed
1298 1850 1437 1927 milites
1452 1854 1588 1957 Iugur-

198 1966 288 2045 thini
311 1974 521 2079 paullisper
549 1976 599 2051 ab
636 2002 722 2083 rege
748 1975 966 2065 sustentati,
993 1990 1197 2080 postquam
1216 1973 1359 2049 maiore
1383 1974 1423 2051 ri
1461 1970 1586 2051 hostes

197 2113 366 2199 urguent,
386 2098 517 2202 paucis
540 2098 701 2191 amissis,
727 2098 881 2205 prologi
916 2097 1127 2174 discedunt.
1174 2098 1320 2173 Marius
1351 2096 1401 2173 ad
1426 2098 1585 2173 Zamam
1595 2100 1631 2185 57

196 2220 355 2321 pervenit
366 2253 377 2314 ;
398 2220 435 2295 id
457 2222 645 2327 oppidum
668 2222 710 2299 in
734 2248 870 2328 campo
892 2222 1037 2314 situm,
1061 2220 1179 2327 magis
1200 2247 1313 2325 opere
1332 2248 1450 2325 quam
1470 2238 1585 2300 natu·

197 2366 232 2414 ra
251 2345 443 2421 munitum
454 2361 542 2421 'erat
560 2378 569 2421 ε
589 2345 736 2422 nullius
753 2408 755 2413 .
771 2346 918 2421 idoneae
946 2344 1000 2421 mi
1021 2370 1149 2451 egens,
1168 2346 1283 2421 armis
1299 2346 1466 2451 virisque
1488 2374 1584 2452 opu·

196 2460 341 2543 lentum
391 2470 513 2577 Igitur
539 2468 737 2561 Metellus,
761 2496 833 2576 pro
849 2486 1019 2574 tempore
1043 2484 1160 2572 atque
1175 2468 1261 2545 loco
1284 2472 1427 2573 paratis
1449 2472 1583 2565 rebus,

197 2606 322 2698 tuncta
346 2593 490 2669 moenia
512 2594 681 2669 exercitu
695 2592 964 2683 circumvenit,
987 2592 1119 2695 legatis
1136 2592 1314 2696 imperat,
1334 2594 1403 2669 ubi
1420 2594 1581 2699 quisque

178 2730 334 2821 ¹curaret
352 2750 360 2792 :
381 2716 519 2809 deinde
534 2716 642 2822 signo
663 2716 753 2793 dato
775 2714 950 2819 undique
968 2714 1083 2791 simul
1106 2714 1252 2792 clamor
1277 2717 1409 2822 ingens
1433 2719 1581 2815 oritur3
1649 2820 1654 2828 ἢ

195 2826 307 2947 neque
338 2867 381 2916 ea
411 2866 468 2916 res
491 2842 675 2917 Numidas
703 2855 834 2935 tenut3
870 2838 1009 2915 infensi
1049 2838 1266 2943 intentique
1293 2843 1376 2917 sine
1406 2844 1580 2920 tumultu

193 2980 366 3040 manent:
391 2964 569 3070 praelium
591 2965 786 3071 incipitur.
833 2962 1013 3053 ll'omani,
1031 2989 1104 3067 pro
1123 2960 1276 3069 ingenio
1293 2966 1475 3068 quisque,
1490 2994 1580 3071 para
1677 2946 1693 2972 ⁸

192 3086 329 3165 eminus
348 3090 486 3193 glande
501 3106 570 3165 aut
597 3090 790 3195 lapidibus
818 3112 1011 3193 pugnare5
1034 3085 1102 3161 alii
1120 3088 1319 3165 succedere
1342 3116 1389 3166 ac
1420 3118 1579 3176 murum

191 3210 295 3290 modo
318 3212 535 3311 subfodere,
557 3213 671 3292 modo
691 3214 800 3291 scolis
822 3210 1006 3315 adgredi:
1031 3236 1171 3316 cupere
1193 3212 1371 3317 praelium
1391 3212 1434 3289 in
1453 3215 1578 3291 mani-

193 3427 216 3475 a.
234 3410 328 3474 liena.
346 3412 444 3481 Guell.
457 3436 484 3477 a.
499 3414 529 3477 3.
544 3435 589 3476 ιι.
609 3414 687 3477 Ririi
698 3412 777 3488 libri,
796 3410 859 3477 Bas.
872 3432 897 3473 ι.
917 3410 1003 3473 Bern.
1019 3430 1045 3471 1.
1059 3408 1091 3472 ὅ.
1106 3412 1208 3493 paullo
1219 3422 1285 3493 post
1304 3413 1401 3473 ceteri.
1412 3413 1577 3489 sortutmm

190 3512 240 3577 iltis
255 3540 339 3600 prun.
360 3541 421 3588 om.
441 3522 537 3587 Senot
552 3542 578 3581 ι.
599 3520 645 3581 illi
670 3520 767 3580 Gucll'.
778 3539 808 3599 9.
829 3517 894 3579 tuos
919 3515 1121 3600 Fabuet‘l'eg.
1143 3536 1241 3599 nupt.
1270 3515 1578 3595 Nuugeruutdete·

190 3620 248 3685 rior.
260 3624 355 3686 Codd.
374 3626 525 3687 sedetiam
549 3624 648 3691 Bor.
670 3624 755 3685 Bern.
768 3628 796 3689 3.
837 3631 931 3703 agunt
949 3622 1020 3689 Vin.
1033 3643 1060 3681 ι.
1080 3622 1165 3685 Febr.
1185 3622 1282 3687 Gueli.
1295 3640 1320 3680 ι.
1339 3620 1408 3687 Nat,
1428 3619 1576 3699 Commel

190 3728 283 3811 reliqui
292 3732 469 3796 vetustiores.
488 3732 526 3790 ob
542 3750 609 3813 rego
627 3751 688 3791 om.
700 3728 797 3791 Gueli.
807 3726 836 3801 l.
858 3726 934 3788 Cod.
948 3726 1106 3809 Bongtroi.
1119 3727 1254 3809 'Polatp
1270 3726 1575 3794 mbsumotibern.1.

189 3844 312 3911 uguou.
329 3838 389 3898 inc.
401 3856 431 3897 a.
451 3836 586 3896 Cusibi.

242 3960 311 4047 Cup.
322 3967 372 4049 57.
392 3966 538 4027 mumdum
550 3974 626 4027 erat.
644 3972 708 4025 erat
722 3984 783 4025 om.
794 3962 880 4024 Bam.
895 3960 957 4023 ud.
970 3962 1040 4026 Vm.
1052 3980 1082 4021 a.
1097 3960 1213 4021 elamor
1221 3959 1356 4021 exoritur·
1372 3959 1460 4023 Febr.
1478 3961 1574 4027 inor.

190 4062 296 4131 laida.
314 4070 393 4156 Teg.'
404 4074 528 4134 madere
540 4070 602 4146 olii,
620 4068 675 4130 olii
687 4070 839 4131 succedas
858 4070 898 4127 ita
909 4068 1023 4149 aliquot
1039 4065 1120 4128 leid.
1136 4078 1167 4127 et
1178 4067 1246 4126 Nae.
1265 4067 1315 4126 sed
1331 4066 1437 4128 ordine
1450 4078 1574 4129 mumto.

191 4170 225 4231 ih
232 4172 327 4238 Carrio
337 4166 439 4239 edidii.
459 4178 525 4238 Seu.
539 4198 565 4238 t.
579 4198 619 4235 m.
629 4196 684 4236 sac.
697 4173 828 4247 addidit,
845 4182 948 4234 contra
956 4169 1043 4232 Febr.
1056 4194 1092 4233 ι.·
1104 4193 1145 4231 m.
1154 4192 1201 4253 pr.
1221 4170 1277 4231 olii
1288 4173 1573 4235 wodaeveltucoo-

191 4276 251 4342 dau
264 4284 306 4347 oti
315 4306 434 4347 murum
446 4284 602 4347 ascenden
608 4322 620 4355 ,
633 4281 677 4345 val
689 4298 807 4341 mutum
823 4288 878 4341 etc.
896 4279 939 4339 ita
957 4276 1029 4361 Τις.
1048 4288 1079 4339 et
1096 4276 1167 4337 Tur.
1189 4277 1344 4355 adsedere
1363 4278 1449 4339 Febr.
1459 4300 1488 4339 ι.
1508 4278 1570 4343 liat.

1177 4430 1223 4503 ¹9
