4050 5009
1443 370 1513 463 237

123 532 191 611 ‹lro
212 542 303 647 regi,
328 544 427 623 facta
447 549 697 653 consultaque
716 551 796 627 eius
821 550 977 653 quidem
996 550 1156 627 aemulus
1175 564 1264 627 erat.
1281 593 1332 610 -
1358 552 1414 625 33.
1431 546 1516 621 Du·

122 658 208 735 bins
222 668 380 743 consilii
408 718 456 733 —-
494 680 549 767 54.
576 676 662 749 Post
680 674 1029 775 meditamentum,
1067 674 1207 777 quibus
1239 687 1389 746 senatus
1417 666 1514 744 belli
1534 720 1537 727 ·

119 784 301 888 Lepidani
324 792 485 896 gratiam
500 794 715 871 lecerat—
740 797 796 873 35.
823 798 938 895 Quod
958 798 1026 873 uhi
1043 798 1184 872 frustra
1208 810 1435 899 temptatum
1452 806 1533 882 est,·

118 912 307 988 socordius
326 914 382 989 ite
396 917 533 992 milites
549 946 763 1023 occoepere‚
788 948 869 995 non
891 920 989 1025 aptis
1010 921 1140 1009 armis,
1165 936 1210 995 ut
1240 920 1281 993 in
1308 900 1532 1020 principio..

118 1047 155 1104 et
172 1034 315 1112 laxiore
335 1040 493 1142 agmine.
515 1038 576 1104 -’
594 1046 650 1117 36.
676 1046 801 1145 Atque
821 1070 910 1119 eum
935 1046 1051 1119 Curio
1075 1044 1275 1118 laudatum
1300 1066 1518 1115 accensum-

118 1181 193 1257 que
205 1161 451 1262 praemiorum
465 1190 553 1267 spe,
573 1166 805 1267 quibuscum
825 1168 1040 1271 optavisset,
1067 1168 1121 1242 ire
1145 1166 1259 1241 iubet.
1283 1212 1334 1229 -
1363 1168 1418 1260 57.
1445 1163 1519 1236 Eo·

118 1277 204 1353 <lem
226 1298 395 1387 tempore
417 1286 602 1362 lentulus
622 1287 769 1393 duplici
798 1291 878 1365 acie
899 1289 1028 1365 locum
1052 1290 1198 1365 editum
1218 1286 1344 1363 multo
1367 1284 1519 1389 sangui-

119 1428 166 1476 ne
185 1430 344 1482 suornm
365 1408 588 1501 defendens,
606 1429 809 1515 postquam
828 1437 874 1487 ex
889 1413 1046 1487 sarcinis
1069 1411 1358 1516 paludamenta,
1378 1406 1520 1481 hastati

120 1542 155 1598 ct
170 1527 326 1605 delectae
340 1530 511 1609 cohortes
534 1534 701 1639 intellegi
727 1562 883 1639 coepere.
907 1579 958 1593 -
983 1540 1040 1609 38.
1056 1535 1151 1609 Fine
1170 1533 1375 1639 inguinum
1396 1530 1529 1635 ingre·

119 1649 280 1727 diuntnr
296 1681 409 1730 mare.
420 1702 470 1721 -
496 1662 552 1753 39.
573 1658 624 1731 Μ
644 1658 833 1735 Antonius
847 1658 1057 1764 perdundae
1076 1658 1248 1763 pecuniae
1268 1654 1433 1760 genitus,
1455 1680 1520 1729 va-

120 1798 288 1879 cuusque
303 1804 326 1852 a
339 1778 459 1868 curis,
485 1780 558 1855 nisi
580 1781 817 1857 instantibus.
831 1830 881 1845 -
903 1785 962 1859 lo.
975 1782 1106 1857 Muros
1126 1796 1386 1857 successerant
1399 1827 1447 1840 -
1460 1785 1525 1870 41..

38 1947 39 1954 κ
121 1896 290 2003 Saxaque
309 1899 478 2007 ingentia
498 1918 537 1977 et
557 1931 626 1979 axe
644 1905 782 1980 vinctae
803 1906 925 2001 trabes
952 1931 1020 2009 per
1042 1931 1210 2008 pronum
1234 1900 1501 1977 incitabantur
1509 1956 1526 1989 ,,

121 2023 329 2129 axibusque
347 2025 569 2123 eminebant
587 2028 630 2103 in
650 2027 812 2101 modum
834 2026 940 2101 ericii
960 2026 1136 2103 militaris
1152 2042 1284 2101 veruta
1303 2024 1441 2097 binum
1456 2049 1520 2125 pe-

122 2142 221 2223 dum
248 2146 299 2214 ὲ-
330 2156 389 2243 43.
416 2150 620 2225 Octavium
643 2151 776 2225 mitem
800 2166 836 2224 et
862 2165 1019 2253 captum
1039 2148 1209 2253 pedibus.
1232 2192 1282 2209 -
1315 2152 1373 2239 45.
1399 2145 1521 2249 Igitur

38 2287 39 2292 ’
124 2268 365 2364 discubuere,
388 2273 573 2347 Sertorius
595 2272 755 2347 inferior
775 2272 815 2346 in
838 2272 982 2363 medio,
1006 2297 1227 2375 supereum
1244 2272 1285 2344 1.
1299 2270 1439 2343 Fabius
1451 2266 1520 2341 Hi-

124 2395 344 2494 spaniensis,
366 2411 518 2471 senator
547 2423 593 2471 ex
617 2394 863 2499 proscriptis3
896 2396 936 2470 in
957 2420 1106 2469 summo
1133 2394 1322 2471 Antonius
1353 2408 1391 2467 et
1418 2389 1522 2464 infra>

123 2518 242 2592 scriba
263 2518 418 2592 Sertorii
441 2518 612 2606 versiae
646 2533 684 2592 et
708 2517 805 2592 alter
829 2517 951 2591 scriba
976 2519 1161 2593 Maecenas
1185 2520 1226 2592 in
1252 2518 1348 2607 imo,
1374 2514 1526 2589 medius·

126 2635 222 2715 inter
238 2640 484 2741 Tarquitium
502 2658 541 2717 et
562 2640 764 2717 dominum
786 2644 1032 2744 Perpennam.
1044 2682 1093 2697 -
1118 2648 1176 2735 44.
1202 2639 1380 2738 Quarum
1400 2664 1522 2712 unam

126 2763 320 2863 epistolam
335 2763 433 2839 forte
449 2790 538 2839 cum
558 2791 662 2839 servo
683 2764 786 2837 nacti
807 2763 1034 2867 predatores
1047 2763 1244 2839 Valeriani
1266 2760 1520 2864 scorpionein

127 2902 243 2962 castra
265 2887 406 2961 misere.
431 2930 482 2943 -
505 2886 564 2980 45.
589 2888 690 2963 Dein
720 2885 837 2964 lenita
860 2887 938 2962 iam
958 2887 1016 2961 ira
1046 2901 1194 2990 postero
1216 2884 1278 2960 die
1300 2883 1527 2959 liberalibus·

127 3010 244 3084 verbis
258 3006 460 3114 permulcti
476 3028 575 3085 sunt.
974 2995 976 2998 ⁵
1503 3020 1507 3027 '

129 3189 887 3292 amrelmo'aeoepmunsmmsnavn-
901 3207 998 3269 sesa.
1010 3207 1128 3283 assi„
1139 3204 1193 3268 sea
1204 3205 1283 3289 apua
1295 3202 1526 3265 cononum.-

129 3314 283 3399 tttmcupio
297 3314 468 3386 tautum,
479 3334 632 3375 oeoenutm
639 3353 650 3385 ,
661 3314 921 3395 quaproemiomm
930 3334 1005 3394 spes:
1019 3312 1154 3373 aliliuvet
1165 3311 1273 3392 :capio
1281 3312 1404 3391 aliquot,
1420 3306 1521 3393 omnia

131 3420 281 3493 postme—
292 3419 342 3501 37.
350 3420 392 3482 id.
410 3418 460 3492 13,
477 3439 525 3491 1¹3
549 3440 604 3498 pro
615 3419 743 3489 adelart,
755 3417 835 3498 qnod
845 3414 933 3499 vulgo
944 3419 1065 3498 legitur,
1074 3428 1155 3480 vetus
1170 3414 1260 3478 codex
1271 3412 1393 3486 obstari}
1404 3406 1527 3472 utruni-

131 3540 183 3599 que
195 3534 342 3604 corrupte.
363 3523 474 3583 hastati
489 3524 526 3583 V.
540 3522 578 3587 D.
589 3521 834 3583 emendarunt.-
855 3523 904 3585 ³8.
925 3521 960 3582 C.
972 3518 1021 3580 Fr.
1032 3524 1092 3597 fin.
1107 3518 1232 3602 Philerg.
1247 3518 1286 3579 sd
1304 3518 1411 3599 Georg.
1425 3514 1442 3577 3
1449 3555 1461 3588 ,
1475 3512 1523 3575 53.

133 3656 171 3671 -
190 3632 237 3709 39.
255 3623 414 3708 perdenda
425 3647 558 3709 pecuina
574 3625 690 3707 genitus
709 3626 744 3686 C.
760 3630 803 3687 Fr.
823 3644 891 3706 gen.
904 3636 997 3687 cetera
1016 3644 1050 3685 cx
1068 3624 1193 3685 Asconio
1203 3646 1218 3699 3·
1235 3624 1287 3704 qni
1303 3624 1333 3682 in
1350 3621 1404 3685 ΠΙ,
1422 3630 1528 3682 contm

133 3726 207 3791 lerr.
219 3733 302 3793 Orat.
318 3755 385 3815 pag.
398 3732 468 3815 576.
479 3733 556 3793 Edit.
566 3731 633 3797 ud.
646 3729 733 3790 1563.
743 3731 783 3789 ita
796 3754 804 3787 ι
823 3768 839 3799 ,
849 3739 1003 3811 postquam
1017 3728 1058 3787 M.
1071 3728 1191 3787 Antonii
1205 3728 1354 3787 infinitum
1373 3724 1449 3784 illud
1464 3726 1525 3784 im·

134 3836 242 3913 perium
252 3847 398 3897 sensorant
412 3842 441 3897 st
451 3857 538 3917 quem
551 3835 690 3895 Salustius
704 3834 746 3893 ait
755 3834 919 3912 peranda
935 3832 1067 3913 pecunie
1079 3831 1211 3910 gemtum
1227 3840 1256 3891 at
1270 3828 1396 3891 vacuum
1410 3849 1432 3889 a
1447 3826 1525 3889 curis

136 3938 190 3997 ηὑί
204 3940 414 4002 ἰηααπὲἰὺω.”
431 3973 474 3990 -
493 3941 544 4013 do.
562 3939 654 4000 ultr.
673 3958 734 3999 ute.
754 3938 831 3998 Serv.
854 3937 892 3997 ed
911 3938 1012 4019 Fclog.
1026 3938 1059 4009 5,
1075 3937 1102 3995 5.
1123 3968 1165 3983 -
1185 3934 1234 4004 4ι.
1255 3932 1332 3993 Non.
1352 3934 1403 4005 18,
1421 3932 1467 3993 16.
1492 3932 1525 3991 itt
1570 3920 1574 3927 ⁵

138 4046 305 4107 mod-mit.
324 4046 403 4107 Scir.
414 4044 484 4105 Aen.
494 4066 513 4125 9
520 4086 530 4119 ‚
543 4044 663 4104 505.-
682 4042 731 4113 da.
742 4039 777 4102 C.
789 4040 837 4100 Fr.
851 4062 874 4100 s.
885 4064 913 4103 v.
934 4050 1011 4120 capt.
1024 4076 1067 4091 -
1086 4038 1136 4110 db.
1156 4038 1233 4100 Serv·
1245 4034 1316 4098 len.
1333 4058 1343 4096 ι
1355 4037 1435 4117 ,698
1443 4060 1453 4110 3
1474 4034 1527 4110 sed

139 4147 169 4207 in
181 4151 348 4213 nominibus
357 4150 515 4212 scn‘bendis
531 4151 656 4209 maxima
667 4150 804 4219 ranetam
825 4144 1020 4225 Tarquitum
1030 4143 1172 4227 plurimis
1197 4142 1343 4222 Pupcrrsc
1352 4144 1525 4222 aliquot.-

143 4254 271 4326 tttton.
284 4257 303 4318 8
309 4296 319 4333 ,
332 4278 361 4339 7.
380 4288 423 4306 -
441 4256 496 4329 45.
513 4255 597 4315 Prisc.
611 4274 647 4335 9,
659 4272 678 4335 9
686 4293 697 4328 ,
709 4250 783 4327 466.
799 4249 862 4313 lusc
875 4255 964 4335 vulgo
976 4252 1012 4313 in
1023 4249 1133 4311 librum
1149 4257 1286 4332 quartum
1299 4246 1529 4309 transferuntur.-
