4050 5009
1587 388 1632 461 31

223 620 258 660 ex
274 598 361 659 Latio
372 615 399 657 2.
410 628 427 642 -
443 614 511 659 roo.
530 624 548 642 ·
567 592 683 666 lotum,
704 606 769 669 qne
785 587 956 669 imper-net
970 584 998 647 5.
1018 618 1036 633 ·
1059 604 1126 647 roa.
1141 576 1162 634 -'
1176 585 1257 648 unde
1270 586 1379 647 Marius
1395 582 1573 669 tegetum
1590 604 1639 647 ex-

223 699 342 779 pulerat
360 692 389 755 5.
409 726 426 741 ·
449 712 516 754 tro.
534 722 553 738 ·
570 690 685 750 nullius
700 684 819 768 indigus
834 704 862 744 2.
882 718 898 731 -
921 702 988 743 rra.
1006 716 1023 729 -
1043 682 1076 741 in
1091 694 1266 767 pomulam
1283 682 1433 744 habuisset
1445 704 1475 745 2.

402 937 450 1035 ο.)
499 932 571 1008 nn
595 930 855 1007 conruens
879 928 1222 1005 nnuornucrs
1244 927 1475 1003 coruom.

324 1112 372 1183 ln
397 1105 631 1182 bibliotheca
662 1104 818 1210 publiea
852 1102 943 1202 (seu
962 1104 1168 1189 Minervae)
1194 1118 1361 1205 quatuor
1395 1098 1549 1176 Codices
1576 1101 1640 1175 Sa·

226 1218 331 1300 lustii
350 1224 499 1313 inveni,
522 1250 691 1327 quorum
711 1220 814 1296 duos*
827 1222 1042 1299 accuratius
1064 1217 1295 1309 examinavi,
1319 1216 1388 1323 qui
1409 1214 1506 1292 mihi
1523 1244 1545 1294 e
1565 1245 1641 1295 nu·

225 1369 332 1420 mero
360 1340 565 1417 meliorum
584 1365 659 1415 esse
678 1337 918 1414 videbantur.

227 1506 368 1587 Codl
394 1504 463 1604 (H.
479 1531 525 1580 vr.
546 1506 603 1605 7.)
629 1503 794 1597 octonis3
817 1502 989 1609 primum
1007 1500 1147 1577 folium
1169 1500 1329 1606 picturis
1354 1516 1544 1577 ornatum.
1576 1500 1640 1576 Li·

374 1622 445 1699 ber
467 1620 658 1725 eleganter
680 1620 863 1724 seriptum
888 1619 1022 1695 insunt
1043 1618 1221 1707 Catilina,
1244 1614 1435 1723 Jugurtha
1455 1632 1493 1692 et
1514 1618 1643 1692 Invec-

380 1738 492 1831 tirae3
531 1737 574 1812 in
597 1736 674 1812 fine
692 1735 893 1841 Jugurtbae
913 1734 997 1811 haec
1026 1735 1236 1840 leguntur:
1269 1735 1391 1839 Crispi
1418 1734 1571 1809 Salustii
1597 1733 1645 1811 de

377 1854 481 1930 bello
511 1852 748 1956 Jugurthino
785 1853 883 1927 liber
906 1850 1063 1954 explicit
1095 1849 1273 1925 foeliciter
1297 1850 1359 1925 die
1388 1851 1521 1925 Martis
1546 1849 1645 1926 hora

380 1997 465 2045 nu
501 1970 743 2046 MCCCCLV.
768 1996 844 2045 xxn
860 1968 1046 2045 Octobris.
1094 1964 1380 2073 Ortho'graphia
1413 1968 1575 2070 antiqua
1603 1968 1647 2045 in

382 2086 583 2163 nonnullis
604 2088 759 2162 vocibus
782 2092 947 2184 serrata'3
970 2112 1186 2173 mammem,
1208 2084 1524 2195 adulescenmlur,
1539 2112 1649 2189 quom

377 2204 514 2308 sapius
543 2204 742 2319 seriptum.

314 2366 406 2429 cuit
425 2390 451 2429 e.
464 2390 488 2428 ι.
508 2368 690 2429 obedientia
702 2370 798 2431 ventri
819 2404 835 2417 ·
854 2390 930 2451 opus
945 2379 988 2429 est
1010 2372 1088 2432 sacto
1108 2404 1125 2419 -
1143 2369 1381 2451 auxilioindeget
1397 2389 1423 2429 2.
1444 2370 1582 2429 transiere
1593 2372 1650 2429 -is

228 2464 359 2527 demum
395 2466 491 2528 rivere
518 2467 546 2525 6.
568 2466 708 2549 augendae
728 2466 899 2548 reipublice
925 2468 1081 2529 inventum
1108 2469 1203 2529 suerat
1251 2488 1296 2527 12.
1320 2469 1458 2548 cognoris
1502 2488 1548 2548 ¹9·
1574 2466 1651 2528 boni

227 2584 323 2646 qnam
342 2566 442 2645 plures
458 2562 508 2625 33.
529 2567 690 2626 laceremus
709 2567 774 2625 aliis
792 2564 842 2638 43.
862 2566 995 2626 Statilius
1009 2564 1154 2625 Gabinius
1173 2567 1220 2625 51.
1239 2586 1301 2625 non
1318 2564 1394 2624 mihi
1416 2564 1552 2627 crudelis.

310 2692 466 2773 Jugurtlto
481 2717 507 2755 c.
526 2714 552 2755 r.
575 2694 611 2755 de
628 2708 733 2756 natura
754 2716 847 2778 genus
861 2716 888 2755 2.
910 2698 969 2756 alia
995 2695 1204 2774 hujuscemodi
1224 2694 1305 2757 brevi
1333 2708 1362 2769 4.
1383 2696 1547 2776 adaquavit
1569 2696 1597 2757 6.
1624 2708 1652 2759 et

229 2792 393 2851 minimum
411 2792 448 2852 de
462 2814 492 2852 se
504 2794 589 2875 loqui
605 2816 633 2875 7.
658 2792 687 2851 P.
702 2792 849 2873 Scipionis
866 2814 912 2853 11.
934 2795 1020 2851 illurn
1040 2794 1133 2853 tribue
1154 2794 1199 2864 il.
1224 2814 1348 2875 regnum
1375 2796 1614 2873 procurationem
1636 2831 1651 2843 -

228 2899 323 2969 atque
344 2901 497 2969 parentes,
517 2912 573 2972 per
595 2896 776 2968 majestatem
801 2912 847 2973 ις.
868 2900 898 2949 et
918 2892 984 2950 aliis
1010 2912 1153 2951 novarum
1175 2912 1273 2951 rernm
1298 2892 1390 2953 aridis
1423 2911 1469 2951 2ο.
1493 2903 1650 2974 postquam

229 2984 326 3045 diviso
345 3006 437 3068 regno
456 2988 553 3047 Africa
568 2989 721 3049 discessere
741 2988 879 3047 -dolore
902 3000 1071 3068 permotum
1098 2988 1288 3048 adherbalem
1311 3024 1327 3035 -
1348 2994 1521 3051 rettulerant
1541 2996 1589 3053 23.
1611 2992 1650 3051 ad

228 3082 371 3143 virtutem
387 3084 496 3165 erigere
517 3099 564 3157 24.
586 3096 616 3145 ct
635 3106 700 3165 quae
716 3097 802 3146 antea
820 3086 974 3145 incenato
992 3120 1010 3133 -
1030 3108 1078 3146 me
1094 3108 1128 3146 ex
1143 3086 1280 3145 manibus
1303 3087 1353 3151 38.
1376 3090 1540 3147 occultiora
1558 3090 1619 3149 sore
1635 3125 1651 3136 -

229 3190 316 3239 metu
339 3182 442 3238 mortis
471 3182 627 3243 mutabant
649 3187 698 3255 43.
721 3186 828 3243 aunlia
856 3184 974 3243 mittere
996 3183 1046 3265 47.
1069 3185 1257 3243 munimento
1287 3186 1345 3243 illis
1365 3188 1426 3245 mre
1446 3206 1493 3267 71.
1515 3186 1652 3264 audivit,

231 3276 400 3337 dormiente
430 3280 484 3338 illo
505 3280 554 3360 95.
570 3282 706 3341 animum
727 3284 813 3342 vertit
836 3301 903 3341 roa.
922 3281 1003 3342 unde
1024 3281 1202 3366 Jugnrtham
1226 3285 1374 3364 expulerat
1424 3284 1489 3343 108.
1510 3304 1581 3343 nam
1598 3308 1652 3369 pa-

231 3384 278 3435 ter
297 3408 315 3421 -
334 3386 415 3436 ortus
431 3388 503 3437 erat.

232 3520 327 3597 Cod.
351 3523 398 3595 ll
439 3524 513 3617 (ll.
534 3529 690 3624 111.17.)
726 3524 813 3599 Saec.
836 3551 906 3601 ru.
938 3524 1213 3631 elegantissime
1238 3526 1400 3632 scriptus
1428 3543 1466 3605 et
1491 3528 1651 3636 picturis

388 3658 553 3716 ornatus.
579 3640 722 3745 Saepius
744 3658 968 3747 argumenta
990 3643 1162 3746 capitum
1189 3644 1231 3719 in
1256 3645 1426 3750 margine
1448 3646 1649 3752 adscripta.

299 3774 390 3840 Caril.
406 3802 433 3840 e.
449 3803 475 3842 1.
493 3782 612 3841 student
633 3802 692 3841 sese
711 3815 728 3828 -
748 3794 778 3841 et
792 3794 897 3842 aeterna
914 3804 942 3848 2.
959 3805 1056 3864 neque
1078 3786 1186 3845 mutari
1206 3788 1309 3845 omnia
1325 3808 1455 3847 cerneres
1475 3790 1652 3851 -transiero

237 3895 289 3937 22.
306 3896 404 3959 neque
424 3879 589 3959 quicquam
607 3879 756 3938 moderati
777 3893 823 3953 24.
853 3902 943 3961 quam
968 3882 1051 3961 quod
1074 3885 1219 3964 cuiquam.
1237 3884 1268 3943 id
1292 3898 1477 3965 compertum
1511 3889 1587 3948 soret
1606 3890 1652 3949 16.

232 3984 412 4053 torpesceret
429 3977 477 4039 28.
498 3987 558 4035 tam
575 3978 737 4058 pessimum
758 3996 806 4042 2ο.
827 3978 1019 4038 vendicemus
1037 4012 1054 4025 -
1072 3982 1122 4040 cui
1137 3982 1220 4039 virile
1242 3982 1394 4063 ingenium
1415 3986 1453 4043 sit
1480 4004 1527 4043 21.
1548 3984 1661 4047 homi-·

231 4092 305 4133 nem
324 4073 500 4134 familiarem
529 4074 579 4135 30.
601 4075 689 4133 missi.
712 4076 836 4157 Utrique
857 4076 908 4141 35.
926 4097 995 4135 eum
1015 4087 1045 4137 et
1069 4098 1103 4139 cx
1121 4078 1224 4137 alienis
1249 4092 1298 4151 4ο.
1324 4084 1490 4163 negotiatus
1508 4096 1582 4145 esset
1602 4085 1651 4155 da.

233 4172 406 4250 cumplures
429 4172 478 4242 43.
501 4172 633 4232 Statilius
646 4172 792 4233 Gabinius
809 4174 858 4256 47.
880 4176 928 4233 cui
953 4177 1078 4234 fetatum
1101 4176 1174 4250 suit,
1196 4176 1270 4235 soret
1289 4210 1308 4223 -
1327 4179 1480 4243 abdicatur
1498 4184 1658 4267 magistra-

234 4277 271 4329 tu
289 4268 340 4342 48.
360 4280 495 4332 senatum
514 4270 618 4333 edocet
630 4284 681 4353 49.
702 4271 833 4334 indicem
856 4292 916 4334 esse
934 4274 1040 4335 falsum
1060 4274 1109 4335 52.
1131 4292 1230 4339 cavere
1252 4277 1353 4359 magis.
