4050 5009
388 399 439 476 6⁰
480 338 486 381 ἕ

388 583 598 682 Postquam
624 574 839 682 respublica
870 574 1063 666 adolevit,
1099 590 1138 652 et
1166 568 1419 650 multitudine
1443 563 1585 644 civium
1608 556 1796 662 laedones

389 700 863 794 valuere,circumveni1e
890 699 1137 791 innocentes,
1172 699 1247 774 alia
1275 691 1539 772 huiuscemodi
1561 687 1647 792 fieri
1668 707 1797 788 coepe·

389 855 456 924 re,
481 845 566 904 tum
587 827 649 904 lex
671 824 802 902 Porcia
826 823 988 926 aliaeque
1011 824 1106 930 leges
1130 839 1273 929 paratae
1294 837 1407 916 sunt,
1431 817 1572 924 quibus
1599 806 1794 918 (legibus)

390 954 566 1032 exsilium
587 950 779 1029 damnatis
798 949 1022 1054 permissum
1040 949 1103 1024 es't
1135 949 1246 1023 Hanc
1263 974 1331 1052 ego
1354 971 1540 1032 caussam,
1555 944 1681 1016 Patres
1702 960 1797 1010 con·

388 1078 541 1184 scripti,
565 1075 796 1180 quominus
818 1101 962 1150 nouam
985 1074 1189 1150 consilium
1216 1072 1430 1176 capiamus,
1455 1069 1497 1143 in
1527 1063 1660 1171 primis
1690 1087 1799 1162 mag·

389 1231 482 1280 nam
498 1218 604 1307 puto,
640 1199 813 1300 Proiecto
835 1199 955 1274 virtus
971 1214 1087 1301 atque
1104 1196 1290 1302 sapientia
1313 1195 1436 1272 maior
1455 1193 1497 1267 in
1520 1189 1595 1265 illis
1614 1187 1707 1278 fuit,
1723 1183 1796 1288 qui

387 1355 435 1404 ex
457 1329 582 1433 parvis
599 1327 735 1432 opibus
753 1340 907 1400 tantum
923 1321 1129 1426 imperium
1145 1321 1282 1412 iecere,
1307 1347 1427 1426 quam,
1446 1318 1487 1392 in
1511 1314 1639 1405 nobis,
1663 1308 1797 1416 quiea

388 1453 486 1530 bene
507 1469 617 1556 parta
639 1452 704 1528 vix
724 1450 941 1528 retinemus
985 1448 1114 1523 Placet
1134 1447 1251 1552 igitur
1274 1472 1335 1524 eos
1355 1444 1497 1521 dimitti
1530 1457 1569 1517 et
1585 1435 1715 1544 augeri
1729 1461 1805 1511 eu·

387 1578 551 1654 ercitum
576 1577 775 1654 Catilinae?
800 1574 992 1666 minume3
1013 1571 1078 1648 sed
1105 1571 1167 1646 ita.¹
1185 1597 1343 1648 censeo:
1378 1565 1797 1675 publicandas-eorum

386 1702 590 1806 pecunias,
616 1702 714 1805 ipsos
734 1701 776 1775 in
797 1697 962 1776 vinculis
989 1694 1186 1774 habendos
1205 1724 1274 1800 per
1293 1692 1523 1797 municipia,
1547 1715 1634 1794 quae
1660 1701 1828 1790 maxa·

386 1853 449 1903 me
466 1826 602 1932 opibus
622 1826 768 1902 valent:
789 1851 868 1899 neu
879 1821 966 1927 quis
984 1822 1032 1897 de
1050 1821 1110 1897 his
1128 1838 1255 1926 postea
1271 1820 1323 1897 ad
1338 1837 1513 1896 sonatum
1533 1814 1800 1902 referat,nere

386 1977 477 2027 cum
501 1950 648 2056 populo
670 1966 757 2054 agat
779 1981 788 2021 ε
813 1948 882 2051 qui
911 1948 1024 2022 aliter
1044 1945 1195 2036 iecerit,
1220 1947 1403 2022 Senatum
1425 1944 1672 2028 existumare,
1704 1963 1798 2012 eum

304 2136 308 2142 1
393 2091 528 2153 contra
544 2074 824 2180 rempublicam
845 2089 885 2148 et
899 2072 1249 2148 salutem'omnium
1262 2072 1490 2148 facturum.’'

348 2207 385 2268 52
489 2204 698 2305 ‘Postqrtam
725 2200 846 2274 Gaesar
869 2196 1024 2273 dicendi
1047 2195 1163 2272 finem
1184 2195 1294 2286 fecit,
1319 2194 1433 2270 ceteri
1460 2191 1575 2269 verbo
1605 2188 1703 2286 alius
1725 2185 1797 2261 alii

394 2326 497 2404 varie
530 2323 876 2400 adsentiebantur:
914 2337 956 2397 at
975 2323 1026 2396 Μ.
1056 2311 1210 2396 Porcius
1240 2324 1349 2411 Cato,
1369 2336 1520 2426 rogatus
1541 2313 1798 2402 sententiam,

286 2452 296 2464 '
394 2448 658 2526 huiuscemodi
677 2448 888 2525 orationem
911 2444 1058 2522 habuit.
1094 2429 1262 2550 „Longe
1280 2445 1376 2520 mihi
1403 2445 1479 2535 alia
1506 2469 1612 2519 mens
1630 2459 1702 2532 est,
1725 2443 1801 2516 Pa-

396 2589 469 2650 tres
503 2572 729 2677 conscripti,
761 2599 888 2676 quum
915 2595 974 2648 res
1002 2586 1118 2674 atque
1148 2570 1319 2674 pericula
1344 2586 1471 2646 nostra
1500 2567 1719 2657 considero,
1757 2584 1800 2644 et

395 2723 519 2801 quum
539 2694 743 2772 sententias
761 2695 1044 2772 nonnullorum
1065 2695 1143 2800 ipse
1167 2721 1318 2772 mecum
1342 2711 1488 2799 reputo.
1525 2693 1588 2770 Illi
1609 2689 1799 2770 mibidis-

394 2822 551 2898 seruisse
576 2820 757 2895 videntur
790 2819 838 2894 de
860 2845 976 2924 poena
999 2847 1153 2910 eorum,
1179 2818 1246 2923 qui
1270 2819 1423 2923 patriae,
1446 2819 1688 2924 parentibus,
1719 2817 1799 2895 aris

395 2962 512 3049 atque
536 2945 627 3020 sacis
654 2942 732 3018 suis
768 2944 915 3019 bellum
934 2971 1145 3048 paravere:
1184 2971 1242 3020 res
1267 2962 1397 3050 autem
1425 2962 1570 3038 monet,
1595 2969 1725 3020 carcre
1745 2943 1799 3018 ab

391 3068 470 3144 illis
488 3068 636 3174 (magis)
654 3095 791 3172 quam,
816 3067 913 3171 quid
937 3068 979 3143 in
1002 3067 1087 3144 illos
1107 3085 1336 3162 statuamus,
1361 3069 1585 3146 consultare.
1622 3069 1720 3144 Nam
1736 3047 1800 3144 oe·

392 3250 445 3315 illa
466 3262 552 3332 temp.
573 3251 625 3313 iilo
640 3250 740 3312 delent
756 3249 841 3310 llem.
858 3270 883 3309 ι.
904 3233 972 3310 inc.
987 3271 1014 3310 ι.
1042 3248 1177 3310 amanum
1192 3251 1380 3313 advertebant
1410 3252 1471 3314 duo
1487 3253 1602 3314 Wassii.
1632 3251 1799 3316 mmmm—

393 3360 460 3422 nirc
486 3359 549 3420 Bm.
569 3381 594 3423 ι.
615 3377 642 3419 a.
662 3367 756 3439 uterq.
777 3354 889 3422 Fabric.
910 3355 970 3418 inc.
1001 3356 1070 3416 vin.
1082 3377 1111 3417 a.
1141 3356 1226 3416 Parit.
1239 3378 1266 3417 a.
1283 3355 1314 3418 b.
1329 3379 1354 3419 c.
1369 3358 1401 3419 d.
1420 3357 1510 3420 aad.
1530 3359 1626 3419 Sonat.
1642 3380 1668 3421 ι.
1693 3359 1795 3420 Sunt.

391 3463 491 3527 Gaelt.
508 3488 534 3525 ι.
548 3487 578 3528 a.
591 3471 619 3530 3.
632 3465 661 3525 5.
673 3485 703 3546 9.
721 3483 767 3522 ιο.
785 3483 831 3522 ιι.
849 3482 896 3523 ra.
922 3461 1130 3525 οἰιοιοιιοοιιίιί
1146 3465 1243 3530 ceteri.
1272 3462 1336 3524 alia
1352 3462 1562 3529 tutiutoemodi.
1582 3463 1699 3544 aliaque
1722 3463 1794 3532 vin.

394 3589 424 3632 e.
444 3570 507 3631 Bar.
521 3591 550 3631 a.
569 3571 637 3631 Son.
653 3590 680 3634 1.
701 3567 799 3629 Gueli.
816 3588 842 3629 ι.
858 3569 887 3630 8.
908 3568 977 3628 Tar.
992 3589 1018 3633 ι.
1039 3589 1148 3632 macc.
1168 3568 1254 3630 Baro.
1269 3589 1297 3629 a.
1317 3577 1346 3630 et
1360 3569 1422 3630 alia
1452 3571 1511 3634 inc.
1530 3593 1556 3630 ι.
1577 3568 1712 3654 Gueli.7.
1734 3569 1797 3630 bu-

393 3675 522 3736 t'usmodi
552 3674 624 3741 rab.
637 3685 731 3756 uterq.
753 3676 812 3739 inc.
827 3695 854 3735 a.
875 3674 975 3736 Reuss.
997 3673 1095 3736 Gueli.
1113 3695 1138 3742 ι.
1150 3697 1179 3757 9.
1199 3695 1244 3735 ιο.
1265 3673 1389 3756 aliaeque
1402 3675 1485 3756 leges.
1505 3676 1668 3757 &adolet
1694 3675 1794 3736 Guali.

396 3801 444 3841 ιο.
464 3779 579 3842 beidi.
599 3779 686 3845 Item.
697 3800 725 3840 a.
747 3779 850 3858 qadim
866 3780 982 3860 legibus.
1009 3780 1094 3860 legib.
1114 3783 1200 3842 omit.
1223 3779 1378 3844 Fabam.
1404 3783 1464 3847 inc.
1480 3803 1505 3841 1.
1527 3781 1626 3842 Guelt.
1641 3782 1670 3842 3.
1694 3783 1795 3862 plures

392 3885 471 3950 nivii
484 3897 514 3946 et
529 3884 634 3948 wanti
647 3884 725 3946 libri.
751 3884 837 3946 Bern.
854 3907 880 3946 1.
909 3894 1024 3968 parata.
1036 3895 1114 3946 mut.
1139 3885 1198 3952 aa.
1219 3907 1322 3948 omnes
1337 3885 1417 3947 leid.
1448 3887 1510 3948 Bas.
1529 3886 1599 3948 Tur.
1612 3909 1642 3950 a.
1660 3907 1792 3968 compar.

390 4000 470 4052 eunt.
490 3992 560 4052 Tur.
575 4012 601 4056 ι.
621 3989 706 4056 Bam.
724 4011 749 4056 ι.
767 3991 939 4072 parmam
950 4001 991 4052 αι
1021 3992 1081 4059 Ert.
1101 4012 1205 4052 omnes
1216 3991 1379 4058 Lad.›13a.
1398 3991 1468 4052 Tur.
1495 4011 1549 4073 ego
1563 3994 1645 4054 tuaac
1663 4013 1793 4055 mutarn.

390 4095 454 4159 Bra
472 4119 499 4158 ι.
516 4096 602 4159 Febr.
618 4118 644 4157 ι.
660 4106 690 4158 et
702 4098 825 4179 plurimi
837 4097 916 4158 libri.
935 4118 971 4158 ea
988 4097 1168 4182 beneparta.
1188 4098 1476 4166 osculationis.
1497 4121 1538 4160 ra.
1550 4119 1597 4182 pr.
1617 4101 1656 4162 de
1668 4099 1796 4181 hispas-

391 4213 439 4265 teo
458 4205 580 4286 plurimi
595 4199 674 4264 libri.
693 4203 780 4265 derb.
799 4203 897 4265 Gusli.
911 4202 941 4276 4.
962 4203 1048 4264 Febr.
1059 4223 1088 4270 a.
1109 4225 1146 4266 ne
1158 4204 1231 4285 quib.
1251 4205 1332 4272 Laid.
1349 4207 1370 4266 l.

453 4330 528 4416 Cap.
542 4334 591 4395 5².
612 4331 813 4395 adamatam
833 4335 892 4395 inc.
910 4355 936 4394 ι.
955 4333 1051 4396 Strar.
1070 4332 1138 4395 Seu.
1150 4353 1178 4395 a.
1199 4333 1296 4396 Guelt.
1312 4339 1340 4398 3.
1355 4336 1385 4402 8.
1398 4337 1514 4420 aliquot
1530 4357 1565 4398 ex
1579 4336 1794 4420 antiquioribat

390 4440 478 4505 ilirii·
497 4437 623 4506 Berua
645 4437 805 4519 tangentia
820 4437 1053 4542 mitiliani.
1078 4459 1192 4501 ineman
1205 4439 1271 4522 ipsa.
1291 4437 1350 4503 boc
1370 4441 1475 4504 ordina
1491 4441 1577 4510 Febr.
1593 4463 1619 4506 ι.
1646 4444 1750 4506 incest.
1764 4465 1794 4506 r.
