4050 5009
400 416 444 485 18

391 604 636 678 acutissimus.
664 603 744 699 Qui
763 604 919 705 quidem
936 604 1035 678 liber
1053 630 1150 678 num
1166 630 1187 678 a
1202 605 1392 707 prioribus
1404 606 1612 683 editoribus
1629 607 1791 683 ‘collatus

390 720 452 808 sit,
465 720 643 822 equidem
657 720 881 823 nesci03qui
900 720 1005 797 enim
1019 714 1221 815 κατ’ἐξοᾴχν
1234 724 1314 797 cod.
1333 724 1540 798 Vaticanus
1560 723 1711 813 dicitur,
1724 750 1793 797 cu·

390 836 703 940 jusque'aliquot
722 836 899 911 lectiones
924 838 966 912 in
988 838 1235 914 historiarum
1258 838 1475 945 fragmentis
1499 838 1674 927 laudavi,
1700 866 1792 913 cum

391 950 466 1026 hoc
489 952 589 1025 libro
611 952 732 1025 rarius
748 953 944 1027 consentit
981 952 1276 1058 Orthographiae
1296 956 1466 1054 antiquae
1485 955 1534 1027 ab
1562 952 1673 1027 initio
1694 980 1793 1055 pau·

392 1094 436 1143 ca
467 1067 634 1170 vestigia,
659 1066 723 1142 sed
742 1067 813 1140 sub
845 1066 961 1143 finem
980 1070 1093 1171 plura
1121 1070 1311 1173 leguntur.
1361 1072 1415 1143 Ea
1438 1097 1518 1143 non
1552 1069 1677 1143 solum
1700 1069 1794 1143 sori·

392 1182 510 1257 hendi
523 1183 725 1271 rationem,
736 1208 822 1285 quae
834 1184 949 1288 vulgo
958 1185 1170 1259 Salustiana
1185 1185 1261 1259 dici
1267 1203 1342 1275 tur,
1354 1185 1602 1274 confirmant,
1612 1184 1676 1259 sed
1690 1183 1794 1257 mul-

393 1314 431 1372 to
451 1296 707 1374 horridiorem
723 1299 901 1401 primitus
916 1300 1175 1374 Salustianum
1195 1328 1405 1375 sermonem
1423 1300 1534 1373 fuisse
1556 1298 1793 1401 eandemque

392 1442 510 1518 quam
530 1416 682 1488 Catonis
708 1413 908 1517 Origenes,
930 1415 1135 1489 verborum
1155 1416 1393 1519 asperitatem
1416 1414 1602 1504 retulisse,
1628 1414 1794 1487 testimo·

392 1530 459 1606 nio
479 1547 579 1606 sunt
623 1533 714 1604 Haec
734 1529 838 1604 enim
868 1556 890 1603 a
926 1529 1083 1604 librario
1111 1533 1316 1635 excogitata
1343 1530 1454 1604 fuisse
1487 1528 1549 1602 vix
1580 1526 1793 1603 credideris.

394 1650 493 1723 Cum
516 1646 582 1722 hic
610 1647 708 1722 liber
735 1644 980 1725 hauddubie
1010 1646 1163 1753 optimis
1190 1646 1411 1721 Salustianis
1433 1643 1635 1719 Codicibus
1658 1643 1792 1717 adnu-

393 1764 598 1838 merandus
612 1764 670 1851 sit,
690 1790 888 1841 eumcum
905 1789 990 1841 mea
1013 1762 1181 1839 editione
1201 1762 1479 1837 accuratissime
1499 1759 1647 1836 contuli
1667 1774 1705 1835 et
1729 1783 1795 1833 va·

394 1879 534 1955 riantes
559 1879 737 1957 lectiones
756 1904 885 1953 omnes
909 1878 1048 1955 notavi

618 2065 749 2138 Oratio
776 2064 950 2137 Catilinae
975 2061 1078 2161 apud
1104 2062 1331 2162 Consuratos.
1365 2060 1468 2164 (cap.
1492 2060 1572 2159 ao.)

474 2206 663 2287 Nequiquam
685 2238 704 2251 -
726 2208 862 2284 malaque
883 2225 944 2262 esse
959 2204 1091 2262 intellexi
1111 2234 1130 2249 -
1157 2204 1250 2281 magis
1269 2204 1421 2283 magisque
1443 2204 1559 2260 animus
1579 2196 1756 2258 -condicio
1776 2226 1795 2242 -

395 2305 570 2383 nosmetipsi
589 2334 609 2349 -
628 2302 778 2360 dicionem
795 2300 868 2359 boni
884 2311 973 2378 atque
990 2300 1104 2357 strenui
1123 2329 1143 2345 -
1162 2297 1278 2356 nobiles
1302 2308 1331 2357 et
1354 2298 1499 2378 ignobiles
1520 2328 1539 2344 -
1556 2300 1659 2377 volgus
1681 2295 1794 2352 suimus

396 2400 439 2481 (u
455 2422 496 2458 m.
508 2398 585 2477 sec.)
599 2428 618 2444 ·
638 2399 675 2457 iis
694 2397 815 2456 obnoxii
835 2428 854 2444 -
872 2398 1005 2475 pericula
1022 2398 1153 2474 repulsae
1172 2425 1191 2441 -
1220 2396 1409 2453 osortissimi
1429 2397 1485 2453 viri
1505 2428 1524 2441 -
1538 2394 1693 2474 ingenium
1713 2400 1756 2450 est
1777 2419 1798 2436 ·

396 2496 514 2557 divitias
529 2516 596 2555 suaa
608 2495 724 2555 vincere
742 2526 762 2541 -
780 2490 1045 2574 Expergiscimini!
1065 2492 1134 2565 illa,
1147 2492 1200 2549 illa
1219 2520 1239 2537 -
1257 2512 1308 2552 vos
1321 2493 1478 2553 hortantur
1497 2522 1516 2538 -
1535 2488 1672 2549 utemini.

785 2654 823 2737 C.
848 2662 987 2753 Manlii
1010 2659 1193 2733 mandata.
1219 2657 1321 2759 (cap.
1346 2656 1418 2753 33.)

479 2814 694 2871 Faeneratorem
719 2804 854 2885 plerique
877 2803 974 2883 patria
992 2833 1012 2850 -
1032 2812 1166 2861 nostrum
1191 2800 1333 2880 cuiquam
1352 2827 1371 2843 ·
1391 2800 1515 2872 majores
1528 2790 1616 2852 vestri
1636 2819 1655 2835 -
1674 2785 1758 2867 plebs
1779 2816 1799 2832 -

398 2929 469 2971 nere
491 2906 578 2967 nobis
597 2924 672 2965 eam.

675 3023 805 3096 Oratio
833 3018 872 3093 C.
899 3016 1061 3094 Caesaris
1086 3024 1124 3091 in
1147 2964 1292 3093 Senatu
1319 3012 1423 3114 (cap.
1450 3008 1530 3106 51.)

477 3170 558 3230 Haut
576 3168 663 3227 facile
682 3196 701 3213 ·
722 3183 786 3243 quac
798 3180 879 3242 reges
898 3191 917 3207 -
936 3162 1152 3219 consuluerunt
1170 3190 1189 3203 -
1209 3154 1287 3237 apud
1307 3175 1357 3215 vos
1379 3156 1478 3214 valent
1496 3181 1515 3196 -
1535 3144 1668 3227 adprobo
1689 3162 1802 3221 exupe-

396 3283 443 3333 rat
461 3296 481 3317 ⁴·
499 3266 678 3328 sententiam
697 3260 834 3319 dixerunt
853 3288 873 3303 -
892 3266 974 3315 atrox
993 3277 1057 3314 non
1075 3263 1226 3334 permovet
1244 3284 1263 3299 -
1283 3252 1379 3309 oratio
1401 3246 1536 3306 accendit
1554 3276 1574 3291 -
1593 3264 1647 3324 ego
1668 3242 1711 3299 sic
1722 3240 1801 3298 exis-

398 3373 473 3430 timo
488 3400 507 3414 -
527 3362 686 3445 praesertim
709 3355 864 3435 diligentia
883 3385 903 3398 -
921 3354 954 3410 in
969 3353 1058 3409 armis
1073 3353 1134 3409 sint
1151 3380 1170 3396 -
1190 3369 1309 3429 possum
1326 3344 1462 3424 equidem
1484 3374 1503 3390 -
1522 3343 1554 3400 in
1574 3338 1719 3398 sententia
1734 3354 1800 3393 non

398 3463 540 3525 addidisti
559 3492 578 3506 -
598 3458 680 3538 prius
701 3456 735 3513 in
757 3472 806 3510 eos
827 3448 994 3509 verberibus
1019 3446 1151 3505 animad.
1171 3476 1190 3491 -
1220 3464 1304 3526 grate
1324 3455 1367 3503 cst
1386 3474 1406 3488 -
1425 3442 1516 3499 levius
1533 3448 1576 3497 cst
1595 3468 1614 3484 -
1634 3434 1720 3493 rebus
1741 3432 1800 3491 bo-

399 3564 446 3621 nis
469 3569 534 3618 orta
554 3587 573 3602 -
592 3556 710 3633 ignaros
728 3556 791 3626 ejus
811 3578 830 3592 -
849 3548 872 3603 ii
894 3546 994 3625 primo
1014 3576 1033 3589 -
1058 3544 1180 3600 initium
1203 3561 1315 3621 magnac
1334 3570 1353 3585 -
1377 3549 1412 3597 ut
1429 3538 1453 3595 is
1471 3537 1503 3595 in
1523 3532 1757 3613 proscriptorum
1783 3559 1802 3574 -

399 3651 608 3719 circumveniri
627 3679 646 3695 -
666 3666 719 3727 ego
741 3643 821 3701 hanc
841 3662 960 3701 causam
980 3671 999 3685 -
1020 3646 1116 3716 major
1135 3638 1196 3694 illis
1209 3637 1274 3693 suit.

684 3807 814 3880 Oratio
842 3805 880 3877 C.
908 3804 1058 3877 Catonis
1081 3804 1119 3871 in
1143 3797 1285 3872 Senatu.
1312 3794 1414 3896 (cap.
1430 3791 1503 3880 52.)

476 3956 558 4014 Haut
578 3950 664 4009 facile
684 3979 703 3994 -
722 3945 939 4026 neglegentiam
960 3974 979 3987 -
1005 3940 1068 3997 haec
1093 3944 1295 4015 cujuscunque
1325 3966 1344 3980 -
1372 3912 1474 3990 neilli
1494 3930 1670 4010 sanguinem
1690 3958 1709 3974 ·
1730 3948 1804 4009 opes

402 4057 530 4117 minores
552 4056 623 4107 sunt
642 4076 661 4091 -
681 4043 767 4121 copia
791 4062 879 4120 quam
904 4041 964 4096 illis
986 4048 1028 4095 est
1048 4068 1067 4081 -
1094 4034 1130 4092 ad
1151 4034 1262 4091 bellum
1282 4038 1433 4088 accersunt
1453 4026 1551 4084 -dux
1572 4024 1705 4083 hostium
1732 4044 1804 4084 curn

401 4151 528 4215 exercitu
546 4162 636 4223 supra
666 4151 757 4219 caput
777 4148 820 4196 est
838 4135 1021 4213 -deprensis
1043 4131 1178 4190 hostibus
1199 4162 1218 4175 -
1239 4126 1417 4186 miseremini
1437 4143 1540 4181 censeo
1560 4122 1630 4179 -in
1650 4122 1806 4180 miseriam

401 4250 553 4313 convertat
572 4272 592 4286 -
608 4236 748 4301 videlicet
762 4235 809 4293 dis
833 4229 1053 4292 immortalibus
1073 4260 1092 4274 -
1112 4226 1244 4305 Caepario
1263 4255 1282 4273 -
1306 4222 1404 4282 etalii
1425 4222 1504 4280 intra
1522 4250 1541 4267 -
1568 4228 1657 4298 atque
1678 4220 1711 4279 in
1733 4220 1809 4281 sinu

401 4362 473 4414 mm
490 4380 510 4396 .
529 4340 645 4399 occulte
658 4343 756 4415 potest
776 4364 794 4379 -
815 4332 897 4411 iique
915 4326 1030 4388 indicio
1049 4324 1083 4384 T.
1101 4322 1247 4388 Vulturci.
