<?xml version="1.0" encoding="UTF-8"?>
<!DOCTYPE html PUBLIC "-//W3C//DTD XHTML 1.0 Transitional//EN"
    "http://www.w3.org/TR/xhtml1/DTD/xhtml1-transitional.dtd">
<html xmlns="http://www.w3.org/1999/xhtml" xml:lang="en" lang="en">
 <head>
  <title>
</title>
<meta http-equiv="Content-Type" content="text/html;charset=utf-8" />
  <meta name='ocr-system' content='tesseract 3.04.00' />
  <meta name='ocr-capabilities' content='ocr_page ocr_carea ocr_par ocr_line ocrx_word'/>
</head>
<body>
  <div class='ocr_page' id='page_1' title='image "./salustiiquaeexs00sallgoog_0514.png"; bbox 0 0 4050 5009; ppageno 0'>
   <div class='ocr_carea' id='block_1_1' title="bbox 424 405 454 481">
    <p class='ocr_par' dir='ltr' id='par_1_1' title="bbox 424 405 454 481">
     <span class='ocr_line' id='line_1_1' title="bbox 424 405 454 481; baseline 0 0"><span class='ocrx_word' id='word_1_1' title='bbox 424 405 454 481; x_wconf 89' lang='lat'>6</span> 
     </span>
    </p>
   </div>
   <div class='ocr_carea' id='block_1_2' title="bbox 397 586 1836 2554">
    <p class='ocr_par' dir='ltr' id='par_1_2' title="bbox 397 586 1836 2186">
     <span class='ocr_line' id='line_1_2' title="bbox 397 586 1834 693; baseline 0 -29"><span class='ocrx_word' id='word_1_2' title='bbox 397 586 576 678; x_wconf 66' lang='lat' dir='ltr'>leudem,</span> <span class='ocrx_word' id='word_1_3' title='bbox 595 612 684 690; x_wconf 78' lang='lat' dir='ltr'>quae</span> <span class='ocrx_word' id='word_1_4' title='bbox 701 603 861 678; x_wconf 79' lang='lat' dir='ltr'>eeteros,</span> <span class='ocrx_word' id='word_1_5' title='bbox 877 589 980 664; x_wconf 86' lang='lat' dir='ltr'>sama</span> <span class='ocrx_word' id='word_1_6' title='bbox 999 605 1117 691; x_wconf 88' lang='lat' dir='ltr'>atque</span> <span class='ocrx_word' id='word_1_7' title='bbox 1140 586 1287 663; x_wconf 78' lang='lat' dir='ltr'>invidia</span> <span class='ocrx_word' id='word_1_8' title='bbox 1308 588 1477 662; x_wconf 78' lang='lat' dir='ltr'>vexabat.</span> <span class='ocrx_word' id='word_1_9' title='bbox 1525 589 1647 693; x_wconf 73' lang='lat' dir='ltr'>Igitur</span> <span class='ocrx_word' id='word_1_10' title='bbox 1661 589 1730 664; x_wconf 89' lang='lat' dir='ltr'>ubi</span> <span class='ocrx_word' id='word_1_11' title='bbox 1746 590 1834 664; x_wconf 86' lang='lat' dir='ltr'>ani·</span> 
     </span>
     <span class='ocr_line' id='line_1_3' title="bbox 423 710 1834 817; baseline -0.001 -29"><span class='ocrx_word' id='word_1_12' title='bbox 423 739 511 798; x_wconf 80' lang='lat' dir='ltr'>mua</span> <span class='ocrx_word' id='word_1_13' title='bbox 530 739 578 788; x_wconf 83' lang='lat' dir='ltr'>ex</span> <span class='ocrx_word' id='word_1_14' title='bbox 595 710 728 788; x_wconf 88' lang='lat' dir='ltr'>multis</span> <span class='ocrx_word' id='word_1_15' title='bbox 747 711 907 788; x_wconf 82' lang='lat' dir='ltr'>miseriis</span> <span class='ocrx_word' id='word_1_16' title='bbox 922 729 1040 814; x_wconf 82' lang='lat' dir='ltr'>atque</span> <span class='ocrx_word' id='word_1_17' title='bbox 1071 711 1253 817; x_wconf 83' lang='lat' dir='ltr'>periculis</span> <span class='ocrx_word' id='word_1_18' title='bbox 1267 712 1466 813; x_wconf 84' lang='lat' dir='ltr'>requievit,</span> <span class='ocrx_word' id='word_1_19' title='bbox 1481 711 1629 786; x_wconf 89' lang='lat' dir='ltr'>etmihi</span> <span class='ocrx_word' id='word_1_20' title='bbox 1644 713 1834 815; x_wconf 80' lang='lat' dir='ltr'>reliquam</span> 
     </span>
     <span class='ocr_line' id='line_1_4' title="bbox 423 834 1834 940; baseline -0.003 -28"><span class='ocrx_word' id='word_1_21' title='bbox 423 853 576 912; x_wconf 80' lang='lat' dir='ltr'>oetatem</span> <span class='ocrx_word' id='word_1_22' title='bbox 605 863 629 910; x_wconf 89' lang='lat' dir='ltr'>a</span> <span class='ocrx_word' id='word_1_23' title='bbox 655 836 853 940; x_wconf 81' lang='lat' dir='ltr'>republica</span> <span class='ocrx_word' id='word_1_24' title='bbox 884 835 1022 940; x_wconf 90' lang='lat' dir='ltr'>procul</span> <span class='ocrx_word' id='word_1_25' title='bbox 1050 834 1272 910; x_wconf 84' lang='lat' dir='ltr'>habendam</span> <span class='ocrx_word' id='word_1_26' title='bbox 1294 834 1467 928; x_wconf 81' lang='lat' dir='ltr'>decreri3</span> <span class='ocrx_word' id='word_1_27' title='bbox 1500 863 1581 912; x_wconf 91' lang='lat' dir='ltr'>non</span> <span class='ocrx_word' id='word_1_28' title='bbox 1606 837 1683 911; x_wconf 83' lang='lat' dir='ltr'>fuit</span> <span class='ocrx_word' id='word_1_29' title='bbox 1709 836 1834 910; x_wconf 89' lang='lat' dir='ltr'>consi-</span> 
     </span>
     <span class='ocr_line' id='line_1_5' title="bbox 425 960 1833 1065; baseline -0.002 -29"><span class='ocrx_word' id='word_1_30' title='bbox 425 963 527 1036; x_wconf 91' lang='lat' dir='ltr'>lium</span> <span class='ocrx_word' id='word_1_31' title='bbox 541 960 713 1035; x_wconf 85' lang='lat' dir='ltr'>socordia</span> <span class='ocrx_word' id='word_1_32' title='bbox 733 978 850 1065; x_wconf 88' lang='lat' dir='ltr'>atque</span> <span class='ocrx_word' id='word_1_33' title='bbox 869 961 1013 1038; x_wconf 88' lang='lat' dir='ltr'>desidia</span> <span class='ocrx_word' id='word_1_34' title='bbox 1031 962 1182 1036; x_wconf 92' lang='lat' dir='ltr'>bonum</span> <span class='ocrx_word' id='word_1_35' title='bbox 1196 961 1321 1035; x_wconf 90' lang='lat' dir='ltr'>otium</span> <span class='ocrx_word' id='word_1_36' title='bbox 1340 975 1562 1035; x_wconf 78' lang='lat' dir='ltr'>conterere:</span> <span class='ocrx_word' id='word_1_37' title='bbox 1597 986 1722 1064; x_wconf 89' lang='lat' dir='ltr'>neque</span> <span class='ocrx_word' id='word_1_38' title='bbox 1741 987 1833 1034; x_wconf 79' lang='lat' dir='ltr'>rero</span> 
     </span>
     <span class='ocr_line' id='line_1_6' title="bbox 424 1084 1834 1190; baseline 0 -30"><span class='ocrx_word' id='word_1_39' title='bbox 424 1113 562 1190; x_wconf 83' lang='lat' dir='ltr'>agrum</span> <span class='ocrx_word' id='word_1_40' title='bbox 579 1084 763 1175; x_wconf 88' lang='lat' dir='ltr'>colendo,</span> <span class='ocrx_word' id='word_1_41' title='bbox 788 1104 857 1162; x_wconf 88' lang='lat' dir='ltr'>aut</span> <span class='ocrx_word' id='word_1_42' title='bbox 870 1086 1067 1176; x_wconf 71' lang='lat' dir='ltr'>venando,</span> <span class='ocrx_word' id='word_1_43' title='bbox 1090 1085 1290 1162; x_wconf 76' lang='lat' dir='ltr'>servilibus</span> <span class='ocrx_word' id='word_1_44' title='bbox 1310 1085 1441 1158; x_wconf 83' lang='lat' dir='ltr'>officiis</span> <span class='ocrx_word' id='word_1_45' title='bbox 1457 1085 1660 1175; x_wconf 84' lang='lat' dir='ltr'>intentum,</span> <span class='ocrx_word' id='word_1_46' title='bbox 1682 1102 1834 1160; x_wconf 80' lang='lat' dir='ltr'>aetatem</span> 
     </span>
     <span class='ocr_line' id='line_1_7' title="bbox 424 1208 1835 1316; baseline -0.004 -31"><span class='ocrx_word' id='word_1_47' title='bbox 424 1239 552 1316; x_wconf 83' lang='lat' dir='ltr'>agere3</span> <span class='ocrx_word' id='word_1_48' title='bbox 573 1208 640 1284; x_wconf 87' lang='lat' dir='ltr'>sed</span> <span class='ocrx_word' id='word_1_49' title='bbox 661 1235 682 1282; x_wconf 86' lang='lat' dir='ltr'>a</span> <span class='ocrx_word' id='word_1_50' title='bbox 707 1237 787 1312; x_wconf 86' lang='lat' dir='ltr'>quo</span> <span class='ocrx_word' id='word_1_51' title='bbox 809 1215 963 1316; x_wconf 87' lang='lat' dir='ltr'>inoepto</span> <span class='ocrx_word' id='word_1_52' title='bbox 982 1211 1188 1314; x_wconf 86' lang='lat' dir='ltr'>studioque</span> <span class='ocrx_word' id='word_1_53' title='bbox 1205 1236 1267 1283; x_wconf 93' lang='lat' dir='ltr'>me</span> <span class='ocrx_word' id='word_1_54' title='bbox 1288 1208 1448 1283; x_wconf 76' lang='lat' dir='ltr'>ambitio</span> <span class='ocrx_word' id='word_1_55' title='bbox 1468 1208 1569 1282; x_wconf 90' lang='lat' dir='ltr'>mala</span> <span class='ocrx_word' id='word_1_56' title='bbox 1598 1209 1835 1302; x_wconf 79' lang='lat' dir='ltr'>detinuerat,</span> 
     </span>
     <span class='ocr_line' id='line_1_8' title="bbox 424 1331 1835 1439; baseline -0.006 -29"><span class='ocrx_word' id='word_1_57' title='bbox 424 1335 557 1410; x_wconf 92' lang='lat' dir='ltr'>eodem</span> <span class='ocrx_word' id='word_1_58' title='bbox 587 1360 786 1439; x_wconf 75' lang='lat' dir='ltr'>regressuS,</span> <span class='ocrx_word' id='word_1_59' title='bbox 823 1331 939 1406; x_wconf 88' lang='lat' dir='ltr'>statui</span> <span class='ocrx_word' id='word_1_60' title='bbox 969 1355 1027 1402; x_wconf 77' lang='lat' dir='ltr'>ret</span> <span class='ocrx_word' id='word_1_61' title='bbox 1052 1345 1171 1432; x_wconf 77' lang='lat' dir='ltr'>gestas</span> <span class='ocrx_word' id='word_1_62' title='bbox 1200 1332 1338 1434; x_wconf 86' lang='lat' dir='ltr'>populi</span> <span class='ocrx_word' id='word_1_63' title='bbox 1367 1331 1530 1406; x_wconf 87' lang='lat' dir='ltr'>Romani</span> <span class='ocrx_word' id='word_1_64' title='bbox 1559 1333 1750 1436; x_wconf 87' lang='lat' dir='ltr'>carptim,</span> <span class='ocrx_word' id='word_1_65' title='bbox 1788 1347 1835 1403; x_wconf 90' lang='lat' dir='ltr'>ut</span> 
     </span>
     <span class='ocr_line' id='line_1_9' title="bbox 424 1453 1834 1566; baseline -0.006 -31"><span class='ocrx_word' id='word_1_66' title='bbox 424 1486 589 1566; x_wconf 82' lang='lat' dir='ltr'>quaeque</span> <span class='ocrx_word' id='word_1_67' title='bbox 606 1459 789 1533; x_wconf 89' lang='lat' dir='ltr'>memoria</span> <span class='ocrx_word' id='word_1_68' title='bbox 811 1455 927 1560; x_wconf 81' lang='lat' dir='ltr'>digna</span> <span class='ocrx_word' id='word_1_69' title='bbox 952 1453 1202 1539; x_wconf 79' lang='lat' dir='ltr'>ridebantur,</span> <span class='ocrx_word' id='word_1_70' title='bbox 1227 1455 1482 1557; x_wconf 83' lang='lat' dir='ltr'>perscribere:</span> <span class='ocrx_word' id='word_1_71' title='bbox 1507 1483 1552 1529; x_wconf 90' lang='lat' dir='ltr'>eo</span> <span class='ocrx_word' id='word_1_72' title='bbox 1567 1456 1702 1559; x_wconf 82' lang='lat' dir='ltr'>magis,</span> <span class='ocrx_word' id='word_1_73' title='bbox 1725 1453 1834 1556; x_wconf 92' lang='lat' dir='ltr'>quod</span> 
     </span>
     <span class='ocr_line' id='line_1_10' title="bbox 423 1573 1834 1687; baseline -0.005 -30"><span class='ocrx_word' id='word_1_74' title='bbox 423 1583 522 1658; x_wconf 86' lang='lat' dir='ltr'>mihi</span> <span class='ocrx_word' id='word_1_75' title='bbox 542 1613 564 1656; x_wconf 93' lang='lat' dir='ltr'>a</span> <span class='ocrx_word' id='word_1_76' title='bbox 582 1573 667 1687; x_wconf 71' lang='lat' dir='ltr'>spe,</span> <span class='ocrx_word' id='word_1_77' title='bbox 691 1599 817 1670; x_wconf 86' lang='lat' dir='ltr'>metu,</span> <span class='ocrx_word' id='word_1_78' title='bbox 840 1578 1017 1684; x_wconf 87' lang='lat' dir='ltr'>partibus</span> <span class='ocrx_word' id='word_1_79' title='bbox 1041 1577 1264 1679; x_wconf 67' lang='lat' dir='ltr'>reipublicae</span> <span class='ocrx_word' id='word_1_80' title='bbox 1282 1579 1435 1652; x_wconf 89' lang='lat' dir='ltr'>animus</span> <span class='ocrx_word' id='word_1_81' title='bbox 1456 1578 1554 1653; x_wconf 90' lang='lat' dir='ltr'>liber</span> <span class='ocrx_word' id='word_1_82' title='bbox 1576 1597 1665 1653; x_wconf 78' lang='lat' dir='ltr'>erat</span> <span class='ocrx_word' id='word_1_83' title='bbox 1705 1580 1834 1682; x_wconf 74' lang='lat' dir='ltr'>Igitur</span> 
     </span>
     <span class='ocr_line' id='line_1_11' title="bbox 426 1703 1835 1807; baseline -0.006 -24"><span class='ocrx_word' id='word_1_84' title='bbox 426 1709 474 1783; x_wconf 90' lang='lat' dir='ltr'>de</span> <span class='ocrx_word' id='word_1_85' title='bbox 495 1709 670 1784; x_wconf 71' lang='lat' dir='ltr'>Catilina</span> <span class='ocrx_word' id='word_1_86' title='bbox 698 1705 981 1789; x_wconf 87' lang='lat' dir='ltr'>coniuratione,</span> <span class='ocrx_word' id='word_1_87' title='bbox 1007 1729 1127 1802; x_wconf 85' lang='lat' dir='ltr'>quam</span> <span class='ocrx_word' id='word_1_88' title='bbox 1148 1703 1351 1777; x_wconf 71' lang='lat' dir='ltr'>verissume</span> <span class='ocrx_word' id='word_1_89' title='bbox 1378 1722 1530 1807; x_wconf 83' lang='lat' dir='ltr'>potero,</span> <span class='ocrx_word' id='word_1_90' title='bbox 1554 1703 1685 1805; x_wconf 83' lang='lat' dir='ltr'>paucis</span> <span class='ocrx_word' id='word_1_91' title='bbox 1711 1703 1835 1774; x_wconf 87' lang='lat' dir='ltr'>absol-</span> 
     </span>
     <span class='ocr_line' id='line_1_12' title="bbox 426 1825 1834 1934; baseline -0.006 -26"><span class='ocrx_word' id='word_1_92' title='bbox 426 1861 521 1908; x_wconf 82' lang='lat' dir='ltr'>vam.</span> <span class='ocrx_word' id='word_1_93' title='bbox 563 1835 661 1907; x_wconf 72' lang='lat' dir='ltr'>Nam</span> <span class='ocrx_word' id='word_1_94' title='bbox 683 1832 724 1907; x_wconf 93' lang='lat' dir='ltr'>id</span> <span class='ocrx_word' id='word_1_95' title='bbox 742 1831 892 1904; x_wconf 85' lang='lat' dir='ltr'>facinus</span> <span class='ocrx_word' id='word_1_96' title='bbox 912 1827 954 1899; x_wconf 93' lang='lat' dir='ltr'>in</span> <span class='ocrx_word' id='word_1_97' title='bbox 976 1825 1111 1934; x_wconf 86' lang='lat' dir='ltr'>primis</span> <span class='ocrx_word' id='word_1_98' title='bbox 1139 1852 1207 1928; x_wconf 83' lang='lat' dir='ltr'>ego</span> <span class='ocrx_word' id='word_1_99' title='bbox 1225 1828 1473 1902; x_wconf 80' lang='lat' dir='ltr'>memorabile</span> <span class='ocrx_word' id='word_1_100' title='bbox 1490 1827 1692 1913; x_wconf 76' lang='lat' dir='ltr'>existumo,</span> <span class='ocrx_word' id='word_1_101' title='bbox 1718 1827 1834 1900; x_wconf 84' lang='lat' dir='ltr'>scele-</span> 
     </span>
     <span class='ocr_line' id='line_1_13' title="bbox 426 1948 1836 2062; baseline -0.006 -31"><span class='ocrx_word' id='word_1_102' title='bbox 426 1959 479 2031; x_wconf 88' lang='lat' dir='ltr'>ris</span> <span class='ocrx_word' id='word_1_103' title='bbox 496 1975 613 2061; x_wconf 89' lang='lat' dir='ltr'>atque</span> <span class='ocrx_word' id='word_1_104' title='bbox 639 1955 804 2062; x_wconf 88' lang='lat' dir='ltr'>periculi</span> <span class='ocrx_word' id='word_1_105' title='bbox 830 1951 1006 2058; x_wconf 75' lang='lat' dir='ltr'>noritate.</span> <span class='ocrx_word' id='word_1_106' title='bbox 1032 1951 1092 2022; x_wconf 93' lang='lat' dir='ltr'>De</span> <span class='ocrx_word' id='word_1_107' title='bbox 1112 1950 1220 2022; x_wconf 87' lang='lat' dir='ltr'>cuius</span> <span class='ocrx_word' id='word_1_108' title='bbox 1242 1948 1409 2023; x_wconf 88' lang='lat' dir='ltr'>hominis</span> <span class='ocrx_word' id='word_1_109' title='bbox 1427 1951 1596 2025; x_wconf 89' lang='lat' dir='ltr'>moribus</span> <span class='ocrx_word' id='word_1_110' title='bbox 1617 1977 1739 2053; x_wconf 89' lang='lat' dir='ltr'>pauca</span> <span class='ocrx_word' id='word_1_111' title='bbox 1753 1951 1836 2053; x_wconf 87' lang='lat' dir='ltr'>pri-</span> 
     </span>
     <span class='ocr_line' id='line_1_14' title="bbox 427 2073 1560 2186; baseline -0.008 -29"><span class='ocrx_word' id='word_1_112' title='bbox 427 2110 472 2157; x_wconf 84' lang='lat' dir='ltr'>us</span> <span class='ocrx_word' id='word_1_113' title='bbox 489 2082 732 2186; x_wconf 82' lang='lat' dir='ltr'>explananda</span> <span class='ocrx_word' id='word_1_114' title='bbox 752 2097 863 2165; x_wconf 85' lang='lat' dir='ltr'>sunt,</span> <span class='ocrx_word' id='word_1_115' title='bbox 887 2102 1006 2178; x_wconf 89' lang='lat' dir='ltr'>quam</span> <span class='ocrx_word' id='word_1_116' title='bbox 1023 2073 1181 2146; x_wconf 90' lang='lat' dir='ltr'>initium</span> <span class='ocrx_word' id='word_1_117' title='bbox 1204 2075 1390 2148; x_wconf 87' lang='lat' dir='ltr'>narrandi</span> <span class='ocrx_word' id='word_1_118' title='bbox 1412 2073 1560 2148; x_wconf 80' lang='lat' dir='ltr'>sariam</span> 
     </span>
    </p>

    <p class='ocr_par' dir='ltr' id='par_1_3' title="bbox 398 2197 1836 2554">
     <span class='ocr_line' id='line_1_15' title="bbox 398 2197 1836 2301; baseline -0.01 -19"><span class='ocrx_word' id='word_1_119' title='bbox 398 2225 415 2282; x_wconf 86' lang='grc'><strong>5</strong></span> <span class='ocrx_word' id='word_1_120' title='bbox 475 2209 616 2281; x_wconf 82' lang='lat' dir='ltr'>Lurius</span> <span class='ocrx_word' id='word_1_121' title='bbox 645 2206 810 2280; x_wconf 82' lang='lat' dir='ltr'>Catilina</span> <span class='ocrx_word' id='word_1_122' title='bbox 831 2199 953 2274; x_wconf 90' lang='lat' dir='ltr'>nobili</span> <span class='ocrx_word' id='word_1_123' title='bbox 975 2223 1110 2300; x_wconf 82' lang='lat' dir='ltr'>genere</span> <span class='ocrx_word' id='word_1_124' title='bbox 1133 2214 1264 2284; x_wconf 86' lang='lat' dir='ltr'>natus,</span> <span class='ocrx_word' id='word_1_125' title='bbox 1289 2198 1365 2270; x_wconf 87' lang='lat' dir='ltr'>suit</span> <span class='ocrx_word' id='word_1_126' title='bbox 1383 2224 1519 2301; x_wconf 76' lang='lat' dir='ltr'>magna</span> <span class='ocrx_word' id='word_1_127' title='bbox 1544 2198 1582 2269; x_wconf 75' lang='lat' dir='ltr'>ri</span> <span class='ocrx_word' id='word_1_128' title='bbox 1602 2213 1639 2270; x_wconf 88' lang='lat' dir='ltr'>et</span> <span class='ocrx_word' id='word_1_129' title='bbox 1658 2197 1778 2269; x_wconf 90' lang='lat' dir='ltr'>animi</span> <span class='ocrx_word' id='word_1_130' title='bbox 1797 2215 1836 2270; x_wconf 85' lang='lat' dir='ltr'>et</span> 
     </span>
     <span class='ocr_line' id='line_1_16' title="bbox 425 2319 1835 2436; baseline -0.011 -29"><span class='ocrx_word' id='word_1_131' title='bbox 425 2333 604 2436; x_wconf 86' lang='lat' dir='ltr'>corporis,</span> <span class='ocrx_word' id='word_1_132' title='bbox 621 2331 685 2403; x_wconf 88' lang='lat' dir='ltr'>sed</span> <span class='ocrx_word' id='word_1_133' title='bbox 699 2327 851 2432; x_wconf 83' lang='lat' dir='ltr'>ingenio</span> <span class='ocrx_word' id='word_1_134' title='bbox 866 2322 968 2396; x_wconf 90' lang='lat' dir='ltr'>malo</span> <span class='ocrx_word' id='word_1_135' title='bbox 981 2346 1183 2422; x_wconf 72' lang='lat' dir='ltr'>pravoque.</span> <span class='ocrx_word' id='word_1_136' title='bbox 1208 2321 1310 2392; x_wconf 87' lang='lat' dir='ltr'>Huic</span> <span class='ocrx_word' id='word_1_137' title='bbox 1328 2322 1377 2394; x_wconf 92' lang='lat' dir='ltr'>ab</span> <span class='ocrx_word' id='word_1_138' title='bbox 1390 2321 1643 2394; x_wconf 86' lang='lat' dir='ltr'>adulescentia</span> <span class='ocrx_word' id='word_1_139' title='bbox 1659 2319 1758 2393; x_wconf 89' lang='lat' dir='ltr'>bella</span> <span class='ocrx_word' id='word_1_140' title='bbox 1773 2320 1835 2391; x_wconf 90' lang='lat' dir='ltr'>in-</span> 
     </span>
     <span class='ocr_line' id='line_1_17' title="bbox 426 2443 1836 2554; baseline -0.011 -23"><span class='ocrx_word' id='word_1_141' title='bbox 426 2457 582 2544; x_wconf 86' lang='lat' dir='ltr'>testina,</span> <span class='ocrx_word' id='word_1_142' title='bbox 605 2453 744 2540; x_wconf 64' lang='lat' dir='ltr'>eules,</span> <span class='ocrx_word' id='word_1_143' title='bbox 769 2450 946 2554; x_wconf 88' lang='lat' dir='ltr'>rapinae,</span> <span class='ocrx_word' id='word_1_144' title='bbox 973 2443 1161 2518; x_wconf 83' lang='lat' dir='ltr'>discordia</span> <span class='ocrx_word' id='word_1_145' title='bbox 1187 2443 1307 2517; x_wconf 72' lang='lat' dir='ltr'>civilis</span> <span class='ocrx_word' id='word_1_146' title='bbox 1325 2462 1431 2548; x_wconf 80' lang='lat' dir='ltr'>grata</span> <span class='ocrx_word' id='word_1_147' title='bbox 1451 2445 1557 2518; x_wconf 84' lang='lat' dir='ltr'>suere</span> <span class='ocrx_word' id='word_1_148' title='bbox 1581 2478 1589 2515; x_wconf 93' lang='lat'><strong>:</strong></span> <span class='ocrx_word' id='word_1_149' title='bbox 1615 2443 1745 2544; x_wconf 87' lang='lat' dir='ltr'>ibique</span> <span class='ocrx_word' id='word_1_150' title='bbox 1772 2443 1836 2544; x_wconf 87' lang='lat' dir='ltr'>ju·</span> 
     </span>
    </p>
   </div>
   <div class='ocr_carea' id='block_1_3' title="bbox 316 2643 1838 3463">
    <p class='ocr_par' dir='ltr' id='par_1_4' title="bbox 316 2643 1838 3463">
     <span class='ocr_line' id='line_1_18' title="bbox 426 2643 1836 2720; baseline -0.011 -9"><span class='ocrx_word' id='word_1_151' title='bbox 426 2653 500 2711; x_wconf 83' lang='lat' dir='ltr'>bric.</span> <span class='ocrx_word' id='word_1_152' title='bbox 519 2651 698 2710; x_wconf 70' lang='lat' dir='ltr'>unsenat.</span> <span class='ocrx_word' id='word_1_153' title='bbox 724 2671 750 2706; x_wconf 92' lang='grc' dir='ltr'><strong>ι.</strong></span> <span class='ocrx_word' id='word_1_154' title='bbox 778 2648 879 2704; x_wconf 71' lang='lat' dir='ltr'>l&#39;iuar.</span> <span class='ocrx_word' id='word_1_155' title='bbox 905 2667 929 2702; x_wconf 89' lang='grc' dir='ltr'><strong>ι.</strong></span> <span class='ocrx_word' id='word_1_156' title='bbox 958 2648 1094 2704; x_wconf 61' lang='lat' dir='ltr'>adt-orsa.</span> <span class='ocrx_word' id='word_1_157' title='bbox 1121 2644 1228 2699; x_wconf 71' lang='lat' dir='ltr'>Incert.</span> <span class='ocrx_word' id='word_1_158' title='bbox 1246 2654 1383 2720; x_wconf 72' lang='lat' dir='ltr'>uterques</span> <span class='ocrx_word' id='word_1_159' title='bbox 1406 2663 1508 2699; x_wconf 80' lang='lat' dir='ltr'>omues</span> <span class='ocrx_word' id='word_1_160' title='bbox 1526 2643 1583 2699; x_wconf 82' lang='lat' dir='ltr'>mei</span> <span class='ocrx_word' id='word_1_161' title='bbox 1601 2644 1722 2699; x_wconf 54' lang='lat' dir='ltr'>aduersa</span> <span class='ocrx_word' id='word_1_162' title='bbox 1745 2652 1836 2697; x_wconf 86' lang='lat' dir='ltr'>tuen·</span> 
     </span>
     <span class='ocr_line' id='line_1_19' title="bbox 428 2744 1836 2826; baseline -0.009 -12"><span class='ocrx_word' id='word_1_163' title='bbox 428 2769 486 2815; x_wconf 89' lang='lat' dir='ltr'>tur.</span> <span class='ocrx_word' id='word_1_164' title='bbox 507 2757 600 2814; x_wconf 85' lang='lat' dir='ltr'>multo</span> <span class='ocrx_word' id='word_1_165' title='bbox 614 2758 745 2813; x_wconf 62' lang='lat' dir='ltr'>aduerso.</span> <span class='ocrx_word' id='word_1_166' title='bbox 762 2753 843 2810; x_wconf 83' lang='lat' dir='ltr'>leid.</span> <span class='ocrx_word' id='word_1_167' title='bbox 863 2773 889 2808; x_wconf 83' lang='lat' dir='ltr'>a.</span> <span class='ocrx_word' id='word_1_168' title='bbox 910 2773 935 2808; x_wconf 89' lang='lat' dir='ltr'>c.</span> <span class='ocrx_word' id='word_1_169' title='bbox 956 2751 987 2808; x_wconf 93' lang='lat' dir='ltr'>d.</span> <span class='ocrx_word' id='word_1_170' title='bbox 1005 2771 1031 2806; x_wconf 86' lang='lat' dir='ltr'>e.</span> <span class='ocrx_word' id='word_1_171' title='bbox 1049 2751 1069 2805; x_wconf 83' lang='lat' dir='ltr'>l.</span> <span class='ocrx_word' id='word_1_172' title='bbox 1084 2769 1114 2826; x_wconf 83' lang='lat' dir='ltr'>g.</span> <span class='ocrx_word' id='word_1_173' title='bbox 1128 2745 1160 2804; x_wconf 84' lang='lat' dir='ltr'>lt.</span> <span class='ocrx_word' id='word_1_174' title='bbox 1176 2749 1197 2804; x_wconf 88' lang='lat' dir='ltr'>i.</span> <span class='ocrx_word' id='word_1_175' title='bbox 1214 2747 1242 2802; x_wconf 80' lang='lat' dir='ltr'>l.</span> <span class='ocrx_word' id='word_1_176' title='bbox 1263 2767 1294 2803; x_wconf 90' lang='lat' dir='ltr'>u.</span> <span class='ocrx_word' id='word_1_177' title='bbox 1321 2747 1382 2803; x_wconf 86' lang='lat' dir='ltr'>Bas.</span> <span class='ocrx_word' id='word_1_178' title='bbox 1403 2766 1428 2804; x_wconf 89' lang='grc' dir='ltr'><strong>ι.</strong></span> <span class='ocrx_word' id='word_1_179' title='bbox 1445 2767 1473 2803; x_wconf 85' lang='lat'>2.</span> <span class='ocrx_word' id='word_1_180' title='bbox 1487 2749 1516 2814; x_wconf 62' lang='lat'>4&#39;.</span> <span class='ocrx_word' id='word_1_181' title='bbox 1540 2745 1635 2804; x_wconf 80' lang='lat' dir='ltr'>Turio.</span> <span class='ocrx_word' id='word_1_182' title='bbox 1657 2767 1681 2801; x_wconf 88' lang='grc' dir='ltr'><strong>ι.</strong></span> <span class='ocrx_word' id='word_1_183' title='bbox 1697 2765 1725 2802; x_wconf 82' lang='grc' dir='ltr'><strong>ι.</strong></span> <span class='ocrx_word' id='word_1_184' title='bbox 1747 2744 1836 2802; x_wconf 83' lang='lat' dir='ltr'>Bern.</span> 
     </span>
     <span class='ocr_line' id='line_1_20' title="bbox 316 2849 1835 2942; baseline -0.013 -19"><span class='ocrx_word' id='word_1_185' title='bbox 316 2867 324 2874; x_wconf 82' lang='grc'><strong>“</strong></span> <span class='ocrx_word' id='word_1_186' title='bbox 429 2884 458 2922; x_wconf 76' lang='grc' dir='ltr'><strong>ι.</strong></span> <span class='ocrx_word' id='word_1_187' title='bbox 479 2862 509 2922; x_wconf 79' lang='grc'>5.</span> <span class='ocrx_word' id='word_1_188' title='bbox 528 2861 597 2942; x_wconf 74' lang='lat' dir='ltr'>Teg.</span> <span class='ocrx_word' id='word_1_189' title='bbox 620 2860 711 2917; x_wconf 68' lang='lat' dir='ltr'>ntrtlta</span> <span class='ocrx_word' id='word_1_190' title='bbox 729 2858 805 2914; x_wconf 78' lang='lat' dir='ltr'>milii</span> <span class='ocrx_word' id='word_1_191' title='bbox 820 2858 951 2912; x_wconf 58' lang='lat' dir='ltr'>adverso.</span> <span class='ocrx_word' id='word_1_192' title='bbox 974 2853 1054 2912; x_wconf 69' lang='lat' dir='ltr'>hit.</span> <span class='ocrx_word' id='word_1_193' title='bbox 1071 2856 1093 2910; x_wconf 92' lang='lat' dir='ltr'>l.</span> <span class='ocrx_word' id='word_1_194' title='bbox 1115 2851 1164 2908; x_wconf 84' lang='lat' dir='ltr'>ad.</span> <span class='ocrx_word' id='word_1_195' title='bbox 1186 2851 1238 2907; x_wconf 81' lang='lat' dir='ltr'>mi.</span> <span class='ocrx_word' id='word_1_196' title='bbox 1256 2872 1317 2906; x_wconf 75' lang='lat' dir='ltr'>nra.</span> <span class='ocrx_word' id='word_1_197' title='bbox 1344 2851 1406 2907; x_wconf 80' lang='lat' dir='ltr'>Bas.</span> <span class='ocrx_word' id='word_1_198' title='bbox 1427 2850 1457 2909; x_wconf 79' lang='grc'>3.</span> <span class='ocrx_word' id='word_1_199' title='bbox 1489 2852 1581 2908; x_wconf 81' lang='lat' dir='ltr'>molto</span> <span class='ocrx_word' id='word_1_200' title='bbox 1601 2853 1722 2908; x_wconf 65' lang='lat' dir='ltr'>odtrrso</span> <span class='ocrx_word' id='word_1_201' title='bbox 1748 2849 1835 2905; x_wconf 79' lang='lat' dir='ltr'>milri.</span> 
     </span>
     <span class='ocr_line' id='line_1_21' title="bbox 428 2954 1833 3048; baseline -0.011 -22"><span class='ocrx_word' id='word_1_202' title='bbox 428 2968 487 3026; x_wconf 73' lang='lat' dir='ltr'>fsl.</span> <span class='ocrx_word' id='word_1_203' title='bbox 512 2988 601 3048; x_wconf 76' lang='lat' dir='ltr'>quare</span> <span class='ocrx_word' id='word_1_204' title='bbox 621 2966 714 3022; x_wconf 82' lang='lat' dir='ltr'>multo</span> <span class='ocrx_word' id='word_1_205' title='bbox 726 2965 852 3020; x_wconf 69' lang='lat' dir='ltr'>adorto</span> <span class='ocrx_word' id='word_1_206' title='bbox 872 2958 1058 3017; x_wconf 78' lang='lat' dir='ltr'>scribendum</span> <span class='ocrx_word' id='word_1_207' title='bbox 1078 2976 1192 3015; x_wconf 79' lang='lat' dir='ltr'>censeo.</span> <span class='ocrx_word' id='word_1_208' title='bbox 1220 2956 1257 3011; x_wconf 80' lang='lat' dir='ltr'>ob</span> <span class='ocrx_word' id='word_1_209' title='bbox 1272 2956 1449 3030; x_wconf 56' lang='lat' dir='ltr'>reliquorum</span> <span class='ocrx_word' id='word_1_210' title='bbox 1472 2955 1556 3013; x_wconf 81' lang='lat' dir='ltr'>malis</span> <span class='ocrx_word' id='word_1_211' title='bbox 1572 2956 1708 3013; x_wconf 66' lang='lat' dir='ltr'>uxoribus.</span> <span class='ocrx_word' id='word_1_212' title='bbox 1730 2954 1793 3010; x_wconf 75' lang='lat' dir='ltr'>Bas.</span> <span class='ocrx_word' id='word_1_213' title='bbox 1808 2977 1833 3011; x_wconf 84' lang='lat'>1.</span> 
     </span>
     <span class='ocr_line' id='line_1_22' title="bbox 428 3057 1835 3142; baseline -0.013 -10"><span class='ocrx_word' id='word_1_214' title='bbox 428 3095 456 3132; x_wconf 76' lang='lat' dir='ltr'>a.</span> <span class='ocrx_word' id='word_1_215' title='bbox 469 3073 498 3132; x_wconf 79' lang='grc'>3.</span> <span class='ocrx_word' id='word_1_216' title='bbox 513 3073 542 3142; x_wconf 59' lang='lat' dir='ltr'>l.</span> <span class='ocrx_word' id='word_1_217' title='bbox 565 3073 649 3129; x_wconf 80' lang='lat' dir='ltr'>Paris.</span> <span class='ocrx_word' id='word_1_218' title='bbox 663 3093 691 3130; x_wconf 92' lang='lat' dir='ltr'>c.</span> <span class='ocrx_word' id='word_1_219' title='bbox 711 3069 809 3126; x_wconf 78' lang='lat' dir='ltr'>Turio.</span> <span class='ocrx_word' id='word_1_220' title='bbox 828 3089 852 3122; x_wconf 92' lang='grc' dir='ltr'><strong>ι.</strong></span> <span class='ocrx_word' id='word_1_221' title='bbox 871 3086 912 3120; x_wconf 82' lang='grc' dir='ltr'><strong>ιιι.</strong></span> <span class='ocrx_word' id='word_1_222' title='bbox 929 3084 975 3142; x_wconf 87' lang='lat' dir='ltr'>pr.</span> <span class='ocrx_word' id='word_1_223' title='bbox 996 3061 1076 3120; x_wconf 59' lang='lat' dir='ltr'>laid.</span> <span class='ocrx_word' id='word_1_224' title='bbox 1099 3064 1120 3118; x_wconf 89' lang='lat' dir='ltr'>l.</span> <span class='ocrx_word' id='word_1_225' title='bbox 1139 3059 1169 3116; x_wconf 91' lang='lat' dir='ltr'>b.</span> <span class='ocrx_word' id='word_1_226' title='bbox 1185 3082 1214 3140; x_wconf 83' lang='lat' dir='ltr'>g.</span> <span class='ocrx_word' id='word_1_227' title='bbox 1228 3057 1261 3117; x_wconf 86' lang='lat' dir='ltr'>b.</span> <span class='ocrx_word' id='word_1_228' title='bbox 1274 3063 1295 3118; x_wconf 91' lang='lat' dir='ltr'>i.</span> <span class='ocrx_word' id='word_1_229' title='bbox 1309 3081 1340 3117; x_wconf 93' lang='lat' dir='ltr'>u.</span> <span class='ocrx_word' id='word_1_230' title='bbox 1359 3059 1444 3117; x_wconf 81' lang='lat' dir='ltr'>Fabr.</span> <span class='ocrx_word' id='word_1_231' title='bbox 1465 3071 1558 3140; x_wconf 83' lang='lat' dir='ltr'>uterq.</span> <span class='ocrx_word' id='word_1_232' title='bbox 1582 3060 1703 3119; x_wconf 78' lang='lat' dir='ltr'>[ecard.</span> <span class='ocrx_word' id='word_1_233' title='bbox 1734 3060 1835 3116; x_wconf 86' lang='lat' dir='ltr'>Senat.</span> 
     </span>
     <span class='ocr_line' id='line_1_23' title="bbox 426 3163 1836 3258; baseline -0.012 -22"><span class='ocrx_word' id='word_1_234' title='bbox 426 3191 520 3258; x_wconf 82' lang='lat' dir='ltr'>uterq.</span> <span class='ocrx_word' id='word_1_235' title='bbox 535 3178 623 3236; x_wconf 74' lang='lat' dir='ltr'>dead.</span> <span class='ocrx_word' id='word_1_236' title='bbox 639 3176 737 3233; x_wconf 79' lang='lat' dir='ltr'>lleuss.</span> <span class='ocrx_word' id='word_1_237' title='bbox 749 3173 849 3229; x_wconf 78' lang='lat' dir='ltr'>l&#39;iuar.</span> <span class='ocrx_word' id='word_1_238' title='bbox 867 3169 964 3226; x_wconf 75' lang='lat' dir='ltr'>Gueli.</span> <span class='ocrx_word' id='word_1_239' title='bbox 980 3189 1004 3224; x_wconf 89' lang='grc' dir='ltr'><strong>ι.</strong></span> <span class='ocrx_word' id='word_1_240' title='bbox 1024 3188 1052 3224; x_wconf 82' lang='lat'>2.</span> <span class='ocrx_word' id='word_1_241' title='bbox 1065 3168 1094 3235; x_wconf 66' lang='grc'>4.</span> <span class='ocrx_word' id='word_1_242' title='bbox 1110 3167 1139 3224; x_wconf 89' lang='grc'>5.</span> <span class='ocrx_word' id='word_1_243' title='bbox 1160 3165 1244 3223; x_wconf 77' lang='lat' dir='ltr'>licut.</span> <span class='ocrx_word' id='word_1_244' title='bbox 1260 3185 1288 3222; x_wconf 78' lang='lat' dir='ltr'>a.</span> <span class='ocrx_word' id='word_1_245' title='bbox 1306 3163 1424 3220; x_wconf 71' lang='lat' dir='ltr'>Grutcfi</span> <span class='ocrx_word' id='word_1_246' title='bbox 1443 3166 1585 3222; x_wconf 81' lang='lat' dir='ltr'>meliores.</span> <span class='ocrx_word' id='word_1_247' title='bbox 1601 3163 1836 3222; x_wconf 82' lang='lat' dir='ltr'>Pemb.1ib.ll.</span> 
     </span>
     <span class='ocr_line' id='line_1_24' title="bbox 426 3267 1838 3358; baseline -0.016 -13"><span class='ocrx_word' id='word_1_248' title='bbox 426 3299 456 3346; x_wconf 75' lang='lat' dir='ltr'>et</span> <span class='ocrx_word' id='word_1_249' title='bbox 473 3285 575 3342; x_wconf 67' lang='lat' dir='ltr'>statii</span> <span class='ocrx_word' id='word_1_250' title='bbox 584 3295 614 3345; x_wconf 89' lang='lat' dir='ltr'>r.</span> <span class='ocrx_word' id='word_1_251' title='bbox 632 3303 672 3338; x_wconf 85' lang='grc' dir='ltr'><strong>ιιι.</strong></span> <span class='ocrx_word' id='word_1_252' title='bbox 685 3299 730 3358; x_wconf 76' lang='lat' dir='ltr'>pr.</span> <span class='ocrx_word' id='word_1_253' title='bbox 754 3276 909 3335; x_wconf 67' lang='lat' dir='ltr'>trrztlaat.</span> <span class='ocrx_word' id='word_1_254' title='bbox 929 3273 1008 3330; x_wconf 82' lang='lat' dir='ltr'>leid.</span> <span class='ocrx_word' id='word_1_255' title='bbox 1023 3295 1050 3328; x_wconf 84' lang='lat' dir='ltr'>a.</span> <span class='ocrx_word' id='word_1_256' title='bbox 1063 3272 1092 3328; x_wconf 84' lang='lat' dir='ltr'>b.</span> <span class='ocrx_word' id='word_1_257' title='bbox 1108 3268 1141 3327; x_wconf 88' lang='lat' dir='ltr'>b.</span> <span class='ocrx_word' id='word_1_258' title='bbox 1162 3269 1246 3327; x_wconf 82' lang='lat' dir='ltr'>Paris.</span> <span class='ocrx_word' id='word_1_259' title='bbox 1264 3291 1291 3326; x_wconf 83' lang='lat' dir='ltr'>a.</span> <span class='ocrx_word' id='word_1_260' title='bbox 1313 3270 1425 3339; x_wconf 52' lang='lat' dir='ltr'>calleat,</span> <span class='ocrx_word' id='word_1_261' title='bbox 1443 3289 1498 3345; x_wconf 73' lang='grc' dir='ltr'><strong>ςιιιι</strong></span> <span class='ocrx_word' id='word_1_262' title='bbox 1517 3272 1636 3350; x_wconf 77' lang='lat' dir='ltr'>corrigit</span> <span class='ocrx_word' id='word_1_263' title='bbox 1648 3267 1838 3325; x_wconf 75' lang='lat' dir='ltr'>Latinusln-</span> 
     </span>
     <span class='ocr_line' id='line_1_25' title="bbox 428 3372 1549 3463; baseline -0.019 -15"><span class='ocrx_word' id='word_1_264' title='bbox 428 3393 517 3448; x_wconf 81' lang='lat' dir='ltr'>tinius</span> <span class='ocrx_word' id='word_1_265' title='bbox 538 3389 580 3463; x_wconf 68' lang='lat' dir='ltr'>(in</span> <span class='ocrx_word' id='word_1_266' title='bbox 596 3382 736 3444; x_wconf 74' lang='lat' dir='ltr'>biblioth.</span> <span class='ocrx_word' id='word_1_267' title='bbox 749 3401 820 3439; x_wconf 84' lang='lat' dir='ltr'>sarr.</span> <span class='ocrx_word' id='word_1_268' title='bbox 842 3390 870 3438; x_wconf 84' lang='lat' dir='ltr'>et</span> <span class='ocrx_word' id='word_1_269' title='bbox 886 3379 1001 3457; x_wconf 80' lang='lat' dir='ltr'>profan.</span> <span class='ocrx_word' id='word_1_270' title='bbox 1020 3376 1131 3433; x_wconf 80' lang='lat' dir='ltr'>Romae</span> <span class='ocrx_word' id='word_1_271' title='bbox 1149 3376 1236 3452; x_wconf 62' lang='lat' dir='ltr'>ttijy.</span> <span class='ocrx_word' id='word_1_272' title='bbox 1254 3373 1327 3430; x_wconf 83' lang='lat' dir='ltr'>Part.</span> <span class='ocrx_word' id='word_1_273' title='bbox 1345 3373 1385 3428; x_wconf 90' lang='lat' dir='ltr'>ll.</span> <span class='ocrx_word' id='word_1_274' title='bbox 1405 3396 1472 3452; x_wconf 71' lang='lat' dir='ltr'>pag.</span> <span class='ocrx_word' id='word_1_275' title='bbox 1486 3372 1549 3449; x_wconf 75' lang='lat'>38.)</span> 
     </span>
    </p>
   </div>
   <div class='ocr_carea' id='block_1_4' title="bbox 429 3501 1857 4418">
    <p class='ocr_par' dir='ltr' id='par_1_5' title="bbox 429 3501 1857 4418">
     <span class='ocr_line' id='line_1_26' title="bbox 491 3501 1833 3592; baseline -0.012 -18"><span class='ocrx_word' id='word_1_276' title='bbox 491 3515 565 3592; x_wconf 68' lang='lat' dir='ltr'>Cap.</span> <span class='ocrx_word' id='word_1_277' title='bbox 581 3515 609 3583; x_wconf 67' lang='lat' dir='ltr'>l.</span> <span class='ocrx_word' id='word_1_278' title='bbox 629 3510 778 3572; x_wconf 65' lang='lat' dir='ltr'>smerdis.</span> <span class='ocrx_word' id='word_1_279' title='bbox 794 3509 927 3566; x_wconf 86' lang='lat' dir='ltr'>meliores</span> <span class='ocrx_word' id='word_1_280' title='bbox 942 3505 1021 3562; x_wconf 73' lang='lat' dir='ltr'>lilii.</span> <span class='ocrx_word' id='word_1_281' title='bbox 1039 3502 1173 3561; x_wconf 72' lang='lat' dir='ltr'>secor-dia</span> <span class='ocrx_word' id='word_1_282' title='bbox 1194 3523 1228 3559; x_wconf 80' lang='lat' dir='ltr'>ex</span> <span class='ocrx_word' id='word_1_283' title='bbox 1243 3502 1325 3559; x_wconf 82' lang='lat' dir='ltr'>meis.</span> <span class='ocrx_word' id='word_1_284' title='bbox 1338 3501 1423 3559; x_wconf 83' lang='lat' dir='ltr'>Basil.</span> <span class='ocrx_word' id='word_1_285' title='bbox 1442 3523 1470 3560; x_wconf 80' lang='grc' dir='ltr'><strong>ι.</strong></span> <span class='ocrx_word' id='word_1_286' title='bbox 1486 3503 1516 3562; x_wconf 77' lang='grc'>5.</span> <span class='ocrx_word' id='word_1_287' title='bbox 1534 3503 1615 3560; x_wconf 73' lang='lat' dir='ltr'>leid.</span> <span class='ocrx_word' id='word_1_288' title='bbox 1631 3524 1659 3559; x_wconf 80' lang='lat' dir='ltr'>a.</span> <span class='ocrx_word' id='word_1_289' title='bbox 1674 3501 1705 3558; x_wconf 90' lang='lat' dir='ltr'>b.</span> <span class='ocrx_word' id='word_1_290' title='bbox 1722 3522 1749 3558; x_wconf 85' lang='lat' dir='ltr'>c.</span> <span class='ocrx_word' id='word_1_291' title='bbox 1766 3503 1785 3556; x_wconf 80' lang='lat' dir='ltr'>l.</span> <span class='ocrx_word' id='word_1_292' title='bbox 1803 3525 1833 3576; x_wconf 65' lang='lat' dir='ltr'>g.</span> 
     </span>
     <span class='ocr_line' id='line_1_27' title="bbox 429 3605 1831 3686; baseline -0.013 -5"><span class='ocrx_word' id='word_1_293' title='bbox 429 3623 462 3681; x_wconf 84' lang='lat' dir='ltr'>b.</span> <span class='ocrx_word' id='word_1_294' title='bbox 481 3643 523 3679; x_wconf 94' lang='grc' dir='ltr'><strong>ιιι.</strong></span> <span class='ocrx_word' id='word_1_295' title='bbox 538 3641 569 3677; x_wconf 94' lang='grc' dir='ltr'>ιι.</span> <span class='ocrx_word' id='word_1_296' title='bbox 582 3615 679 3675; x_wconf 77' lang='lat' dir='ltr'>Turie-</span> <span class='ocrx_word' id='word_1_297' title='bbox 694 3629 722 3666; x_wconf 75' lang='grc' dir='ltr'><strong>ι.</strong></span> <span class='ocrx_word' id='word_1_298' title='bbox 736 3612 821 3671; x_wconf 83' lang='lat' dir='ltr'>Bern.</span> <span class='ocrx_word' id='word_1_299' title='bbox 842 3633 870 3671; x_wconf 77' lang='grc' dir='ltr'><strong>ι.</strong></span> <span class='ocrx_word' id='word_1_300' title='bbox 891 3633 910 3669; x_wconf 83' lang='lat' dir='ltr'>o</span> <span class='ocrx_word' id='word_1_301' title='bbox 936 3631 992 3686; x_wconf 73' lang='lat' dir='ltr'>quo</span> <span class='ocrx_word' id='word_1_302' title='bbox 1018 3609 1131 3686; x_wconf 59' lang='lat' dir='ltr'>incepto</span> <span class='ocrx_word' id='word_1_303' title='bbox 1151 3606 1261 3664; x_wconf 67' lang='lat' dir='ltr'>stelio.</span> <span class='ocrx_word' id='word_1_304' title='bbox 1282 3605 1345 3664; x_wconf 87' lang='lat' dir='ltr'>luc.</span> <span class='ocrx_word' id='word_1_305' title='bbox 1364 3627 1390 3663; x_wconf 93' lang='grc' dir='ltr'><strong>ι.</strong></span> <span class='ocrx_word' id='word_1_306' title='bbox 1404 3606 1502 3664; x_wconf 80' lang='lat' dir='ltr'>Guell.</span> <span class='ocrx_word' id='word_1_307' title='bbox 1521 3607 1551 3665; x_wconf 76' lang='grc'>5.</span> <span class='ocrx_word' id='word_1_308' title='bbox 1571 3629 1599 3686; x_wconf 74' lang='lat'>7.</span> <span class='ocrx_word' id='word_1_309' title='bbox 1615 3608 1645 3665; x_wconf 89' lang='lat'>8.</span> <span class='ocrx_word' id='word_1_310' title='bbox 1664 3627 1694 3683; x_wconf 79' lang='lat'>9.</span> <span class='ocrx_word' id='word_1_311' title='bbox 1715 3627 1762 3663; x_wconf 88' lang='grc' dir='ltr'><strong>ιο.</strong></span> <span class='ocrx_word' id='word_1_312' title='bbox 1785 3628 1831 3664; x_wconf 90' lang='grc' dir='ltr'>ιι.</span> 
     </span>
     <span class='ocr_line' id='line_1_28' title="bbox 432 3710 1833 3786; baseline -0.013 0"><span class='ocrx_word' id='word_1_313' title='bbox 432 3749 481 3786; x_wconf 76' lang='grc' dir='ltr'>ιι.</span> <span class='ocrx_word' id='word_1_314' title='bbox 501 3724 618 3784; x_wconf 79' lang='lat' dir='ltr'>Parisini</span> <span class='ocrx_word' id='word_1_315' title='bbox 638 3721 736 3779; x_wconf 54' lang='lat' dir='ltr'>ercle.</span> <span class='ocrx_word' id='word_1_316' title='bbox 753 3717 871 3776; x_wconf 75' lang='lat' dir='ltr'>Eceard.</span> <span class='ocrx_word' id='word_1_317' title='bbox 885 3714 973 3772; x_wconf 74' lang='lat' dir='ltr'>lead.</span> <span class='ocrx_word' id='word_1_318' title='bbox 989 3713 1072 3770; x_wconf 82' lang='lat' dir='ltr'>Rem.</span> <span class='ocrx_word' id='word_1_319' title='bbox 1093 3734 1118 3768; x_wconf 91' lang='grc' dir='ltr'><strong>ι.</strong></span> <span class='ocrx_word' id='word_1_320' title='bbox 1136 3712 1236 3768; x_wconf 79' lang='lat' dir='ltr'>l&#39;iuar.</span> <span class='ocrx_word' id='word_1_321' title='bbox 1254 3731 1279 3767; x_wconf 88' lang='grc' dir='ltr'><strong>ι.</strong></span> <span class='ocrx_word' id='word_1_322' title='bbox 1295 3711 1358 3768; x_wconf 76' lang='lat' dir='ltr'>lias.</span> <span class='ocrx_word' id='word_1_323' title='bbox 1373 3714 1403 3780; x_wconf 58' lang='lat' dir='ltr'>d.</span> <span class='ocrx_word' id='word_1_324' title='bbox 1422 3712 1559 3769; x_wconf 73' lang='lat' dir='ltr'>[rb&#39;l&#39;ur.</span> <span class='ocrx_word' id='word_1_325' title='bbox 1570 3732 1598 3769; x_wconf 81' lang='lat' dir='ltr'>a.</span> <span class='ocrx_word' id='word_1_326' title='bbox 1614 3710 1699 3768; x_wconf 78' lang='lat' dir='ltr'>Bcrn.</span> <span class='ocrx_word' id='word_1_327' title='bbox 1711 3731 1735 3767; x_wconf 95' lang='grc' dir='ltr'><strong>ι.</strong></span> <span class='ocrx_word' id='word_1_328' title='bbox 1751 3711 1833 3768; x_wconf 87' lang='lat' dir='ltr'>Leid.</span> 
     </span>
     <span class='ocr_line' id='line_1_29' title="bbox 430 3815 1835 3912; baseline -0.013 -22"><span class='ocrx_word' id='word_1_329' title='bbox 430 3834 462 3890; x_wconf 81' lang='lat' dir='ltr'>d.</span> <span class='ocrx_word' id='word_1_330' title='bbox 480 3854 510 3912; x_wconf 81' lang='lat' dir='ltr'>g.</span> <span class='ocrx_word' id='word_1_331' title='bbox 522 3828 587 3888; x_wconf 78' lang='lat' dir='ltr'>h&#39;b.</span> <span class='ocrx_word' id='word_1_332' title='bbox 606 3824 705 3885; x_wconf 67' lang='lat' dir='ltr'>aeti.</span> <span class='ocrx_word' id='word_1_333' title='bbox 719 3823 831 3880; x_wconf 82' lang='lat' dir='ltr'>Wassii.</span> <span class='ocrx_word' id='word_1_334' title='bbox 853 3843 871 3878; x_wconf 88' lang='lat' dir='ltr'>o</span> <span class='ocrx_word' id='word_1_335' title='bbox 889 3841 945 3897; x_wconf 79' lang='lat' dir='ltr'>qao</span> <span class='ocrx_word' id='word_1_336' title='bbox 963 3817 1078 3895; x_wconf 64' lang='lat' dir='ltr'>irrupto</span> <span class='ocrx_word' id='word_1_337' title='bbox 1093 3817 1256 3892; x_wconf 66' lang='lat' dir='ltr'>studioque,</span> <span class='ocrx_word' id='word_1_338' title='bbox 1275 3816 1338 3871; x_wconf 80' lang='lat' dir='ltr'>llas.</span> <span class='ocrx_word' id='word_1_339' title='bbox 1359 3837 1385 3872; x_wconf 91' lang='grc' dir='ltr'><strong>ι.</strong></span> <span class='ocrx_word' id='word_1_340' title='bbox 1402 3837 1430 3872; x_wconf 82' lang='grc' dir='ltr'><strong>ι.</strong></span> <span class='ocrx_word' id='word_1_341' title='bbox 1451 3815 1481 3874; x_wconf 78' lang='grc'>3.</span> <span class='ocrx_word' id='word_1_342' title='bbox 1500 3816 1582 3873; x_wconf 73' lang='lat' dir='ltr'>leid.</span> <span class='ocrx_word' id='word_1_343' title='bbox 1600 3818 1622 3872; x_wconf 91' lang='lat' dir='ltr'>l.</span> <span class='ocrx_word' id='word_1_344' title='bbox 1644 3837 1685 3872; x_wconf 87' lang='grc' dir='ltr'><strong>ιιι.</strong></span> <span class='ocrx_word' id='word_1_345' title='bbox 1704 3835 1750 3892; x_wconf 86' lang='lat' dir='ltr'>pr.</span> <span class='ocrx_word' id='word_1_346' title='bbox 1769 3827 1835 3872; x_wconf 79' lang='lat' dir='ltr'>eta.</span> 
     </span>
     <span class='ocr_line' id='line_1_30' title="bbox 430 3919 1836 4006; baseline -0.014 -10"><span class='ocrx_word' id='word_1_347' title='bbox 430 3960 459 3998; x_wconf 83' lang='lat' dir='ltr'>c.</span> <span class='ocrx_word' id='word_1_348' title='bbox 478 3937 500 3993; x_wconf 78' lang='lat' dir='ltr'>i.</span> <span class='ocrx_word' id='word_1_349' title='bbox 514 3937 536 3992; x_wconf 91' lang='lat' dir='ltr'>i.</span> <span class='ocrx_word' id='word_1_350' title='bbox 553 3954 594 3990; x_wconf 88' lang='lat' dir='ltr'>m.</span> <span class='ocrx_word' id='word_1_351' title='bbox 610 3950 641 3986; x_wconf 90' lang='lat' dir='ltr'>u.</span> <span class='ocrx_word' id='word_1_352' title='bbox 661 3929 730 4006; x_wconf 64' lang='lat' dir='ltr'>leg.</span> <span class='ocrx_word' id='word_1_353' title='bbox 745 3925 814 3983; x_wconf 81' lang='lat' dir='ltr'>Tur.</span> <span class='ocrx_word' id='word_1_354' title='bbox 828 3947 853 3982; x_wconf 90' lang='grc' dir='ltr'><strong>ι.</strong></span> <span class='ocrx_word' id='word_1_355' title='bbox 872 3925 939 3982; x_wconf 90' lang='lat' dir='ltr'>libri</span> <span class='ocrx_word' id='word_1_356' title='bbox 956 3926 1089 3981; x_wconf 74' lang='lat' dir='ltr'>meliores</span> <span class='ocrx_word' id='word_1_357' title='bbox 1105 3921 1223 3980; x_wconf 82' lang='lat' dir='ltr'>Crateri</span> <span class='ocrx_word' id='word_1_358' title='bbox 1234 3931 1263 3978; x_wconf 83' lang='lat' dir='ltr'>et</span> <span class='ocrx_word' id='word_1_359' title='bbox 1276 3921 1389 3978; x_wconf 63' lang='lat' dir='ltr'>tt&#39;aoit.</span> <span class='ocrx_word' id='word_1_360' title='bbox 1406 3920 1504 3978; x_wconf 79' lang='lat' dir='ltr'>Guels.</span> <span class='ocrx_word' id='word_1_361' title='bbox 1525 3940 1550 3977; x_wconf 87' lang='lat'>1.</span> <span class='ocrx_word' id='word_1_362' title='bbox 1564 3940 1593 3978; x_wconf 83' lang='lat'>2.</span> <span class='ocrx_word' id='word_1_363' title='bbox 1614 3920 1643 3988; x_wconf 71' lang='lat' dir='ltr'>l.</span> <span class='ocrx_word' id='word_1_364' title='bbox 1658 3921 1686 3976; x_wconf 84' lang='lat'>5.</span> <span class='ocrx_word' id='word_1_365' title='bbox 1703 3921 1732 3976; x_wconf 78' lang='grc'>6.</span> <span class='ocrx_word' id='word_1_366' title='bbox 1749 3919 1836 3976; x_wconf 78' lang='lat' dir='ltr'>Rem.</span> 
     </span>
     <span class='ocr_line' id='line_1_31' title="bbox 432 4021 1837 4106; baseline -0.013 -8"><span class='ocrx_word' id='word_1_367' title='bbox 432 4064 462 4104; x_wconf 76' lang='grc' dir='ltr'><strong>ι.</strong></span> <span class='ocrx_word' id='word_1_368' title='bbox 481 4039 595 4098; x_wconf 68' lang='lat' dir='ltr'>fabric.</span> <span class='ocrx_word' id='word_1_369' title='bbox 613 4033 682 4092; x_wconf 76' lang='lat' dir='ltr'>t&#39;ta.</span> <span class='ocrx_word' id='word_1_370' title='bbox 697 4053 724 4090; x_wconf 82' lang='grc' dir='ltr'><strong>ι.</strong></span> <span class='ocrx_word' id='word_1_371' title='bbox 739 4031 836 4088; x_wconf 84' lang='lat' dir='ltr'>Seuat.</span> <span class='ocrx_word' id='word_1_372' title='bbox 858 4039 951 4106; x_wconf 79' lang='lat' dir='ltr'>uterq.</span> <span class='ocrx_word' id='word_1_373' title='bbox 972 4027 1036 4086; x_wconf 81' lang='lat' dir='ltr'>luc.</span> <span class='ocrx_word' id='word_1_374' title='bbox 1049 4048 1077 4085; x_wconf 79' lang='grc' dir='ltr'><strong>ι.</strong></span> <span class='ocrx_word' id='word_1_375' title='bbox 1098 4026 1179 4085; x_wconf 69' lang='lat' dir='ltr'>[eit.</span> <span class='ocrx_word' id='word_1_376' title='bbox 1197 4025 1228 4082; x_wconf 90' lang='lat' dir='ltr'>b.</span> <span class='ocrx_word' id='word_1_377' title='bbox 1249 4025 1363 4103; x_wconf 63' lang='lat' dir='ltr'>iucqto</span> <span class='ocrx_word' id='word_1_378' title='bbox 1376 4027 1484 4082; x_wconf 82' lang='lat' dir='ltr'>omisit.</span> <span class='ocrx_word' id='word_1_379' title='bbox 1507 4024 1588 4086; x_wconf 71' lang='lat' dir='ltr'>leid,</span> <span class='ocrx_word' id='word_1_380' title='bbox 1605 4021 1637 4086; x_wconf 82' lang='lat' dir='ltr'>lt.</span> <span class='ocrx_word' id='word_1_381' title='bbox 1660 4044 1680 4080; x_wconf 81' lang='lat' dir='ltr'>a</span> <span class='ocrx_word' id='word_1_382' title='bbox 1697 4044 1755 4100; x_wconf 83' lang='lat' dir='ltr'>qao</span> <span class='ocrx_word' id='word_1_383' title='bbox 1771 4034 1837 4082; x_wconf 79' lang='lat' dir='ltr'>ttu-</span> 
     </span>
     <span class='ocr_line' id='line_1_32' title="bbox 431 4127 1857 4220; baseline -0.007 -24"><span class='ocrx_word' id='word_1_384' title='bbox 431 4147 484 4207; x_wconf 69' lang='lat' dir='ltr'>dio</span> <span class='ocrx_word' id='word_1_385' title='bbox 500 4143 624 4220; x_wconf 73' lang='grc' dir='ltr'><strong>ὺιαριο,</strong></span> <span class='ocrx_word' id='word_1_386' title='bbox 644 4138 723 4194; x_wconf 66' lang='lat' dir='ltr'>mala</span> <span class='ocrx_word' id='word_1_387' title='bbox 738 4155 783 4193; x_wconf 80' lang='lat' dir='ltr'>mr</span> <span class='ocrx_word' id='word_1_388' title='bbox 797 4134 926 4195; x_wconf 79' lang='lat' dir='ltr'>ambitio.</span> <span class='ocrx_word' id='word_1_389' title='bbox 949 4130 1034 4194; x_wconf 81' lang='lat' dir='ltr'>llern.</span> <span class='ocrx_word' id='word_1_390' title='bbox 1051 4153 1076 4194; x_wconf 86' lang='grc' dir='ltr'><strong>ι,</strong></span> <span class='ocrx_word' id='word_1_391' title='bbox 1105 4130 1186 4186; x_wconf 78' lang='lat' dir='ltr'>maia</span> <span class='ocrx_word' id='word_1_392' title='bbox 1199 4129 1328 4191; x_wconf 75' lang='lat' dir='ltr'>ambitio.</span> <span class='ocrx_word' id='word_1_393' title='bbox 1349 4129 1408 4191; x_wconf 71' lang='lat' dir='ltr'>En,</span> <span class='ocrx_word' id='word_1_394' title='bbox 1419 4129 1488 4208; x_wconf 62' lang='grc' dir='ltr'><strong>Τις.</strong></span> <span class='ocrx_word' id='word_1_395' title='bbox 1506 4127 1621 4189; x_wconf 76' lang='lat' dir='ltr'>beidi.</span> <span class='ocrx_word' id='word_1_396' title='bbox 1638 4148 1679 4191; x_wconf 85' lang='lat' dir='ltr'>m.</span> <span class='ocrx_word' id='word_1_397' title='bbox 1692 4129 1792 4191; x_wconf 68' lang='lat' dir='ltr'>Turio.</span> <span class='ocrx_word' id='word_1_398' title='bbox 1810 4151 1836 4192; x_wconf 82' lang='grc' dir='ltr'><strong>ι.</strong></span> <span class='ocrx_word' id='word_1_399' title='bbox 1853 4181 1857 4186; x_wconf 84' lang='grc'><strong>.</strong></span> 
     </span>
     <span class='ocr_line' id='line_1_33' title="bbox 431 4232 1836 4322; baseline -0.009 -19"><span class='ocrx_word' id='word_1_400' title='bbox 431 4253 519 4312; x_wconf 67' lang='lat' dir='ltr'>Bau,</span> <span class='ocrx_word' id='word_1_401' title='bbox 532 4270 561 4310; x_wconf 81' lang='lat'>2,</span> <span class='ocrx_word' id='word_1_402' title='bbox 581 4246 614 4302; x_wconf 84' lang='lat' dir='ltr'>in</span> <span class='ocrx_word' id='word_1_403' title='bbox 628 4242 734 4322; x_wconf 59' lang='lat' dir='ltr'>perlatis</span> <span class='ocrx_word' id='word_1_404' title='bbox 751 4237 946 4300; x_wconf 73' lang='lat' dir='ltr'>memorabile.</span> <span class='ocrx_word' id='word_1_405' title='bbox 960 4236 1041 4300; x_wconf 76' lang='lat' dir='ltr'>leid.</span> <span class='ocrx_word' id='word_1_406' title='bbox 1055 4235 1085 4298; x_wconf 82' lang='lat' dir='ltr'>b.</span> <span class='ocrx_word' id='word_1_407' title='bbox 1101 4234 1131 4296; x_wconf 88' lang='lat' dir='ltr'>d.</span> <span class='ocrx_word' id='word_1_408' title='bbox 1144 4257 1173 4315; x_wconf 80' lang='lat' dir='ltr'>g.</span> <span class='ocrx_word' id='word_1_409' title='bbox 1188 4234 1249 4296; x_wconf 76' lang='lat' dir='ltr'>Bas.</span> <span class='ocrx_word' id='word_1_410' title='bbox 1262 4233 1292 4296; x_wconf 81' lang='grc'>3.</span> <span class='ocrx_word' id='word_1_411' title='bbox 1306 4233 1457 4294; x_wconf 70' lang='lat' dir='ltr'>tristano.</span> <span class='ocrx_word' id='word_1_412' title='bbox 1471 4252 1574 4290; x_wconf 80' lang='lat' dir='ltr'>omnes</span> <span class='ocrx_word' id='word_1_413' title='bbox 1587 4233 1646 4291; x_wconf 78' lang='lat' dir='ltr'>lere</span> <span class='ocrx_word' id='word_1_414' title='bbox 1659 4232 1741 4294; x_wconf 76' lang='lat' dir='ltr'>laeid.</span> <span class='ocrx_word' id='word_1_415' title='bbox 1757 4255 1836 4292; x_wconf 84' lang='lat' dir='ltr'>eon-</span> 
     </span>
     <span class='ocr_line' id='line_1_34' title="bbox 435 4336 1835 4418; baseline -0.008 -14"><span class='ocrx_word' id='word_1_416' title='bbox 435 4358 552 4418; x_wconf 67' lang='lat' dir='ltr'>flmm</span> <span class='ocrx_word' id='word_1_417' title='bbox 566 4351 711 4414; x_wconf 57' lang='lat' dir='ltr'>videntur.</span> <span class='ocrx_word' id='word_1_418' title='bbox 732 4364 801 4402; x_wconf 83' lang='lat' dir='ltr'>nam</span> <span class='ocrx_word' id='word_1_419' title='bbox 815 4363 844 4401; x_wconf 78' lang='lat' dir='ltr'>e.</span> <span class='ocrx_word' id='word_1_420' title='bbox 863 4342 996 4402; x_wconf 69' lang='lat' dir='ltr'>existimo</span> <span class='ocrx_word' id='word_1_421' title='bbox 1010 4341 1032 4405; x_wconf 76' lang='lat' dir='ltr'>i.</span> <span class='ocrx_word' id='word_1_422' title='bbox 1052 4340 1163 4399; x_wconf 67' lang='lat' dir='ltr'>estimo</span> <span class='ocrx_word' id='word_1_423' title='bbox 1179 4336 1313 4398; x_wconf 71' lang='lat' dir='ltr'>exhibete</span> <span class='ocrx_word' id='word_1_424' title='bbox 1327 4349 1462 4396; x_wconf 78' lang='lat' dir='ltr'>notatum</span> <span class='ocrx_word' id='word_1_425' title='bbox 1481 4347 1532 4400; x_wconf 69' lang='lat' dir='ltr'>ert.</span> <span class='ocrx_word' id='word_1_426' title='bbox 1552 4347 1681 4400; x_wconf 65' lang='lat' dir='ltr'>minato.</span> <span class='ocrx_word' id='word_1_427' title='bbox 1699 4337 1788 4401; x_wconf 69' lang='lat' dir='ltr'>Febr,</span> <span class='ocrx_word' id='word_1_428' title='bbox 1807 4361 1835 4402; x_wconf 68' lang='grc' dir='ltr'><strong>ι,</strong></span> 
     </span>
    </p>
   </div>
   <div class='ocr_carea' id='block_1_5' title="bbox 0 0 2039 5009">
    <p class='ocr_par' dir='ltr' id='par_1_6' title="bbox 0 0 2039 5009">
     <span class='ocr_line' id='line_1_35' title="bbox 0 0 2039 5009; baseline 0 0"><span class='ocrx_word' id='word_1_429' title='bbox 0 0 2039 5009; x_wconf 95' lang='lat' dir='ltr'> </span> 
     </span>
    </p>
   </div>
  </div>
 </body>
</html>
