4050 5009
352 395 426 445 xxu

349 546 523 655 gurthini
550 547 645 625 ordo
675 547 857 651 capitum
873 544 1053 623 confusus
1075 540 1165 637 est,
1184 562 1221 623 et
1253 540 1395 623 desunt
1415 574 1496 625 non
1516 532 1654 654 pauca,
1687 554 1758 629 Ca·

351 690 425 778 put
462 676 554 749 CIII.
583 673 781 775 excipiunt
817 673 928 747 CXII.
959 672 1088 747 CXIII.
1114 672 1241 747 CXIV.
1267 698 1353 774 quae
1382 672 1526 777 integra
1554 673 1759 779 leguntur,

247 830 261 855 ο
352 796 469 871 finem
489 797 583 871 facit
605 796 726 873 oratio
747 794 840 899 regis
855 793 964 868 bocci
989 794 1039 869 ad
1056 794 1195 870 Sillam.
1223 796 1390 872 Collatus
1413 812 1468 870 est
1493 813 1531 871 et
1556 797 1621 873 bio
1644 798 1759 889 liber,

349 938 388 997 et
406 921 473 995 alii
491 919 569 996 duo
587 918 808 994 Basileenses
828 916 1047 1020 ingratiam
1066 919 1183 993 Cortii
1201 919 1250 993 ab
1273 918 1399 1008 Iselio,
1419 918 1502 1009 sed,
1517 937 1563 994 ut
1582 921 1660 997 fere
1682 921 1761 997 fieri

347 1043 460 1133 solet,
486 1042 574 1117 satis
607 1042 857 1146 negligentem
882 1066 1008 1141 neque
1040 1058 1134 1145 puto
1163 1040 1243 1116 lieri
1277 1067 1405 1145 posse,
1428 1058 1473 1129 ut
1501 1044 1569 1145 qui
1598 1043 1757 1120 editoroe

345 1165 575 1254 consilium,
605 1182 644 1239 et
669 1163 765 1266 quid
786 1162 1029 1267 potissimum
1057 1182 1254 1267 sequatur,
1287 1165 1483 1269 cognitum
1504 1194 1585 1242 non
1602 1165 1760 1258 babeat,

348 1317 410 1381 ca,
438 1316 515 1393 qna
534 1288 641 1364 decet
661 1286 874 1391 diligentia,
900 1284 975 1361 boe
996 1288 1155 1364 munere
1174 1287 1365 1394 fungatur.
1400 1287 1512 1365 Unde
1534 1287 1677 1367 lactum
1691 1307 1761 1388 est,

233 1421 237 1426 ’
350 1430 395 1491 ut
428 1413 577 1491 Cortius
616 1410 750 1515 saepius
786 1409 879 1485 salso
915 1408 1023 1487 bunc
1053 1411 1231 1487 Codicem
1262 1411 1507 1503 laudaverit3
1543 1412 1607 1489 sed
1629 1414 1756 1490 omnia

350 1537 577 1640 conquirere
607 1561 740 1611 eorum
767 1549 846 1623 cst,
879 1532 947 1635 qui
976 1560 1203 1638 magnorum
1234 1535 1405 1610 virorum
1439 1534 1540 1610 vitiis
1567 1536 1757 1641 exagitan-

348 1660 407 1737 dis
421 1660 494 1735 sibi
507 1657 772 1734 auctoritatem
792 1671 979 1758 quarunt.
1003 1656 1134 1758 Neque
1157 1655 1229 1733 hoc
1249 1655 1505 1732 omittendum
1521 1675 1592 1749 est,
1605 1661 1756 1735 tertiam

349 1784 531 1889 paginam
553 1780 628 1856 boc
650 1780 781 1869 titulo,
803 1778 938 1853 litteris
959 1778 1084 1853 rubris
1101 1779 1257 1883 scripto,
1276 1804 1350 1855 esse
1371 1798 1567 1871 ornatam,
1594 1783 1639 1858 G.
1661 1784 1758 1857 Cris

345 1914 389 2005 pi
417 1908 568 1983 Satmat
600 1905 732 1999 bollum
766 1903 1017 1977 Catilinarium
1047 1908 1178 2001 incipit
1231 1902 1374 1977 Littera
1410 1930 1563 2007 quoque
1600 1904 1757 1980 initialis

347 2029 497 2134 pictura
532 2028 696 2131 insignis.
732 2025 804 2100 Sed
835 2024 910 2099 boc
948 2024 1134 2128 imprimis
1164 2041 1376 2103 memoratu
1407 2026 1597 2132 dignum,
1630 2028 1755 2104 Salus·

346 2154 447 2229 tium
466 2155 509 2229 in
532 2151 711 2227 omnibus
733 2148 952 2237 Codicibus,
978 2173 1072 2250 qnos
1092 2147 1230 2238 evolvi,
1246 2176 1325 2223 uno
1342 2149 1353 2222 l
1375 2176 1450 2224 esse
1468 2150 1671 2256 scriptumss
1691 2178 1752 2227 ne·

347 2304 423 2380 que
456 2276 566 2350 aliter
609 2275 650 2347 in
681 2272 834 2375 optimis
859 2268 1041 2345 Prisciani
1076 2271 1182 2359 Mss,
1216 2272 1318 2345 etin
1348 2273 1610 2375 antiquissimo
1637 2274 1753 2349 Servii

349 2400 505 2487 Codice,
531 2399 599 2500 qui
622 2398 664 2471 in
686 2412 813 2471 nostra
840 2392 1072 2468 Bibliotheca
1100 2409 1315 2469 asservatur.
1365 2396 1495 2492 Quare
1521 2397 1754 2501 optimorum

350 2524 542 2598 librorum
561 2520 791 2623 scripturam
806 2517 976 2622 expressi.

418 2644 641 2720 Melioribus
664 2642 771 2717 uara
792 2642 908 2717 etiam
926 2642 1133 2715 raama
1152 2642 1183 2715 1.
1209 2642 1518 2718 adnumerandus
1542 2661 1616 2734 est,
1641 2624 1755 2748 quem

352 2766 585 2843 bibliotheca
604 2765 783 2853 carolina
797 2764 907 2840 nobis
923 2763 1186 2866 suppeditavit.
1214 2766 1422 2867 Inscriptus
1440 2784 1517 2841 est:
1541 2770 1675 2867 Incipit
1687 2770 1756 2845 Sa·

351 2892 498 2981 Iustius,
519 2916 608 2993 quae
633 2890 760 2963 rubris
796 2886 930 2961 litteris
959 2902 1109 2961 exarata
1138 2903 1237 2961 sunt.
1294 2888 1440 2993 Viginti
1469 2884 1594 2995 capita
1626 2894 1754 2995 priora

322 3016 530 3105 ,Catilinae
561 3042 582 3088 a
608 3013 738 3088 ceteris
761 3011 931 3085 seiuncta
953 3025 991 3083 et
1018 2998 1121 3084 bello
1149 3008 1378 3115 Iugurthino
1401 3012 1621 3115 interposita
1654 3033 1752 3091 sunt.
1798 3018 1808 3029 '

351 3140 480 3216 Etiam
508 3138 579 3212 sub
612 3136 729 3210 linem
757 3131 953 3237 Iugurthae
976 3131 1215 3235 cumplures
1241 3134 1388 3237 paginae
1421 3152 1603 3211 vetustate
1632 3154 1670 3213 et
1695 3124 1753 3213 inss

333 3262 488 3338 ¹cendio
515 3274 636 3336 essent
669 3256 830 3343 deletae,
862 3254 984 3329 multa
1010 3254 1070 3329 bis
1100 3272 1250 3331 exarata
1284 3252 1355 3331 nec
1375 3284 1497 3362 pauca
1530 3259 1578 3332 ab
1608 3260 1683 3335 alio
1709 3262 1754 3336 li-

352 3386 482 3461 brario
515 3384 657 3485 scripta
687 3406 762 3455 esse
792 3377 978 3453 videntur.
1033 3379 1130 3452 Nam
1154 3394 1254 3453 totus
1281 3379 1397 3454 codex
1428 3408 1449 3454 a
1480 3383 1646 3457 secunda
1676 3412 1755 3459 ma·

352 3538 410 3585 nu
440 3506 661 3582 emendatus
686 3519 748 3576 est.
791 3504 874 3575 lmo
901 3500 1100 3577 nonnullis
1129 3498 1277 3604 paginis
1310 3503 1428 3577 trium
1459 3532 1646 3581 manuum
1677 3535 1755 3583 ves-
1827 3522 1832 3533 '

353 3632 444 3736 tigia
470 3628 759 3731 conspiciuntur
771 3657 781 3717 ;
814 3624 957 3728 prima,
983 3648 1070 3726 quae
1090 3623 1282 3713 Codicem,
1309 3627 1493 3714 exaravit,
1517 3628 1646 3720 altera,
1670 3658 1755 3734 quae

352 3756 556 3857 antiquam
583 3751 812 3853 scripturam
830 3748 1019 3839 restituit,
1054 3747 1163 3823 tertia
1190 3748 1438 3852 glossatoris,
1459 3751 1526 3851 qui
1550 3754 1658 3829 notas
1689 3756 1755 3831 ad-

352 3879 513 3982 scripsit.
550 3874 782 3949 Membranae
801 3870 1074 3961 vetustissimae,
1096 3870 1235 3945 ductus
1255 3872 1469 3947 litterarum
1483 3874 1608 3977 primo
1624 3878 1754 3955 Codici

354 3982 552 4079 basileensi
577 3996 684 4072 haud
702 3993 909 4103 absimiles,
934 3993 1046 4069 cuius'
1065 3992 1242 4069 lectiones
1266 3994 1400 4099 saepius
1422 3997 1630 4073 confirmat
1681 4002 1754 4079 Sed

354 4126 478 4202 multo
497 4123 618 4197 maior
634 4118 844 4229 similitudo
862 4118 897 4195 ei
912 4114 1113 4226 intercedit
1134 4143 1223 4191 cum
1239 4118 1465 4194 Fabriciano
1477 4122 1620 4224 primo,
1637 4151 1754 4227 quem

354 4249 504 4330 Cottius
516 4246 694 4337 excussit,
712 4258 751 4321 et
763 4240 1043 4349 Tegernseensi,
1055 4266 1171 4345 quem
1182 4239 1373 4319 Harlesius
1384 4243 1622 4323 examinavit.
1647 4248 1753 4349 Qua·
