4050 5009
1592 414 1636 489 91

232 592 304 662 «est
317 584 412 651 euim
431 604 535 671 parva
549 588 691 673 scapha,
708 584 891 653 exuimine
904 584 1011 670 facta,
1032 604 1109 669 quar
1127 586 1406 649 contentacrudo
1426 584 1522 649 corio
1533 604 1642 671 genua

232 690 365 776 navigii
387 692 535 777 prabet,
554 692 676 775 quales
696 701 842 759 utuntur
858 696 1110 761 Germanorum
1130 690 1249 777 pirate
1268 689 1306 755 in
1329 690 1460 757 Oceani
1479 690 1643 757 litoribus

230 796 287 861 vel
309 797 498 881 paludibus
524 801 571 865 ob
590 800 812 886 agilitatem»
840 801 939 866 Festo
966 808 1104 877 auctore
1134 816 1265 883 «genus
1285 796 1415 885 navigii
1438 816 1479 875 ex
1506 798 1642 863 duobus

232 899 462 970 dissimilibus
491 905 691 984 formatum
717 926 800 971 nam
829 914 864 971 et
880 906 1017 971 midion
1038 916 1072 971 et
1090 924 1201 991 paron
1219 922 1282 988 per
1299 922 1336 969 se
1356 910 1446 969 sunt.
1471 902 1641 991 Scaliger:

232 1008 446 1097 «Myoparo,
468 1012 536 1086 ait,
557 1034 599 1077 ex
618 1016 704 1097 Myo
727 1020 761 1077 et
788 1013 921 1075 Parcae
944 1012 1222 1095 componitur3a
1249 1010 1361 1076 forma
1380 1017 1495 1075 autem
1521 992 1644 1093 paim

229 1112 300 1179 boc
320 1123 392 1200 est,
424 1124 570 1203 angusta
596 1126 632 1181 et
656 1119 823 1203 oblonga3
843 1124 883 1179 ut
901 1116 1139 1206 myobarbum
1160 1124 1376 1205 angustaret
1396 1116 1567 1203 oblongus
1584 1114 1644 1179 Li·

229 1217 311 1283 beri
330 1222 441 1303 patris
469 1225 686 1287 cantharus.»
713 1224 881 1288 Paronea
905 1224 951 1285 ab
973 1222 1089 1288 insula
1110 1225 1200 1288 Paro
1232 1222 1342 1291 dictos
1359 1222 1482 1287 Suidas
1507 1218 1643 1302 innuit,

231 1320 291 1385 uui
302 1323 544 1408 Aristophanis
555 1330 706 1412 Interpp.
720 1328 962 1392 assentiuntur.
982 1332 1026 1395 de
1042 1328 1169 1416 reipsa
1185 1329 1246 1395 ct'r.
1260 1331 1351 1393 Plut.
1369 1328 1503 1395 Lucull.
1520 1332 1566 1397 ιδ.
1580 1324 1643 1391 ubi

230 1426 453 1495 Mithridates
472 1431 513 1495 in
527 1430 610 1518 fuga
628 1452 650 1495 a
668 1431 790 1517 piratis
809 1442 986 1520 exceptum*
1009 1424 1127 1500 salvus
1139 1438 1283 1503 uenisse
1302 1442 1472 1501 narratur.

309 1568 329 1585 ·
341 1556 414 1616 ¹7··
433 1538 531 1603 Eum
550 1546 664 1621 utque
676 1540 968 1624 Metrophanem.
988 1544 1032 1607 de
1055 1544 1304 1629 Metrophaae
1326 1542 1387 1607 cir.
1414 1541 1513 1607 Oros·
1531 1540 1587 1607 Vl.
1613 1555 1643 1601 a.

230 1638 296 1717 qui
316 1659 397 1704 eum
414 1651 598 1728 praetorem
621 1646 755 1734 regium
776 1647 870 1718 dicit.
900 1648 1046 1735 Appian.
1068 1651 1112 1714 dc
1133 1653 1169 1713 B.
1189 1650 1309 1713 Mithr.
1334 1666 1384 1730 ²9·
1403 1656 1437 1713 ct
1456 1646 1580 1711 Isidor.
1599 1644 1644 1705 11.

233 1764 285 1806 ar.
304 1765 339 1810 ιι.
364 1768 409 1811 10:
426 1733 718 1837 'Methrophanea
730 1751 939 1839 promeruit
956 1751 1124 1844 gratiam
1141 1750 1378 1823 Mithridatia
1395 1748 1643 1834 obsequenda.-

230 1866 310 1929 quar
333 1855 441 1919 verba
460 1856 560 1921 Debr.
584 1878 649 1943 pro
674 1858 867 1947 fragmento
894 1859 1035 1925 Salustii
1066 1860 1206 1938 habuit3
1232 1878 1376 1942 eumque
1396 1856 1488 1923 inter
1512 1855 1644 1939 legatos

230 1953 336 2021 fuisse
353 1958 506 2048 judicat,
525 1964 589 2046 qui
609 1984 631 2029 a
651 1966 853 2033 Mithridate
870 1968 910 2031 in
927 1965 1131 2052 Hispaniam
1149 1966 1357 2050 missisunt,
1378 1966 1422 2029 ad
1438 1962 1549 2028 fredus
1565 1978 1644 2021 cum

229 2060 386 2129 δειίοιίο
405 2066 633 2152 jungendum.
658 2070 720 2138 cir.
747 2071 815 2135 Cic.
841 2072 1002 2158 prolege
1025 2074 1172 2138 Manilia
1206 2076 1253 2135 16.
1283 2072 1384 2133 -18.-
1403 2072 1509 2133 Duos
1535 2082 1645 2145 quam

234 2163 418 2230 maximos
441 2166 540 2231 ratris
559 2172 621 2233 cir.
644 2176 736 2233 Flor.
755 2180 785 2233 5.
808 2180 848 2248 55
875 2177 1031 2239 Frontin.
1052 2182 1101 2238 ιδ.
1123 2181 1179 2251 ι3;
1206 2176 1307 2239 Orus.
1325 2175 1384 2237 v1.
1407 2189 1436 2233 u.
1457 2170 1585 2249 quibua
1607 2167 1646 2227 in

231 2266 323 2331 lucis
337 2270 405 2335 huc
423 2271 655 2359 fragmentum
674 2274 876 2339 illustratur.
896 2310 915 2326 -
926 2295 1003 2355 rp-
1023 2276 1122 2343 Nam
1141 2272 1329 2356 quieuere
1345 2266 1647 2359 conatisuerant,

231 2372 385 2459 pertinet
396 2379 441 2440 ad
459 2380 603 2445 classem
616 2382 749 2469 regiam
765 2402 787 2445 a
800 2381 947 2446 Lucullo
960 2384 1005 2444 ad
1019 2364 1185 2445 Teriedon
1199 2380 1448 2463 deprehensam
1463 2382 1496 2441 et
1513 2377 1648 2439 demer-

232 2498 316 2545 sam.
338 2480 398 2545 cfr.
419 2484 510 2549 Plut.
530 2486 664 2550 Lucull.
686 2503 732 2554 ru.
754 2487 852 2551 Oros.
870 2487 927 2553 VI.
950 2508 978 2548 a.
997 2486 1062 2549 sub
1083 2484 1143 2549 fin.
1169 2480 1343 2570 «afflicti
1366 2483 1486 2547 alveos
1515 2480 1647 2545 dictum

232 2594 273 2649 nt
295 2586 436 2675 adigere
446 2588 713 2677 jusjurandum,
740 2592 904 2657 advolare
925 2596 1055 2677 restra,
1075 2588 1214 2657 advolvi
1237 2609 1365 2675 genua,
1386 2587 1541 2655 adsidere
1562 2608 1648 2655 moe-

232 2693 294 2757 nia
315 2694 351 2758 h.
371 2714 399 2760 e
418 2696 548 2766 adflicti
572 2697 610 2763 vi
625 2700 797 2763 undarum
817 2700 863 2761 ad
876 2698 992 2764 alveos
1013 2697 1156 2763 navium
1169 2697 1450 2784 videiug.c.18.
1470 2705 1505 2759 et
1525 2698 1645 2760 darc.

233 2799 399 2865 mulcato
414 2795 520 2889 foede
547 2822 706 2887 corpore
731 2804 791 2869 cfr.
818 2804 969 2868 Gronov.
998 2807 1044 2867 ad
1068 2796 1208 2868 Livium
1236 2806 1285 2867 28.
1308 2808 1366 2877 31,-
1388 2800 1480 2883 Lips.
1503 2804 1548 2863 ad
1566 2803 1646 2865 Tac.
1749 2811 1752 2817 '
1877 2784 1886 2807 ⁸

235 2904 358 2966 Annal.
375 2908 403 2969 1.
423 2910 479 2983 ³²3
499 2906 577 2974 Val.
597 2908 689 2970 Max.
715 2930 741 2970 ι.
762 2925 794 2981 4.
815 2910 844 2970 5.
864 2908 925 2969 cfr.
944 2906 1162 2987 Hegesippna
1185 2909 1215 2962 3.
1240 2918 1297 2961 202
1317 2904 1510 2974 «Caeterum
1528 2910 1646 2971 natare

236 3004 394 3088 adnisos,
424 3006 588 3070 convulsa
607 3006 753 3066 navium
781 3005 973 3089 fragmenta
996 3003 1126 3069 crebris
1144 3002 1345 3087 quatiebant
1362 3004 1503 3083 ictibus,
1527 3005 1648 3074 lateri-

234 3113 371 3193 busque
387 3110 500 3193 illba,
519 3107 664 3174 miseros
684 3114 778 3172 artus
797 3106 889 3173 foede
906 3108 1138 3173 mulcebant.»
1151 3118 1339 3194 postremo
1361 3110 1645 3197 tamenperiere.

234 3216 420 3305 Eleganter
437 3222 574 3298 tamen,
595 3213 691 3296 quod
707 3212 869 3292 ostendit,
885 3214 1117 3297 nequicquam
1136 3235 1260 3304 corpus
1274 3214 1363 3281 ioede
1378 3220 1575 3283 mutilatum
1587 3228 1646 3285 ant

235 3324 423 3388 laceratum
441 3338 532 3386 esse:
554 3318 630 3385 sine
646 3322 861 3403 precedente
884 3315 1047 3403 quamvis
1072 3322 1121 3385 sic
1136 3323 1216 3407 lug.
1248 3323 1297 3385 55.
1316 3322 1379 3397 Qin
1402 3324 1545 3387 adverso
1567 3326 1646 3387 loco

234 3430 348 3493 victor
371 3437 488 3494 tamen
508 3425 638 3490 virtute
661 3423 814 3491 fuisset)
843 3427 910 3496 ubi
928 3426 1009 3493 vide
1040 3429 1132 3495 Cort.
1160 3449 1261 3494 -au.-
1281 3430 1380 3497 Nam
1411 3424 1524 3493 tertia
1555 3436 1645 3493 tunc

205 3539 207 3544 '
238 3544 338 3619 erat,
356 3554 422 3619 pro
444 3534 558 3599 tertia
583 3532 649 3597 alii
672 3539 800 3619 terna,
820 3540 936 3617 tetra,
962 3531 1141 3619 Thracia,
1162 3536 1281 3599 omnia
1305 3542 1466 3622 corupte,
1488 3531 1645 3601 sublima

236 3659 304 3726 pro
323 3635 488 3703 sublimia
510 3639 661 3705 occumit
681 3640 787 3704 etiam
810 3642 903 3727 apud
921 3637 1064 3702 Accium
1092 3648 1126 3703 et
1145 3641 1278 3704 Lucret.
1303 3663 1331 3701 1.
1356 3646 1426 3719 ³4⁰·
1460 3642 1563 3707 Debr.
1578 3642 1645 3707 hoc

238 3746 471 3833 fragmentum
492 3754 641 3827 quatuor
663 3745 750 3812 locis
773 3744 947 3824 laudavit3
967 3742 1069 3825 quasi
1093 3742 1261 3808 Salustius
1284 3747 1402 3811 eadem
1421 3748 1525 3813 verba
1543 3748 1645 3813 toties

239 3851 464 3937 repetiviseet.
485 3868 585 3914 -ar.·
603 3854 717 3919 Illum
737 3846 993 3940 raptisfcram
1008 3848 1047 3912 in
1068 3857 1209 3935 castra,
1228 3851 1279 3915 ita
1295 3856 1549 3919 emendandum
1564 3874 1644 3919 ceu-

240 3976 316 4037 se0,·
338 3966 374 4022 ct
404 3957 570 4044 explicari
592 3958 652 4024 vix
679 3966 801 4045 potest.
827 3954 981 4021 Pertinet
1007 3957 1074 4020 hoc
1099 3954 1333 4043 fragmentum
1352 3960 1447 4024 haud
1472 3960 1578 4023 dubie
1598 3958 1643 4019 ad

240 4061 425 4140 Dianium,
446 4068 491 4130 de
510 4085 581 4149 quo
600 4064 681 4131 vide
698 4084 800 4152 supra
815 4090 850 4152 p.
873 4085 922 4126 ar.
1170 4152 1171 4157 η

270 4186 274 4191 ’
322 4204 338 4218 -
349 4185 422 4231 aa·
442 4168 581 4238 Oratio
596 4168 725 4238 Macri
755 4168 852 4238 Trib.
871 4167 973 4236 Pleb.
994 4171 1046 4234 ad
1060 4170 1117 4235 Pl.
1137 4170 1186 4235 ita
1209 4171 1284 4236 Vat.
1305 4192 1332 4233 ι.
1355 4161 1491 4235 Oratio
1509 4162 1562 4227 M.
1580 4158 1644 4229 Li-

158 4292 162 4297 *
243 4269 334 4341 circii
352 4276 429 4345 Vat.
456 4296 484 4341 u.
512 4280 566 4361 de.
579 4286 734 4365 tempore
754 4297 825 4363 quo
846 4274 957 4342 oratio
977 4275 1023 4343 sit
1050 4276 1169 4341 hahita
1198 4288 1232 4343 et
1257 4278 1300 4339 de
1326 4274 1402 4356 ipso
1422 4266 1558 4333 Licinio
1581 4266 1642 4334 cir.

1321 4379 1346 4434 >k
