4050 5009
1420 383 1489 484 r83

94 559 206 655 Dein,
227 576 430 667 postquam
449 577 597 666 tempus
619 560 761 653 visum,
785 560 914 637 eastris
940 560 1154 667 egreditur,
1178 576 1407 663 noctemque
1431 574 1491 637 to·

93 698 163 760 tam
180 686 317 763 itinere
338 686 461 780 facto,
480 684 667 781 consedit3
691 684 793 762 idem
810 710 996 790 proxuma
1015 684 1128 777 faoit3
1144 683 1234 760 dein
1257 684 1368 761 tertie
1389 682 1491 761 mul·

93 824 125 883 to
143 828 232 887 ante
248 810 347 887 lueis
367 812 590 901 adrentum,
613 810 787 915 pervenit
811 810 852 885 in
875 809 1003 885 locum
1027 807 1280 900 tumulosum,
1306 808 1357 884 ob
1370 809 1507 913 Capsa*

94 960 166 1009 non
189 935 352 1041 amplius
371 936 495 1013 duum
513 935 681 1011 millium
701 934 928 1010 intervallo:
953 933 1113 1037 ibique,
1126 960 1244 1036 mam
1270 932 1495 1042 occultissuj

90 1083 144 1132 me
162 1076 303 1161 potest,
319 1088 409 1135 cum
431 1060 610 1135 omnibus
642 1056 759 1162 copiis
777 1059 983 1162 opperitur.
1035 1056 1109 1133 sed
1126 1057 1196 1133 ubi
1217 1057 1296 1133 (lies
1316 1057 1438 1162 coepit
1452 1060 1492 1135 et'

89 1180 270 1274 Numidae,
284 1182 384 1257 nihil
398 1181 535 1259 hostile
548 1198 768 1271 metuentes,
787 1178 900 1255 multi
915 1181 1057 1287 oppido
1070 1182 1201 1287 egressi
1210 1209 1222 1275 ;
1237 1198 1392 1285 repente
1408 1208 1493 1257 om·

94 1332 175 1381 nem
199 1308 414 1410 equitatum
431 1324 574 1383 etcum
593 1304 652 1381 his
668 1303 928 1381 velocissumos
953 1306 1098 1408 pedites
1121 1331 1236 1381 eursu
1257 1305 1413 1381 tendere
1437 1304 1500 1381 ad·

93 1432 243 1533 Capsam
256 1446 294 1506 et
305 1446 432 1535 portas
445 1430 614 1507 obsidere
628 1430 735 1505 iubet
745 1428 910 1505 erleinde
923 1430 1001 1535 ipse
1014 1431 1187 1505 intentus
1197 1455 1358 1533 propere
1369 1430 1488 1533 sequi,

94 1580 210 1656 neque
226 1554 365 1630 milites
386 1554 549 1659 praedari
569 1554 700 1630 sinere.
743 1554 841 1654 Quae
867 1570 1071 1657 postquam
1096 1554 1281 1659 oppidani
1306 1579 1489 1659 cognoro·

92 1703 147 1769 ης
170 1704 225 1754 res
246 1678 420 1785 trepidae,
444 1694 567 1755 metus
591 1678 742 1782 ingens,
766 1677 913 1752 molum
933 1676 1201 1781 improvisum,
1232 1676 1378 1753 adhoc
1399 1701 1488 1780 pam

94 1800 224 1878 civium
245 1818 350 1879 extra
380 1800 523 1877 moenia
553 1800 595 1875 in
621 1798 789 1877 hostium
816 1816 1019 1906 potestate,
1052 1826 1221 1906 coegere,
1246 1801 1305 1876 uti
1328 1802 1490 1879 deditio·

94 1950 175 2001 uem
190 1924 365 2003 lacerent
413 1926 591 2001 Ceterum
611 1924 798 2029 oppidum
813 1925 1012 1999 incensum
1028 1958 1036 1998 :
1061 1924 1237 2001 Numidae
1253 1926 1414 2028 puberes
1429 1927 1507 2001 in·-

96 2048 250 2143 terfect13
276 2050 343 2125 alii
367 2074 495 2125 omnes
513 2048 758 2125 venumdati
785 2082 792 2123 :
818 2048 945 2154 praeda
969 2046 1157 2123 militibus
1188 2048 1317 2123 divisa.
1363 2047 1408 2121 ld
1432 2047 1489 2123 fa·

100 2172 197 2250 cinus
214 2189 347 2250 eontra
364 2172 422 2248 ius
440 2172 551 2263 belli,
578 2199 658 2249 non
677 2171 836 2249 avaritia
860 2198 985 2275 neque
1006 2172 1144 2247 scelere
1161 2170 1336 2248 Consulis
1352 2170 1495 2245 almis-1

98 2299 275 2391 sum;:se‹l
295 2298 386 2401 quia
413 2298 519 2372 locus
537 2294 734 2401 Iugurtbae
755 2313 1028 2401 opportunus„
1041 2296 1151 2372 nobis
1167 2296 1277 2371 aditu
1300 2293 1488 2369 difficilis:

99 2446 202 2522 geom
216 2421 420 2498 hominum
435 2420 585 2511 mobile,
616 2421 782 2498 infidum
798 2437 904 2512 onte,
928 2447 1053 2525 neque
1070 2417 1254 2497 beneficio
1266 2444 1396 2521 ‘nequae
1412 2444 1491 2493 me·

103 2558 140 2617 tu
168 2546 377 2621 coercitum
427 2548 632 2647 Postquam
668 2560 814 2619 tantem
840 2570 921 2619 rem
944 2543 1089 2619 Marius
1117 2544 1199 2620 sine
1220 2544 1303 2619 ullo
1331 2568 1556 2634 suorumps·
1660 2567 1663 2576 ·

103 2664 329 2745 incommodo
344 2667 527 2775 patravit;
552 2695 711 2774 magnus
727 2686 765 2744 et
784 2668 908 2745 clamas
926 2686 1055 2760 antea,
1080 2669 1203 2744 maior
1218 2684 1334 2769 atque
1351 2666 1490 2742 clarior

102 2786 221 2867 baberi
233 2794 358 2897 eoepit
411 2793 551 2869 Omnia
562 2821 641 2868 non
654 2793 751 2869 bene
764 2792 935 2867 consulta
954 2792 995 2867 in
1012 2792 1195 2867 virtutem
1209 2791 1463 2867 trahebantur
1480 2824 1490 2863 :

103 2914 225 2991 milites
242 2916 408 2991 modesto
427 2916 586 3019 imperio
599 2915 730 2992 babiti
746 2915 910 2991 simulet
925 2916 1129 3020 locupletes
1147 2915 1196 2989 ad
1212 2916 1354 2991 ooelum
1365 2914 1487 2989 ferre:
1573 2971 1577 2977 <

104 3138 163 3224 Teg.
189 3144 282 3205 Guell.
300 3166 325 3205 1.
348 3146 480 3205 meliores
493 3145 619 3211 Gmteri.
646 3145 770 3223 infidum
788 3152 857 3205 onte
887 3144 971 3205 Parin
989 3165 1017 3203 a.
1035 3144 1066 3204 d.
1087 3142 1142 3220 irps.
1157 3153 1249 3203 anteo
1266 3142 1388 3222 Posiae,
1409 3150 1506 3202 melu'

106 3261 238 3311 coercetur
256 3251 325 3310 Seu.
341 3270 368 3309 a.
390 3250 489 3311 Heuss.
509 3250 614 3313 Franc-
634 3250 730 3311 Guell.
745 3271 769 3308 ι.
783 3270 808 3309 2.
830 3250 1016 3311 coercebatur
1033 3248 1132 3308 Guell.
1146 3248 1175 3308 3.
1193 3248 1223 3319 4.
1237 3270 1266 3329 9.
1287 3246 1354 3311 Eoo.
1375 3227 1503 3331 uliquot,

106 3348 182 3413 Putat.

175 3480 243 3565 Cap.
257 3505 307 3565 92.
329 3483 517 3543 incommodo
525 3484 654 3565 patravit
673 3484 871 3549 rtrbumom.
892 3482 1003 3547 Fabric.
1023 3504 1048 3541 t.
1069 3482 1167 3543 Guell.
1182 3505 1207 3543 r.
1221 3482 1364 3542 .senat.·2.
1385 3480 1504 3541 lleuss..

102 3583 158 3647 Nat.
172 3586 415 3649 Commel.,Leitl.
429 3591 450 3647 1.
462 3586 539 3654 flur.
561 3610 600 3648 m.
613 3611 658 3669 pr.
681 3588 768 3669 (fecit
783 3592 827 3653 vel
839 3587 951 3669 peregit
970 3586 1086 3647 addidit
1102 3608 1143 3647 m.
1157 3586 1228 3665 see.)
1245 3586 1357 3667 peregit
1370 3585 1488 3645 Marius

105 3686 154 3749 llas.
166 3715 189 3752 ι.
208 3694 291 3753 Bern.
303 3692 331 3754 3.
353 3696 412 3753 ino.
433 3694 516 3759 Rem.
537 3694 588 3755 Ac.
609 3694 711 3755 Frano.
734 3694 821 3754 Palae.
831 3690 860 3755 3.
874 3694 901 3758 5.
914 3694 942 3753 6.
953 3715 980 3773 7.
990 3692 1019 3752 8.
1036 3692 1156 3753 leion.
1168 3691 1198 3750 b.
1210 3690 1240 3757 d.
1254 3712 1279 3750 e.
1291 3692 1312 3750 f.
1324 3688 1443 3751 b.k.m.
1454 3712 1485 3751 n.
1502 3741 1506 3747 ⁴

105 3792 171 3856 Vnt.
184 3820 208 3859 2.
233 3797 347 3881 Berger.
368 3796 464 3857 Guell.
482 3819 526 3857 12.
547 3808 576 3857 et
596 3818 697 3859 omues
713 3798 789 3864 Edit.
805 3810 861 3862 vet.
878 3806 1033 3878 postquam
1048 3798 1227 3877 egelvinar.
1242 3816 1267 3856 r.
1290 3796 1367 3859 th.
1381 3818 1408 3856 1.
1431 3796 1507 3857 Pom

105 3902 183 3975 lat-l.
200 3902 619 3984 postquomperegit'llem.1.
638 3925 664 3964 r.
678 3902 793 3985 peragit
807 3902 850 3963 M.
872 3903 968 3963 Guell.
981 3924 1008 3963 a.
1029 3903 1090 3963 duo
1102 3902 1216 3965 Wossii.
1232 3910 1388 3983 portentum
1399 3900 1487 3981 gessit

105 4003 183 4065 llsrl.
197 4022 231 4073 Λ.
251 4010 439 4069 incommodo
456 4008 552 4089 effecit
571 4008 634 4071 Bas.
649 4011 680 4083 4.
708 4010 779 4071 Post
796 4018 911 4069 tantam
928 4029 989 4069 rom
1007 4007 1123 4068 Marius
1142 4008 1208 4067 sine
1220 4004 1280 4068 ullo
1295 4023 1414 4069 morton
1436 4007 1508 4067 in·-

107 4115 244 4176 tommoclo
263 4114 370 4173 sen.1.
393 4114 515 4176 Fabae.
539 4112 649 4174 Omnia
669 4136 734 4175 non
747 4115 816 4175 bene
833 4114 965 4175 comulln
978 4114 1070 4173 modo
1091 4132 1191 4173 rtrum
1207 4112 1297 4171 etrum
1318 4130 1389 4173 coru
1411 4116 1506 4173 dotas

109 4212 135 4273 in
150 4238 175 4276 v.
186 4230 221 4283 tr.
245 4219 340 4279 Guell.
350 4218 379 4279 ὅ.
400 4218 480 4279 leid.
492 4242 519 4279 a.
532 4242 558 4281 c.
579 4222 630 4279 alii
641 4220 738 4301 pauci.
758 4219 919 4280 trahuntur
939 4218 1086 4280 Commel.
1107 4238 1205 4279 omncs
1221 4217 1298 4277 socii
1309 4218 1384 4279 cives
1399 4226 1490 4296 arque

110 4318 188 4383 hostes
205 4322 287 4384 bodl.
307 4322 367 4385 Erl,
388 4322 490 4389 Fauno.
519 4344 617 4387 omnes
633 4324 707 4386 socii
721 4332 807 4405 atque
827 4325 971 4387 cohortes.
986 4324 1086 4387 Nam.
1098 4323 1175 4385 ⁴Seu.
1191 4344 1218 4384 1.
1232 4344 1280 4384 m.
1290 4343 1336 4405 pr.
1357 4331 1505 4383 mentem:
