4050 5009
1505 407 1573 482 133
1617 468 1621 480 „

196 595 290 656 unta
325 585 575 691 temperantia
615 588 717 665 inte‘r
750 584 999 666 ambitionem
1035 587 1291 694 servitiumque
1317 583 1574 664 'moderatum

191 703 352 810 Namque
383 710 508 786 elicto
542 713 712 816 primum
727 712 948 790 adiumenta
975 711 1135 820 ignavie
1160 711 1375 789 sustulisse:
1401 737 1451 786 ne
1472 706 1575 812 quis·

189 853 302 928 ‘quam
325 831 369 906 in
394 835 524 910 castris
540 862 680 939 panem
700 851 770 912 aut
784 863 900 940 quem
914 835 1036 912 alium
1052 853 1204 913 coctum
1227 836 1357 911 cibum
1377 831 1576 926 venderet3

191 975 236 1024 ne
251 951 334 1028 lime
350 957 559 1033 exercitum
573 975 840 1062 sequerentur3
863 987 913 1037 ne
934 961 1042 1036 miles
1059 961 1247 1066 gregarius
1268 961 1307 1034 in
1339 955 1466 1032 'castris
1482 977 1576 1031 nere

193 1073 230 1148 in
252 1077 401 1181 agmine
428 1105 579 1156 servum
603 1099 672 1157 aut
704 1083 921 1160 iumentum
952 1082 1128 1175 haberet3
1160 1083 1290 1158 ceteris
1313 1097 1392 1156 arte
1416 1078 1576 1156 modum
1659 1067 1664 1092 '

190 1199 355 1276 statuisse
399 1205 579 1278 Pmteres
619 1206 836 1283 transvorsis
861 1207 1063 1282 itineribus
1095 1206 1233 1282 cotidie
1260 1221 1379 1280 cestra
1411 1227 1575 1291 movere,

192 1318 287 1396 iuxta
304 1351 350 1398 ac
371 1324 404 1400 si
424 1323 548 1402 hostes
565 1327 751 1421 adessent,
776 1331 877 1406 vallo
894 1346 1009 1434 atque
1030 1327 1124 1405 fossa
1146 1330 1323 1418 munire,
1339 1327 1484 1432 vigilias
1497 1351 1575 1402 cru-

192 1443 269 1520 bras
294 1473 435 1549 ponere
458 1465 498 1524 et
518 1475 579 1525 ens
600 1451 678 1555 ipse
702 1479 793 1528 cum
817 1453 947 1558 legatis
975 1453 1206 1529 circumire:
1245 1453 1337 1526 item
1361 1449 1403 1524 in
1426 1448 1575 1553 agmine

194 1565 230 1640 in
260 1570 389 1672 primis
416 1571 551 1663 modo,
573 1573 688 1650 modo
708 1577 749 1652 in
772 1575 984 1681 postremis,
1010 1601 1107 1680 saepe
1129 1575 1168 1652 in
1201 1573 1326 1651 medio
1348 1573 1495 1662 adesse,
1528 1595 1577 1646 ne

192 1690 368 1796 quispiam
392 1693 527 1772 ordine
555 1697 811 1802 egrederetur,
844 1698 903 1774 uti
929 1725 1020 1774 cum
1046 1699 1161 1802 signis
1181 1698 1395 1800 frequentes
1426 1691 1574 1770 incede·

192 1830 292 1904 rent,
322 1817 432 1892 miles
455 1818 586 1893 cibum
615 1836 654 1895 et
682 1847 788 1896 arma
814 1838 992 1926 portaret
1036 1825 1093 1896 Itu
1121 1818 1361 1925 prohibendo
1389 1815 1577 1894 addictis

193 1939 298 2043 magis
313 1967 432 2044 quam
448 1940 680 2020 vindicando
701 1945 910 2021 exercitum
932 1943 1038 2019 brevi
1056 1943 1304 2020 conlirmnvit.

279 2065 426 2138 Interea
443 2065 629 2170 Iugurtha
651 2067 738 2160 ubi,
767 2093 855 2168 quoe
879 2067 1054 2143 Metellus
1083 2067 1232 2171 agebat,
1270 2091 1315 2140 ex
1337 2062 1491 2140 nunciis
1512 2058 1623 2136 ιιι-46

191 2185 298 2288 cepit3
311 2187 426 2262 simul
448 2187 496 2264 de
513 2189 733 2266 innocentia
754 2191 835 2266 cius
852 2191 992 2266 certior
1008 2193 1136 2266 Romoe
1155 2189 1295 2281 lacteis,
1319 2187 1486 2264 diffidere
1499 2185 1576 2260 suis

191 2307 290 2383 rebus
305 2334 350 2384 ac
370 2326 455 2386 tum
477 2309 634 2386 demum
652 2339 780 2390 veram
798 2313 1033 2392 deditionem
1053 2313 1176 2390 fecere
1192 2327 1349 2388 conatus
1368 2327 1430 2386 est
1455 2306 1576 2414 Igitur

189 2427 316 2535 legatos
335 2430 386 2508 ad
409 2433 604 2510 consulem
627 2461 717 2512 cum
737 2436 933 2541 suppliciis
947 2437 1091 2527 mittit,
1115 2436 1183 2540 qui
1212 2431 1478 2512 tantummodo
1504 2429 1576 2534 ipsi

192 2553 383 2658 liberisque
401 2556 520 2632 vitam
547 2573 736 2661 peterent,
760 2559 835 2636 alia
859 2559 989 2636 omnia
1015 2551 1197 2636 dederent
1222 2556 1367 2663 populo
1394 2559 1574 2631 Romano.

188 2675 252 2754 Sed
276 2679 430 2756 Metello
454 2681 532 2755 iem
554 2683 666 2758 antea
689 2682 954 2788 experimentis
979 2683 1176 2786 cognitum
1200 2695 1282 2757 erat
1308 2705 1424 2784 genus
1440 2677 1575 2754 Numi·

259 2875 330 2957 Cap.
342 2878 391 2950 45.
403 2879 500 2958 fiu'are
511 2879 657 2961 comperio
677 2879 745 2942 Eec.
765 2879 869 2941 Franc.
888 2879 974 2942 Rem.
990 2899 1016 2946 ι.
1036 2880 1105 2942 Vin.
1117 2899 1144 2939 a.
1162 2879 1257 2946 Stror.
1277 2872 1357 2944 leid.
1369 2879 1389 2938 l.
1398 2897 1426 2960 g.
1437 2873 1469 2935 h.
1482 2877 1502 2934 i.
1515 2875 1542 2932 k.
1552 2858 1575 2932 l.

189 2997 223 3035 m.
234 3001 262 3040 ιι.
282 2983 362 3043 Vrat.
376 2983 440 3045 ι.3.
466 2983 564 3045 Guell.
573 2984 602 3045 3.
614 2983 643 3056 d.
654 3007 682 3068 7.
694 3007 723 3066 9.
738 3005 783 3044 ιο.
797 3004 843 3045 ιι.
857 3004 902 3045 ιι.
928 2983 990 3044 llas.
1005 2984 1036 3055 4.
1056 2983 1140 3044 Bern.
1154 3005 1179 3043 ι.
1194 2983 1224 3044 3.
1243 2983 1339 3062 suinae
1357 3001 1418 3042 οιιι.
1438 2979 1534 3044 Guell'.
1545 2997 1576 3058 9.

190 3103 253 3143 nom
265 3085 349 3153 Febr.
367 3109 395 3147 ι.
415 3087 513 3150 Gucll'.
527 3109 574 3149 ιι.
593 3087 867 3170 admoneam'l'eg.
884 3087 1016 3170 primum
1031 3089 1196 3150 vetustiores
1204 3086 1330 3146 Gmteri.
1349 3084 1411 3145 Bos.
1426 3105 1452 3144 ι.
1464 3083 1494 3155 l.
1514 3081 1577 3141 Tu·

189 3189 233 3246 tic.
251 3189 332 3250 llern.
344 3211 371 3252 ι.
388 3193 486 3272 primo
501 3195 596 3260 multi.
617 3213 655 3254 ns
670 3191 811 3274 ᾳιιιὶιριὶιιιι
830 3192 862 3253 Β.
872 3190 943 3258 Pub.
953 3193 1045 3252 tent.
1058 3203 1093 3256 Λ.
1114 3189 1259 3272 comperio
1269 3199 1338 3252 sust.
1355 3189 1435 3252 Vrst.
1452 3207 1479 3248 ι.
1507 3195 1576 3246 siut.

189 3309 271 3373 comp.
290 3295 374 3361 Febr.
387 3316 413 3356 a.
432 3307 500 3358 mss.
511 3297 624 3358 Μαι·
641 3297 745 3358 hanc.
765 3297 861 3359 Strnr.
882 3295 980 3360 Guell.
995 3318 1025 3377 9.
1041 3317 1086 3356 ιο.
1107 3295 1188 3356 Leid.
1203 3297 1224 3354 l'.
1235 3291 1267 3354 lr.
1283 3293 1310 3358 l.
1327 3313 1367 3352 ιιι.
1390 3311 1472 3370 quem
1483 3289 1575 3350 cliton

190 3406 294 3458 eodnm
307 3399 404 3460 cibum
423 3403 463 3460 ita
474 3403 607 3462 meliores
618 3400 699 3461 Gort.
720 3401 775 3460 cib.
789 3409 863 3461 coct.
883 3400 961 3465 ttivii
974 3399 1052 3460 libri.
1073 3401 1159 3481 pauci
1175 3417 1258 3478 quem
1275 3417 1335 3458 om.
1355 3397 1491 3458 maderet
1495 3413 1575 3475 prte-

190 3501 253 3579 (epit
271 3503 366 3568 Goell.
378 3525 408 3585 7·
429 3505 514 3566 iuxta
523 3527 584 3566 om.
602 3505 698 3572 Goell.
711 3506 739 3575 l.
759 3505 867 3566 cotidie
885 3503 948 3564 Bas.
963 3525 989 3564 ι.
1009 3504 1094 3564 Bern.
1108 3505 1135 3565 3.
1150 3511 1177 3564 et
1190 3521 1239 3563 cos
1249 3500 1307 3582 ipse
1317 3519 1383 3561 eum
1399 3500 1499 3580 legatis
1514 3497 1576 3560 cio-

190 3605 268 3664 ou're.
286 3605 412 3668 ciratire
425 3612 557 3692 plerique
573 3607 653 3668 Cort
674 3607 829 3670 omnum
847 3607 909 3672 nn.
925 3630 950 3667 ι.
969 3609 1030 3672 inc.
1043 3628 1068 3666 ι.
1089 3605 1194 3668 Franc.
1213 3606 1273 3666 duo
1286 3603 1399 3668 Wassii.
1420 3603 1501 3664 Loid.
1513 3606 1535 3664 Ι.
1548 3613 1577 3665 et

188 3713 264 3786 ponci
284 3714 333 3772 elii
344 3733 380 3774 ex
394 3713 482 3774 Pelet.
503 3713 588 3777 Paris.
601 3733 628 3772 ι.
639 3733 665 3772 e.
684 3712 782 3773 Turio.
808 3711 893 3772 Bern.
902 3711 932 3772 3.
952 3731 1001 3772 eos
1021 3731 1082 3772 om.
1104 3709 1182 3772 Vnt.
1192 3709 1221 3777 3.
1243 3709 1323 3770 Lcid.
1336 3705 1368 3768 h.
1389 3727 1426 3770 ne
1436 3707 1577 3788 ptu'spt'om

189 3810 248 3878 lin.
266 3815 360 3878 Sonat.
380 3817 482 3883 Βιιι.
498 3818 598 3879 lleoss.
619 3815 716 3884 Guell.
730 3816 799 3889 ud.
818 3815 971 3882 laidet.
990 3823 1023 3877 ut
1038 3835 1105 3877 cum
1123 3813 1187 3876 sn.
1205 3813 1271 3887 ui.
1292 3811 1361 3876 Tur.
1382 3811 1506 3894 rnogisa
1519 3811 1577 3881 dol.

192 3917 251 3980 Tur.

259 4039 329 4122 Cep.
344 4041 395 4111 ts.
414 4037 522 4100 dedere
539 4034 627 4099 llem.
640 4051 667 4094 ι.
687 4033 797 4099 Fabrie.
811 4054 838 4094 ι.
857 4031 1002 4114 primitus.
1029 4031 1149 4094 oviilmn
1162 4053 1227 4096 ests.
1247 4054 1305 4097 esee
1329 4055 1391 4096 om.
1408 4031 1492 4096 Cost-
1518 4031 1578 4096 att·
1682 4042 1686 4051 “

192 4161 234 4204 un
245 4146 301 4206 olio
317 4146 375 4206 dri».
396 4142 459 4203 Bes.
478 4138 569 4229 lond.
589 4139 713 4200 tradunt
733 4141 803 4200 Boc.
822 4135 1065 4220 opportunior·
1086 4158 1173 4220 prou.
1190 4159 1251 4204 οιιι.
1265 4139 1348 4204 Cort-
1368 4147 1465 4202 eelene
1474 4139 1577 4218 polom

190 4247 314 4317 tusus.
335 4255 437 4314 Fratre.
459 4243 548 4310 tot„
568 4243 675 4312 sem.
695 4243 794 4309 lleuss.
813 4243 882 4306 vin.
895 4261 924 4304 ι.
942 4241 1025 4304 leid.
1045 4241 1189 4306 moeurs
1207 4245 1293 4308 Pstis.
1307 4265 1335 4310 s.
1349 4265 1377 4310 s·
1395 4242 1492 4306 Turis.
1506 4241 1575 4326 leg.
