4050 5009
1469 364 1541 445 233

144 556 275 679 preter
295 569 400 649 spem
424 544 569 645 bonam
594 570 641 619 ex
662 542 786 634 vobis,
811 570 897 649 quae
918 560 1065 621 metum
1092 542 1204 635 vicit,
1228 542 1344 619 statui
1364 540 1542 618 certanii-¹

145 664 202 738 nis
217 666 371 760 advorso
392 696 464 773 pro
485 636 660 743 libertate
680 667 829 771 potiora
850 694 926 745 esse
940 652 1078 745 lorti
1045 694 1126 743 vtro
1136 688 1264 771 quam
1278 666 1436 745 omuino
1457 632 1544 747 m.

146 790 343 866 certavisse
369 792 618 896 Quamquam
637 818 768 869 omnes
785 792 853 867 alii
870 792 988 869 creati
1003 818 1074 896 pro
1093 792 1176 867 iure
1194 810 1315 869 vestro
1330 794 1408 868 vim
1422 816 1543 868 cuno-

143 926 216 989 tan
234 933 273 992 et
297 918 458 1022 imperia
477 944 545 992 sua
563 916 699 1023 gratia,
725 933 793 992 aut
813 942 901 1022 spe,
921 932 993 993 aut
1011 917 1178 1021 praemiis
1196 917 1237 993 in
1260 944 1324 994 vos
1343 933 1543 993 converte*

46 1097 48 1148 ξ
142 1063 182 1113 re
195 1041 404 1147 meliusque
421 1040 578 1129 habent,
602 1040 775 1117 mercede
799 1040 1024 1145 delinquere
1047 1067 1165 1145 quarn
1189 1041 1304 1147 gratis
1321 1058 1422 1117 recte
1441 1041 1543 1117 fece

142 1189 189 1239 te
224 1169 359 1271 Itaque
379 1194 510 1242 omnes
526 1191 739 1242 concussere
751 1167 828 1243 iam
840 1166 882 1241 in
900 1192 1115 1271 paucorum
1134 1164 1453 1255 dominationem,
1469 1165 1539 1269 qui

46 1271 47 1350 l
142 1314 207 1391 per
237 1292 404 1366 militare
430 1317 592 1381 nomen,
616 1290 815 1381 teramum,
849 1290 1055 1389 exercitus,
1080 1316 1213 1396 regna,
1238 1292 1453 1396 provincias
1477 1316 1539 1367 oo-

143 1438 336 1517 cuparere,
361 1432 400 1491 et
417 1442 544 1491 arcem
567 1414 715 1491 habent
733 1442 779 1491 ex
798 1415 929 1520 spoliis
952 1416 1104 1491 vestris:
1129 1442 1253 1519 quum
1278 1415 1434 1491 interim
1457 1441 1546 1491 ino-2

141 1564 180 1613 re
207 1566 389 1642 pecorum
418 1566 483 1616 vos
512 1538 721 1616 multitudo
740 1540 900 1647 singulis
929 1538 1128 1616 habendos
1159 1538 1418 1643 fruendosque
1441 1564 1538 1645 prut-

44 1753 46 1778 1
142 1661 393 1754 betis,e1suti
423 1664 621 1757 omnibus,
645 1690 733 1767 quae
762 1664 921 1739 maiores
947 1662 1165 1767 reliquere:
1201 1665 1276 1739 nisi
1300 1664 1392 1767 quia
1416 1664 1544 1741 vobis'

142 1802 212 1863 met
237 1788 310 1893 ipsi
338 1814 408 1892 per
430 1788 628 1894 suffragia,
654 1789 713 1864 uti
746 1787 920 1893 praesides
950 1789 1065 1879 olim,
1089 1816 1199 1866 nunc
1224 1788 1402 1865 dominos
1426 1788 1540 1865 desti-v

44 1953 49 1964 ·
142 1913 240 1987 natis
289 1909 425 2015 Itaque
457 1938 670 1988 concessere
693 1912 774 1987 illic
798 1938 956 1988 omnes:
980 1930 1020 1987 et
1045 1940 1153 2003 mox,
1176 1913 1209 1987 si
1234 1930 1354 1988 vestra
1388 1940 1538 2019 recepe-
1652 1938 1661 1959 ⁰

44 2023 45 2100 j
143 2036 241 2129 ritis,
263 2036 402 2113 advos
429 2036 614 2113 redibunt
634 2032 817 2141 plerique.
867 2036 975 2111 Raris
1004 2036 1110 2112 enim
1139 2036 1290 2113 animus
1316 2052 1371 2116 est
1392 2037 1443 2114 ad
1470 2064 1533 2137 ea,

142 2185 219 2260 quae
239 2159 415 2265 placent,
438 2158 687 2235 defendenda.
739 2159 862 2233 Ceteri
889 2158 1121 2235 validiorum
1141 2172 1241 2237 sunt.
1291 2163 1352 2235 An
1371 2160 1536 2237 dubium

141 2278 306 2375 habetis,
339 2309 390 2359 ne
420 2282 582 2359 obficere
610 2282 832 2385 quidnobis
864 2310 945 2359 uno
970 2284 1102 2358 animo
1123 2283 1367 2389 pergentibus
1397 2286 1532 2389 possit,

144 2433 227 2508 quos
263 2406 464 2511 languidos
497 2406 757 2511 socordesque.
779 2407 1010 2511 pertimuere
1035 2411 1050 2483 l
1095 2407 1169 2483 nisi
1200 2406 1299 2484 forte
1330 2411 1368 2487 G
1393 2410 1534 2503 Cotta,

144 2555 183 2605 ex
200 2531 363 2607 factione
387 2530 513 2606 media
544 2530 709 2621 Consul,
737 2530 849 2606 aliter
871 2558 990 2633 quam
1011 2547 1119 2606 metu
1145 2530 1231 2607 iura
1261 2532 1438 2635 quaedam
1465 2534 1531 2611 tri-

144 2653 246 2731 bunis
267 2654 394 2760 plebei
421 2654 610 2744 restituit3
634 2671 674 2730 et
699 2680 937 2757 quamquam
961 2656 1002 2728 1.
1031 2654 1196 2731 Sicinius
1221 2656 1367 2760 primus
1390 2658 1439 2734 de
1464 2684 1534 2764 po·

145 2794 261 2857 testate
279 2778 488 2855 tribunicia
518 2778 628 2882 loqui
664 2780 803 2869 ausus,
830 2779 1088 2855 mussantibus
1111 2780 1217 2855 vobis
1254 2780 1535 2861 circumventus

142 2922 250 2979 erat:
284 2922 413 2979 tamen
440 2901 548 3007 prius
576 2901 635 2977 illi
663 2902 850 2979 invidiam
891 2920 1097 2995 metuere,
1131 2931 1249 3007 quam
1287 2932 1351 3005 vos
1382 2907 1534 2985 iniun'ae

142 3046 330 3131 pertusum
364 3042 427 3103 est.
478 3026 595 3125 Quod
624 3053 692 3131 ego
720 3053 871 3132 nequeo
888 3028 991 3103 'satis
1018 3028 1181 3119 mirari,
1207 3028 1385 3127 Quirites
1435 3033 1534 3109 Nam

42 3143 43 3220 i
142 3178 236 3258 spem
255 3156 396 3231 frustra
413 3152 526 3227 titisse
543 3150 788 3246 intellexistis
839 3152 945 3228 Sulla
969 3169 1141 3243 mortuo,
1167 3152 1235 3257 qui
1253 3154 1451 3232 scelestum
1462 3156 1533 3232 im÷

42 3265 43 3274 ἵ
141 3298 306 3382 pmuerat
334 3278 549 3369 servitium,
571 3275 697 3353 finem·
716 3276 809 3352 mali
837 3276 1054 3353 credebatis.
1107 3278 1224 3353 Ortus
1246 3294 1301 3355 est
1326 3277 1437 3384 longe
1465 3304 1533 3356 sae·

42 3437 43 3477 t
141 3405 213 3479 tior
238 3403 404 3481 Catulus.
454 3400 658 3477 Tumultus
684 3401 894 3478 intercessit
921 3404 1041 3477 bruto
1079 3420 1118 3477 et
1150 3402 1312 3479 Aemilio
1338 3404 1531 3482 Mamerco

42 3529 43 3544 ¹
142 3530 378 3623 snmulibus3
402 3524 495 3602 dein
512 3528 551 3602 G
573 3526 690 3601 Curio
711 3526 763 3602 ad
781 3526 944 3603 exitium
968 3552 1090 3630 usqrte
1109 3527 1269 3605 insontis
1294 3528 1531 3630 tribunitdo-¹

216 3776 261 3817 aa.
281 3753 326 3815 Si.
343 3752 380 3829 Q.
392 3773 423 3830 p.
439 3769 486 3810 es.
507 3747 570 3811 haee
589 3749 691 3810 laudat
709 3750 788 3811 Don.
809 3749 848 3809 ad
868 3748 989 3812 Phormr
1005 3770 1039 3825 ι,
1064 3772 1098 3823 r,
1127 3772 1174 3817 ιι.
1202 3753 1355 3831 driusuit.
1377 3756 1417 3815 ita
1435 3753 1529 3820 Velie.

139 3860 204 3922 bric.
217 3863 298 3923 Febr.
309 3859 416 3939 stulius!
428 3859 528 3941 vulgo.
550 3856 601 3915 alii
613 3855 682 3915 libri
695 3856 891 3936 vosmetipsi,
908 3857 959 3916 ulii
971 3856 1110 3917 vobismet
1124 3856 1191 3938 ipsis
1192 3881 1206 3935 ,·
1225 3859 1363 3921 vobr'smst
1376 3859 1432 3940 ι’ριί
1449 3859 1531 3923 haud

141 3967 219 4028 dubie
236 3965 405 4050 legendum.
426 3962 563 4025 redibunt
575 3961 715 4043 plerique.
746 3961 884 4023 redibunt
902 3982 964 4023 orn.
987 3963 1062 4024 liber
1074 3964 1182 4024 Ursini.
1203 3985 1275 4025 num
1295 3974 1407 4047 officere
1425 3976 1532 4029 veterat

42 4075 43 4086 ¹
141 4073 216 4148 libri,
230 4094 301 4157 quos
309 4071 431 4139 Ursinus
442 4068 555 4139 laudau
574 4068 645 4127 item
656 4066 771 4128 Balliol.
785 4068 898 4129 wanti.
918 4087 956 4127 ne
968 4072 1069 4153 vulgo.
1090 4090 1179 4151 mmm
1188 4102 1208 4119 ·
1212 4080 1376 4152 pertaesum
1387 4070 1422 4133 C.
1432 4072 1530 4133 Fron·

42 4207 43 4230 ι
143 4190 169 4239 ta
184 4200 206 4241 ι
223 4188 259 4248 ι·
268 4188 442 4263 portaerem.
461 4171 763 4239 Amulionutrco.
783 4171 909 4238 Aetnilio
928 4194 991 4239 om.
1010 4176 1103 4241 Vatic-
1124 4176 1271 4239 incessuri
1289 4178 1453 4259 agebantur
1468 4177 1531 4247 Van

1104 4309 1151 4393 50.
