4050 5009
1623 374 1666 445 13

270 580 326 642 51.
341 574 449 656 quibus
464 576 585 635 erilium
603 572 763 642 damnatis.
793 572 844 635 53.
866 571 898 629 in
920 568 1028 629 dextris
1047 579 1174 649 portare.
1203 570 1253 639 59.
1274 569 1394 627 tumult.
1411 586 1508 625 eausa.
1536 564 1586 633 60,
1602 588 1671 628 om.

269 673 362 733 nibus
381 673 538 752 exploratis
557 706 577 720 -
596 671 714 731 inducit
728 668 798 727 dein
815 669 975 747 utrimque.

346 791 498 872 Jugarrea
519 813 584 872 cap.
600 790 629 857 4.
652 793 704 872 qui
723 811 756 849 ea
773 790 921 849 sustinent
935 788 1038 846 virtus.
1060 788 1186 849 Verum.
1207 784 1237 851 7.
1254 785 1340 844 facile
1354 803 1537 843 occasurum.
1559 790 1587 852 9.
1600 805 1668 844 eum

271 890 388 950 dimisit
407 890 560 947 -senatui
580 890 657 947 sit·
678 888 769 967 igitur
791 905 841 944 rex
852 886 976 963 Micipsa
1002 883 1054 941 ubi
1084 903 1149 963 quse
1168 884 1255 945 fama.
1280 886 1328 944 11.
1345 882 1430 939 illum
1455 880 1548 939 tribus
1569 882 1670 961 proxi-

269 987 338 1045 mis.
361 985 408 1052 14.
426 986 509 1067 regni
537 983 710 1043 habiturum
730 1015 750 1032 -
769 993 804 1041 nt
818 983 887 1055 ille,
909 1001 998 1060 quem
1020 991 1053 1039 tu
1069 1000 1169 1060 parem
1186 979 1294 1037 liboris.
1327 981 1374 1044 17.
1391 978 1422 1035 in
1444 988 1526 1056 parte
1547 980 1631 1037 tertia
1651 1012 1669 1026 -

266 1084 303 1142 in
326 1084 485 1163 Europam.
508 1086 557 1146 18.
581 1102 678 1161 neque
692 1078 805 1161 legibus
829 1089 881 1136 aut
893 1078 1050 1156 imperio·
1072 1077 1123 1155 qui
1142 1078 1247 1137 alveos.
1271 1072 1319 1139 21.
1336 1074 1474 1131 manibus
1486 1096 1519 1131 ex
1530 1075 1630 1155 impiis
1650 1109 1668 1126 .

265 1183 411 1239 memoria
432 1190 542 1243 manet.
563 1180 613 1243 25.
628 1197 717 1258 porro
731 1174 858 1235 libidine
880 1194 971 1235 cecus
988 1173 1167 1253 rapiebatur.
1181 1178 1232 1237 30.
1247 1174 1325 1231 inter
1341 1170 1542 1229 dubitationes
1557 1183 1585 1230 et
1601 1194 1667 1233 mo·

262 1295 323 1334 ras.
349 1282 396 1341 31.
413 1275 493 1357 quod
534 1284 629 1353 majus
651 1272 776 1332 dedecus
797 1306 816 1320 -
836 1293 934 1351 neque
958 1292 1012 1353 ego
1042 1270 1174 1343 Quirites
1195 1268 1308 1328 hortor.
1340 1274 1389 1333 32.
1413 1269 1458 1326 sui
1480 1270 1666 1347 imperatoris

263 1374 397 1451 plurima
411 1372 650 1454 flagitiosissima.
672 1375 722 1434 33.
734 1390 800 1428 vera
820 1370 946 1449 aperiret
966 1388 1129 1449 -suasque
1148 1388 1227 1447 opes.
1249 1366 1298 1433 34.
1312 1366 1453 1424 discessit.
1474 1364 1523 1429 36.
1537 1364 1663 1425 11111111

263 1466 407 1528 discessit.
438 1474 489 1533 38.
502 1468 644 1527 Numidia
657 1466 842 1526 decederent.
869 1464 918 1530 48.
934 1454 1058 1545 penuria
1080 1486 1233 1545 aquarum.
1256 1464 1306 1534 19.
1323 1464 1467 1522 circuiens
1487 1494 1506 1508 -
1526 1465 1569 1521 uti
1589 1484 1666 1545 pru-

261 1563 367 1624 dentes
386 1597 405 1612 ·
424 1567 578 1633 occultati,
599 1566 649 1628 50.
661 1574 747 1622 antea
761 1569 821 1640 jam
840 1594 860 1609 -
881 1572 1031 1641 quattuor.
1055 1560 1105 1626 54.
1121 1562 1248 1621 interfici
1264 1560 1357 1639 jubet.
1381 1560 1430 1623 58.
1446 1577 1569 1638 propere
1591 1563 1664 1621 mil-

262 1663 312 1719 tit.
338 1660 389 1726 60.
403 1664 513 1741 pariter
526 1660 682 1742 oppidani.
712 1658 761 1724 62.
781 1669 833 1718 aut
848 1661 971 1719 occisos.
999 1658 1051 1725 70.
1073 1660 1104 1716 in
1128 1660 1194 1737 quis
1218 1660 1389 1717 molliciem.
1424 1654 1475 1722 71.
1497 1656 1610 1716 audivit
1629 1678 1663 1717 cx

259 1758 478 1817 consuetudine
500 1792 519 1806 -
539 1780 572 1816 er
588 1758 685 1820 servis.
706 1755 758 1823 73.
772 1756 871 1815 decori
893 1758 996 1813 fuerat.
1018 1752 1068 1821 74.
1081 1753 1211 1833 agitabat
1227 1776 1257 1813 se
1276 1787 1295 1801 -
1314 1754 1416 1813 virtuti
1435 1774 1474 1812 an
1494 1758 1553 1820 fide
1569 1788 1588 1803 -
1607 1753 1663 1813 ad-

258 1855 322 1911 suit
337 1876 442 1935 pugnae
460 1888 479 1902 -
499 1855 588 1913 ceteri
606 1860 669 1931 ejus
689 1855 799 1912 milites
818 1886 837 1900 -
858 1862 922 1911 luta
942 1862 1022 1910 sunl.
1042 1850 1092 1919 75.
1108 1850 1139 1910 id
1157 1851 1313 1929 oppidum.
1334 1848 1384 1916 76.
1398 1851 1467 1910 dein
1480 1856 1553 1914 locis
1572 1874 1661 1935 -ag-

256 1969 359 2030 gerem
380 1957 474 2027 jacere
499 1950 582 2028 jubel
600 1982 620 1995 -
638 1970 713 2029 opus
726 1960 756 2007 et
772 1950 922 2007 ministros
941 1948 1005 2022 (nd
1020 1944 1352 2027 11111111111111111).
1386 1947 1438 2019 77.
1458 1956 1579 2013 naviter.
1609 1956 1659 2016 80.

255 2046 372 2106 advers.
391 2068 445 2107 nos
468 2047 580 2104 bellurn
601 2078 620 2092 -
639 2048 725 2104 nulla
753 2043 850 2127 (man.
866 2046 963 2125 prima
982 2076 1001 2092 -
1022 2041 1309 2123 1111.111.11111111).
1338 2050 1388 2113 81.
1407 2068 1501 2125 opera
1517 2050 1657 2128 pretium.

254 2146 310 2206 83.
325 2142 431 2203 babere
444 2165 524 2201 eum.
547 2140 595 2207 84.
610 2142 696 2220 plebe
711 2143 819 2200 militia
837 2143 960 2207 volenti.
981 2142 1032 2206 85.
1049 2142 1188 2221 supplicii
1215 2140 1348 2199 modicos
1370 2140 1470 2223 (unde
1493 2145 1657 2221 conjicias,

252 2240 395 2317 supplicis
417 2241 555 2319 primitus
573 2240 716 2317 scriptum
739 2234 851 2316 fuisse)
872 2270 891 2284 -
911 2238 952 2295 ita
967 2257 1011 2296 res
1025 2236 1115 2296 habet
1134 2270 1152 2283 -
1172 2236 1223 2295 sed
1247 2258 1337 2315 quam
1359 2250 1474 2319 egomet
1493 2242 1565 2298 meis
1584 2243 1656 2319 plu-

252 2336 343 2392 rimis
361 2366 380 2381 ·-
399 2335 462 2414 ipsa
478 2338 570 2393 virtus
595 2336 664 2393 satis
691 2334 821 2393 ostendit
840 2368 859 2382 -
878 2336 1052 2413 profuerant
1070 2367 1089 2381 -
1109 2334 1297 2407 divitiarum,
1315 2354 1396 2391 arma
1417 2356 1480 2394 non
1500 2369 1518 2383 -
1545 2344 1655 2415 jocun-

251 2429 342 2487 diora
360 2464 380 2479 ·
404 2434 540 2489 animum
563 2428 670 2489 babete
689 2463 708 2477 -
732 2440 797 2488 tuta
815 2442 886 2490 sunl
904 2464 923 2477 -
953 2432 998 2491 nti
1019 2430 1091 2489 boni
1117 2429 1293 2510 honestique
1317 2434 1412 2509 plura.
1444 2430 1494 2503 87,
1515 2435 1580 2514 11ρὶ
1603 2444 1656 2493 aut

250 2526 364 2586 occidi.
384 2536 433 2595 88.
449 2532 642 2606 exploratum.
663 2526 729 2585 Sed.
746 2534 796 2597 89.
810 2530 905 2587 risum
926 2528 1005 2586 Erat.
1018 2534 1067 2596 90.
1083 2528 1158 2607 lpbis
1173 2528 1309 2607 -oppido
1321 2530 1385 2585 loca
1398 2531 1577 2610 propinqua.
1602 2536 1653 2602 91.

248 2635 343 2681 antea
365 2646 462 2705 neque
479 2624 633 2688 beneficio.
655 2630 704 2694 92.
722 2628 817 2684 clarus
834 2637 913 2683 ante.
936 2630 986 2695 93,
1003 2627 1139 2685 animum
1153 2624 1288 2683 accendit
1308 2655 1327 2672 -
1347 2646 1405 2703 qua
1427 2627 1488 2705 ipse
1511 2629 1653 2689 ascende-

248 2730 301 2777 rat
320 2754 339 2765 -
359 2733 507 2800 quattuor.
529 2719 579 2790 94.
594 2720 646 2777 din
664 2723 793 2779 multum
816 2722 940 2802 fatigati,
963 2724 1014 2790 95,
1028 2723 1094 2779 ocio
1115 2722 1284 2791 luxuri0s0;
1306 2730 1435 2779 ceterum
1455 2754 1475 2771 ··
1495 2744 1533 2781 an
1553 2728 1653 2807 pigeat

247 2818 358 2897 magis.
378 2815 429 2886 97.
443 2820 556 2896 accepit
575 2816 713 2885 dubium,
737 2825 785 2886 98.
810 2839 844 2877 ao
858 2840 887 2876 sc
906 2838 959 2897 pro
975 2818 1136 2878 victoribus
1159 2816 1267 2899 (elque
1288 2840 1329 2880 m.
1346 2815 1414 2898 pr.)
1439 2825 1506 2885 100.
1527 2819 1652 2881 hiberna

244 2915 295 2984 it,
315 2926 445 2993 propter.
471 2919 539 2980 101.
555 2915 665 2973 Marius
683 2914 763 2994 apud
780 2916 891 2994 primos
909 2926 989 2992 erat,
1010 2918 1081 2996 quia
1098 2915 1140 2973 ibi
1160 2912 1307 2997 Jugurtha
1324 2934 1393 2973 cum
1414 2918 1552 2994 plurimis
1569 2929 1649 2979 usta-

243 3008 332 3067 bat·-
350 3010 514 3092 profligatis
531 3013 566 3071 is.
589 3016 659 3076 102.
673 3011 734 3070 duo
757 3034 847 3093 quam
867 3012 1011 3071 fidissimo
1032 3011 1067 3095 (s
1086 3034 1127 3071 m.
1145 3032 1202 3070 sec.
1215 3012 1372 3091 apposuit3
1393 3012 1444 3071 sed
1464 3015 1536 3073 alies
1558 3016 1647 3075 etiam

240 3127 259 3166 s
284 3108 441 3186 saepissime
462 3110 623 3180 omissum
644 3111 687 3167 its
706 3112 797 3188 paulo
818 3111 896 3168 infra
911 3109 1038 3169 e'emieo
1060 3129 1149 3187 qrtam
1165 3105 1260 3187 servo)
1290 3140 1309 3155 -
1329 3108 1364 3167 de
1382 3129 1435 3168 suo
1455 3120 1484 3168 et
1503 3142 1522 3157 ·
1542 3112 1592 3169 ille
1605 3114 1649 3169 si-

241 3224 290 3263 ne
315 3224 399 3263 mora
426 3207 526 3263 statim
546 3238 565 3252 -
586 3226 646 3285 quo
668 3207 821 3286 ingenium
851 3213 913 3284 ejus
942 3217 994 3266 aut
1014 3206 1167 3265 1111111111
1185 3238 1205 3255 -
1224 3207 1274 3266 cui
1287 3208 1409 3266 'scilicet
1430 3208 1491 3267 rim
1511 3238 1531 3255 ·
1550 3210 1646 3268 mutu

240 3310 419 3379 opportuna
441 3322 502 3380 quo
521 3302 637 3359 facilius
658 3300 747 3382 (quse
766 3302 883 3379 desunt,
902 3326 942 3362 m.
962 3326 1019 3363 sec.
1040 3302 1174 3381 addidit)
1195 3336 1214 3350 -
1232 3302 1386 3384 numquid
1402 3308 1497 3365 valeat
1514 3334 1534 3352 ·
1553 3305 1647 3365 omit·

240 3414 329 3473 tere,
351 3400 376 3455 si
393 3418 446 3479 per
462 3400 598 3457 Marium.
622 3402 690 3462 103.
705 3403 821 3477 placeat
841 3404 951 3481 legatos
969 3403 1012 3459 ire
1033 3400 1116 3479 jubet
1135 3432 1155 3447 -
1174 3400 1282 3457 deinde
1302 3402 1333 3457 in
1352 3403 1466 3459 itinere.
1488 3398 1644 3466 101101·

237 3500 348 3570 fecto,
368 3517 429 3576 quo
445 3495 612 3554 intenderat
629 3497 759 3576 negotio.
782 3499 851 3567 105,
871 3498 1016 3556 arbitratu
1034 3496 1253 3561 communibus.
1277 3496 1514 3561 1011111111
1537 3517 1643 3557 occur-

235 3597 288 3655 rit
306 3622 326 3641 ·
345 3604 413 3653 ante
433 3593 608 3662 consedisse,
642 3598 711 3661 108,
724 3614 793 3651 narn
820 3594 935 3652 insidiis
953 3601 1016 3670 ejus
1039 3628 1055 3641 -
1075 3594 1242 3652 attenuisse.
1274 3597 1343 3662 109·
1358 3604 1430 3661 tunc
1445 3614 1489 3653 res
1508 3626 1527 3642 -
1546 3597 1643 3654 inter·

233 3692 376 3753 nuncius
390 3700 508 3749 sanetus
530 3697 616 3768 jurat,
640 3696 710 3758 110.
725 3702 821 3765 ratus,
838 3692 898 3750 fore
915 3693 1057 3749 maximas
1076 3723 1093 3737 ·
1113 3692 1223 3749 lenitur
1242 3701 1280 3749 et.
1304 3695 1372 3754 112.
1389 3702 1418 3750 el
1436 3693 1463 3750 ei
1482 3694 1604 3751 nuntiat
1621 3723 1641 3741 ·

231 3798 299 3846 nul
316 3787 435 3865 pop.R.
455 3790 539 3845 fieret
552 3787 656 3847 soum.
678 3791 747 3853 113.
765 3791 833 3847 1111
858 3788 1048 3861 constituto,
1081 3798 1212 3868 tempore
1231 3822 1250 3836 -
1269 3789 1438 3869 patefecisse
1458 3820 1478 3837 ··
1496 3789 1641 3859 accersiri.
1713 3808 1721 3819 ⁸

233 3881 316 3952 114.
337 3883 400 3943 Kal.
415 3883 561 3942 Januarii.

345 4028 495 4101 CodII.
514 4025 816 4121 (5811111111
836 4028 974 4103 nuh.
996 4032 1064 4128 12.)
1080 4028 1236 4104 Octonis
1257 4031 1342 4105 Saee.
1355 4056 1423 4105 xrv.
1447 4029 1638 4134 eleganter

224 4142 423 4245 scriptus3
441 4145 554 4217 rerba
577 4146 711 4246 saepius
739 4146 962 4250 transposita
983 4146 1048 4221 sed
1066 4146 1114 4219 ab
1136 4147 1215 4249 ipso
1241 4145 1397 4221 librario
1415 4145 1635 4235 emendata,

223 4276 276 4338 et
302 4284 390 4361 pars
421 4275 585 4335 extrema
604 4260 803 4367 Jugurthae
836 4262 1037 4338 recentiori
1061 4288 1180 4337 manu
1214 4278 1364 4337 exarata
1402 4278 1464 4337 est.
1501 4262 1633 4339 Libra·
