4050 5009
323 372 402 465 nt

320 546 502 636 soluenda.
528 563 680 629 Turneb.
700 562 851 628 Aversor.
876 584 904 629 ι.
923 562 1186 651 interpretatur:
1207 586 1302 634 mera
1319 570 1476 653 solvere,
1497 598 1575 661 qua
1593 582 1740 672 singuli,

320 671 496 741 mensibus
525 671 703 733 dabantur.
723 668 757 733 ei
778 664 985 756 suffragatur
1007 670 1097 735 Plut.
1119 676 1161 740 -V.
1190 676 1301 740 Crassi
1322 700 1369 741 ιι.
1400 653 1567 764 ὀφθέντες
1605 666 1633 746 δ’
1671 666 1739 749 tiara*

320 773 400 853 iuuit
417 774 581 871 yvtarxait
599 759 833 874 προθυομένων
848 773 914 857 τοῖς
930 776 1109 878 πολεμιόις.
1134 781 1201 845 Sed
1215 790 1447 868 preterquam
1462 794 1556 874 quod
1570 794 1739 863 incertum

322 898 389 973 est,
410 907 494 950 uum
518 886 720 949 Plutarchus
737 885 924 949 Salustium
945 894 1079 949 secutus
1099 886 1162 971 sit,
1190 907 1264 952 uon
1281 910 1354 955 uuo
1377 892 1456 959 luco
1479 916 1559 963 eum
1577 902 1666 968 male
1683 903 1741 967 in·

320 1002 524 1079 terpretatus
546 998 606 1056 est.
628 1011 731 1054 nemo
755 990 850 1055 euim
869 991 973 1055 facilc
987 990 1132 1077 dixerit,
1152 1014 1213 1056 cur
1227 997 1277 1058 ad*
1292 997 1459 1063 sacrificia
1480 998 1655 1071 offerenda
1671 1010 1739 1073 ho·

219 1176 226 1191 ·
322 1101 452 1167 minum
476 1106 684 1163 conventum
708 1098 977 1195 vitare-necesse
996 1096 1052 1163 sit.
1074 1098 1207 1163 accedit
1227 1100 1379 1167 Lucretii
1400 1115 1433 1169 et
1453 1109 1565 1175 Taciti
1587 1114 1737 1178 auctori-

322 1216 391 1289 tas,
411 1207 474 1271 illc
491 1206 567 1272 Lib.
587 1207 645 1272 Vl.
663 1208 740 1287 796:
763 1213 917 1288 tempore
935 1224 978 1269 eo
993 1205 1025 1268 si
1044 1207 1188 1269 odorata
1203 1215 1272 1292 est,
1292 1198 1366 1291 quo
1381 1224 1556 1280 menstrua
1569 1218 1688 1305 soluit,
1708 1220 1740 1283 is

322 1313 410 1377 illst.
424 1316 464 1379 V.
475 1315 505 1376 6.
523 1315 566 1376 de
576 1312 758 1396 Asphalto=
778 1310 890 1396 «fugit
906 1330 1064 1375 cruorem
1076 1318 1274 1395 restemque
1290 1313 1450 1381 inlectam
1463 1323 1648 1407 sanguiue,
1668 1345 1737 1407 quo

321 1420 459 1485 seminar
483 1439 545 1503 per
565 1436 699 1482 menses
714 1417 972 1481 exsolvuntur.»
984 1418 1036 1481 -de
1051 1416 1176 1501 proelio
1199 1420 1360 1483 adversus
1375 1420 1539 1507 fugitivos
1557 1426 1618 1490 cfr.
1635 1448 1738 1513 supra

320 1546 398 1611 pag.
420 1530 469 1589 30.
497 1526 605 1587 -ah-
623 1523 842 1588 Exercitum
863 1517 1012 1587 dimisit.
1033 1526 1079 1587 ad
1097 1523 1301 1608 Pompejum
1320 1528 1388 1591 hoo
1412 1527 1631 1595 referendum
1647 1540 1731 1599 'esse

319 1630 639 1705 Deburidebatur3
659 1649 762 1711 quem
775 1627 926 1713 suspicio
942 1636 1016 1692 erat
1035 1630 1223 1695 exercitum
1235 1651 1308 1696 uon
1325 1631 1560 1701 dimissurum.
1578 1638 1646 1703 Sed
1654 1639 1736 1702 Plu·

322 1738 433 1800 tarchi
446 1738 629 1801 auctoritas
637 1743 789 1822 pugnat,
813 1735 905 1819 apud
914 1734 1179 1821 quemlegiturr
1198 1724 1360 1835 τροπῶν
1387 1723 1530 1837 ἀφήσω
1547 1732 1586 1813 τδ
1604 1728 1738 1839 ςρᾶτω.

321 1828 476 1938 peperci
494 1828 750 1938 aintpbptton
771 1856 918 1942 accedit,
940 1859 1036 1941 quod
1063 1878 1143 1922 cum
1169 1858 1321 1925 exercitu
1347 1880 1487 1925 manum
1509 1862 1736 1949 lugitivorum

323 1968 499 2046 oppressit.
521 1962 647 2025 rectius
662 1962 770 2047 igitur
787 1964 831 2024 ad
849 1964 1033 2028 Metellum
1052 1964 1126 2029 haec
1144 1964 1315 2031 retuleris.
1341 1968 1385 2030 dc
1404 1968 1656 2035 constructione
1673 1969 1735 2033 cfr.

324 2068 414 2132 Hirt.
438 2072 481 2134 de
499 2068 534 2131 b.
552 2067 657 2131 Afric.
678 2060 705 2131 c.
727 2072 784 2150 372
812 2070 994 2154 parvulam
1019 2071 1275 2157 proclivitatem
1302 2072 1482 2159 digressus.
1518 2076 1618 2137 -ah-
1651 2076 1736 2139 Tet-

325 2174 491 2239 roratas.
513 2172 573 2238 cfr.
594 2174 685 2238 Plut.
703 2175 839 2239 Lucull.
858 2197 888 2240 c.
910 2198 960 2243 ar.
986 2178 1052 2241 ubi
1074 2181 1118 2243 de
1134 2178 1251 2243 Clodii
1270 2179 1314 2243 ad
1333 2180 1519 2266 Tigranem
1542 2180 1667 2246 itinere
1687 2178 1736 2244 ita

325 2279 485 2365 exponit:
508 2266 658 2362 annania
683 2272 748 2380 pir
779 2266 969 2383 ᾠκαῶσαιτα
996 2281 1060 2358 rtis
1089 2270 1245 2365 ὑπούλως
1270 2270 1481 2384 ἀκροωμένων
1506 2283 1564 2357 τοῦ
1589 2285 1736 2386 Apputiu

325 2378 477 2465 ivttitut.
497 2402 726 2468 nihilominus
739 2412 853 2469 tamen
868 2424 940 2468 non
959 2425 1026 2488 pro
1045 2411 1139 2467 certo
1154 2400 1394 2467 affirmaverim
1402 2444 1414 2477 ,
1428 2414 1462 2469 et
1474 2406 1615 2471 Salustii
1630 2408 1735 2473 verba

238 2543 241 2548 >
325 2527 368 2573 eo
382 2510 566 2595 pertinere.
597 2526 701 2591 -a7.-
718 2506 838 2574 Simul
851 2529 912 2573 eos
942 2514 979 2571 et
1007 2514 1162 2571 cunctos
1178 2505 1264 2599 jam
1295 2504 1505 2574 inclinatos.
1539 2514 1613 2576 haec
1631 2513 1737 2579 verba

324 2614 430 2677 Debr.
448 2616 492 2676 ad
507 2614 670 2699 proelium
689 2618 781 2700 apud
800 2616 1033 2699 Rhyndacum
1055 2612 1199 2675 fluvium
1215 2612 1460 2677 illustrandum
1480 2615 1651 2677 adhibuit.
1672 2616 1737 2679 cfr.

326 2719 417 2783 Plut.
438 2722 519 2783 Luc.
544 2742 592 2784 11.
619 2726 713 2804 quod
740 2721 818 2785 fieri
843 2738 916 2781 non
943 2725 1073 2804 potest,
1099 2720 1196 2800 quod
1224 2719 1297 2784 haec
1319 2717 1438 2805 priore
1464 2718 1558 2782 libro
1582 2720 1737 2805 exposita

325 2823 469 2892 tuerint.
488 2827 632 2913 propius
653 2832 698 2893 ad
722 2847 843 2892 verum
863 2828 1026 2890 accedere
1047 2823 1208 2911 videtur,
1227 2826 1266 2890 iu
1285 2846 1403 2913 pugna
1423 2828 1467 2891 ad
1490 2824 1736 2911 Tigranocerta
1785 2854 1789 2861 ’

321 2931 506 3006 commissa
537 2935 606 2999 tale
634 2937 720 3018 quid
748 2934 895 3013 lactum,
924 2932 988 2997 ubi
1010 2929 1177 2995 Lucullus
1208 2933 1288 2997 loco
1315 2929 1492 3020 superiore
1514 2940 1633 3018 capto,
1652 2932 1735 2996 iude
1859 2956 1863 2963 ·

199 3097 202 3110 ,
323 3046 479 3122 apertum
500 3039 655 3101 hostium
674 3040 765 3102 latus
792 3039 928 3103 invasit.
950 3038 1012 3104 cfr.
1036 3036 1129 3107 Plut.
1143 3038 1228 3105 Luc.
1244 3040 1296 3103 28.
1315 3039 1533 3124 conjectura,
1553 3038 1678 3122 quibus
1693 3040 1734 3104 V.

324 3144 367 3205 D.
388 3144 482 3206 huuc
504 3142 621 3207 locum
649 3152 846 3223 tentarunt,
874 3165 994 3209 omnes
1014 3144 1133 3209 sutiles
1149 3153 1238 3208 sunt.
1260 3146 1323 3206 -ab
1343 3153 1378 3209 et
1393 3166 1466 3225 29.-
1485 3143 1546 3211 Hi
1566 3146 1733 3209 Iocorum

318 3246 509 3339 pergnuri.
529 3248 693 3337 fugitivos
717 3248 906 3333 significari
926 3257 1068 3313 nonest
1089 3248 1254 3328 dubium3
1273 3249 1333 3313 sed
1353 3248 1471 3311 alieno
1487 3247 1567 3309 loco
1580 3246 1737 3313 laudavit

324 3357 428 3420 Debr.
456 3377 530 3422 non
558 3357 651 3443 enim
683 3354 788 3417 initio
824 3352 991 3416 tumultus
1023 3351 1157 3419 servilis
1186 3356 1260 3420 haec
1293 3369 1454 3416 enarrare
1485 3370 1623 3416 necesse
1651 3350 1735 3436 tuit,

327 3462 457 3549 quippe
475 3465 519 3526 de
541 3482 610 3544 quo
628 3460 730 3526 tertio
752 3458 845 3522 libro
865 3468 937 3524 erat
958 3462 1150 3546 expositum
1167 3458 1228 3523 cfr.
1243 3460 1281 3521 L.
1300 3460 1330 3521 3.
1349 3454 1392 3519 fr.
1415 3459 1445 3520 3.
1460 3462 1495 3520 et
1512 3458 1563 3520 26.
1583 3458 1636 3523 ad
1655 3480 1734 3523 eum

327 3576 444 3632 artem
464 3569 559 3633 idem
585 3569 680 3651 quod
701 3588 746 3633 ea
768 3572 861 3631 orte.
881 3567 999 3631 Douaa
1020 3568 1073 3632 ad
1090 3586 1152 3629 eos
1175 3570 1277 3628 artes
1293 3559 1460 3645 conjecit,
1481 3565 1576 3645 quod
1596 3563 1636 3628 iu
1655 3564 1734 3629 aliis

325 3668 426 3737 libris
444 3686 511 3740 est:
533 3678 586 3741 od
608 3699 669 3742 eas
690 3697 805 3742 orces.
825 3673 941 3738 Ursin.
960 3671 1006 3737 ab
1032 3692 1074 3735 ea
1093 3678 1177 3734 arte
1200 3671 1260 3735 sed
1276 3668 1366 3733 bene
1386 3666 1492 3732 habet
1508 3668 1561 3734 ad
1572 3708 1615 3723 -
1638 3670 1734 3753 quod

327 3781 378 3839 cst
397 3782 604 3843 secundum.
625 3782 687 3844 etr.
711 3783 785 3844 Lis.
803 3802 832 3844 1.
852 3796 903 3858 44.
930 3779 1025 3843 idem
1041 3782 1216 3840 scutorum
1236 3792 1345 3861 genus
1364 3784 1609 3842 commemorat
1626 3778 1735 3844 Thuc.

326 3896 358 3959 4.
377 3900 407 3962 9.
427 3881 598 3944 Amminu.
617 3886 721 3946 Marc.
738 3900 785 3961 24.
807 3888 843 3949 a':
875 3885 1002 3952 obtecti
1016 3882 1120 3949 scutis
1137 3882 1267 3948 simine
1279 3880 1476 3947 firmissimo
1491 3881 1589 3946 textis
1602 3890 1637 3946 ct
1655 3901 1752 3955 cru·,

326 3990 451 4054 domm
464 3994 636 4072 tergorum
649 3988 816 4055 densitate
828 3991 970 4056 vestitis.
989 3992 1157 4055 Caeterum
1169 3986 1314 4053 Ursinus
1329 3988 1398 4054 hoc
1413 3988 1644 4073 fragmentum
1655 4002 1734 4050 cum

320 4095 502 4182 *similibus
532 4094 661 4179 verbis,
681 4114 757 4176 quae
787 4097 923 4162 Servius
941 4100 986 4161 ad
1015 4099 1100 4161 Aen.
1112 4118 1142 4177 7.
1163 4097 1222 4159 632
1245 4095 1367 4175 babet,
1392 4101 1471 4179 apte
1501 4092 1680 4179 conjungit
1700 4096 1734 4155 et

326 4202 564 4267 totumlocum
584 4200 633 4264 ita
653 4201 846 4266 coustituit:
867 4199 1018 4271 Lucani
1036 4204 1079 4265 de
1097 4194 1230 4268 uimine
1241 4198 1358 4292 fucta
1374 4205 1484 4264 scuta
1504 4194 1617 4263 coriis
1639 4206 1732 4285 tege-

328 4304 436 4393 bant,
465 4331 546 4393 quoe
580 4308 623 4375 de
643 4330 779 4395 pecore
801 4330 928 4386 recens
959 4310 1129 4377 detracta
1162 4310 1272 4395 quusi
1290 4304 1440 4400 glutino
1465 4302 1734 4373 adolescebant.
