4050 5009
431 402 501 473 288

430 578 507 651 lere
536 600 653 677 quam
679 596 812 675 pacem
819 600 830 661 3
853 563 969 639 multi
997 560 1235 665 privatorum
1264 555 1439 633 audacias
1465 552 1715 652 nutriverunt
1750 546 1825 651 Ego

431 698 532 775 nihil
558 698 693 784 timui,
718 693 791 769 nisi
823 690 943 793 leges:
968 679 1084 780 multi
1116 710 1220 759 arma
1248 708 1314 757 sua
1341 679 1465 755 timeri
1491 677 1704 754 voluerunt
1752 673 1827 773 Ego

432 850 636 925 nunquam
660 817 766 893 volui
797 814 1006 915 quicquam
1030 834 1156 913 posse,
1183 806 1255 881 nisi
1278 830 1348 909 pro
1367 802 1472 879 vobis
1496 834 1503 875 :
1534 798 1648 882 multi
1665 824 1711 872 ex
1728 792 1828 870 vohis

433 947 604 1051 potentia
626 943 731 1029 freti,
746 940 797 1025 ¹in
822 962 887 1010 vos
909 935 984 1008 suis
1004 930 1148 1005 viribus
1171 928 1279 1003 abusi
1303 942 1402 1001 sunt.
1442 928 1576 1027 Itaque
1594 948 1674 997 non
1690 934 1746 995 est
1765 916 1831 991 mi·
1935 940 1936 947 ¹

435 1053 540 1157 reim,
564 1070 594 1141 si
619 1066 764 1141 nullius
791 1059 956 1135 amicitia
983 1080 1072 1129 usus
1093 1078 1196 1142 sum,
1220 1050 1287 1152 qui
1310 1076 1390 1125 non
1409 1062 1592 1152 perpetuo
1615 1041 1831 1147 reipublice
1935 1134 1936 1147 ἵ

433 1195 578 1269 amicus
599 1191 702 1265 fuit:
729 1209 854 1285 neque
878 1208 940 1280 me
951 1178 1131 1283 poenitet,
1155 1175 1186 1249 si
1211 1190 1279 1249 aut
1299 1172 1443 1276 petenti
1454 1170 1611 1247 Vatinio
1627 1194 1691 1243 reo
1708 1182 1832 1269 patro·
1935 1196 1936 1199 ¹

434 1318 583 1394 ciuium
604 1310 799 1417 pollicitus
816 1332 923 1394 sum,
947 1317 1016 1376 aut
1033 1298 1138 1389 Sesti
1155 1296 1397 1395 insolentiam
1418 1293 1596 1398 repressi,
1620 1278 1687 1365 aut
1709 1288 1832 1365 Bibuli
1935 1360 1936 1391 ,

433 1437 660 1547 patientiam
684 1428 854 1534 culpavi,
880 1440 949 1499 aut
973 1420 1180 1498 virtutibus
1208 1419 1358 1495 Caesaris
1375 1418 1460 1492 favi.
1493 1418 1561 1490 Hae
1580 1414 1684 1489 enim
1707 1412 1833 1488 laudes

433 1563 570 1669 egregii
588 1559 679 1634 civis
700 1570 740 1632 et
758 1552 882 1628 unicae
901 1562 1000 1623 sunt
1055 1546 1152 1642 Quae
1172 1544 1204 1618 si
1231 1558 1275 1616 tu
1296 1539 1393 1616 mihi
1411 1539 1470 1616 uti
1490 1538 1582 1614 vitia
1604 1537 1759 1627 obiicis,
1784 1554 1835 1612 ts·
1935 1616 1936 1643 ,

435 1687 589 1763 meritas
626 1698 693 1757 tua
724 1672 1045 1781 reprehendatur,
1071 1695 1151 1743 non
1177 1690 1260 1739 mea
1283 1664 1375 1739 vitia
1398 1662 1669 1766 culpabuntur.
1721 1660 1833 1736 Plura
1935 1644 1936 1731 l

435 1810 619 1894 dicerem,
644 1804 678 1877 si=
693 1800 799 1903 apud
819 1798 913 1872 alios
932 1792 1031 1867 mihi
1053 1805 1145 1865 esset
1162 1787 1438 1875 disserendum,
1464 1790 1589 1861 Patres
1613 1785 1833 1889 conscripti,
1935 1800 1936 1833 ³

434 1955 517 2025 ¹non
541 1928 645 2033 apud
666 1951 745 2014 vos,
771 1946 866 2025 quos
882 1916 1004 1991 habui
1020 1914 1195 1990 omnium
1216 1910 1412 1985 actionum
1431 1937 1603 2015 mearum
1622 1910 1834 1985 monitores.
1935 1958 1936 1971 2

408 2056 526 2149 tsed,
551 2053 619 2127 ubi
646 2074 774 2124 rerum
796 2036 1008 2119 testimonia
1027 2037 1183 2124 adsunt,
1208 2030 1305 2136 quid
1330 2057 1425 2135 opus
1453 2048 1508 2107 est
1528 2032 1674 2107 verbis?
1725 2034 1835 2107 Nunc

435 2180 486 2256 ad
511 2196 545 2252 te
567 2176 626 2251 uti
648 2185 832 2257 revertar,
860 2162 1021 2249 salusti,
1047 2174 1272 2263 patremque
1302 2171 1413 2229 tuum
1442 2170 1684 2258 praeteream:
1714 2156 1782 2259 qui
1806 2155 1833 2228 si

437 2325 642 2403 nunquam
662 2296 703 2369 in
733 2292 809 2366 vita
832 2314 900 2363 sua
933 2281 1123 2395 peccavit,
1149 2297 1275 2355 tamen
1298 2277 1480 2352 maiorum
1505 2278 1688 2355 iniuriam
1711 2280 1835 2383 reipu-

437 2427 548 2501 blicae
570 2422 692 2495 facere
713 2442 794 2491 non
812 2410 959 2516 potuit,
973 2432 1100 2509 *quam
1123 2401 1229 2505 quod
1252 2416 1287 2475 te
1306 2401 1420 2475 talem
1440 2399 1563 2475 filium
1581 2402 1723 2506 genuit
1766 2404 1835 2477 Ne·
1935 2492 1936 2495 Ἴ

437 2576 530 2652 que,
559 2562 603 2619 tu
622 2541 652 2616 si
673 2566 749 2641 qim
770 2537 813 2610 in
837 2531 1001 2639 pueritia
1022 2526 1201 2633 peccasti,
1226 2548 1421 2626 exsequar,
1437 2550 1485 2598 ne
1505 2542 1704 2627 parentem
1725 2516 1833 2603 tuum

438 2670 569 2746 videar
584 2687 778 2747 accusare,
804 2656 872 2759 qui
891 2680 936 2730 eo
956 2669 1124 2755 tempore
1142 2674 1331 2740 summam
1354 2646 1410 2720 tui
1427 2662 1649 2750 potestatem
1676 2646 1831 2737 habuit,

403 2891 407 2898 ν
436 2794 502 2868 sed
521 2790 674 2892 qualem
701 2777 992 2857 adolescentiam
1007 2772 1131 2878 egeris.
1172 2772 1256 2845 Hac
1284 2769 1387 2844 enim
1419 2767 1692 2862 demonstrata,
1725 2771 1832 2847 facile
1935 2804 1936 2839 ÷

436 2914 696 3016 intelligetur,
719 2906 836 3007 quam
856 2897 1048 3005 petulanti
1063 2893 1243 2998 pueritia,
1271 2917 1388 2994 quam
1404 2891 1619 2995 impudicus
1638 2910 1676 2969 et
1694 2922 1832 2999 procax
1935 2954 1936 2961 ,

327 3122 334 3141 s
438 3033 651 3114 adoleverit
692 3016 955 3127 'Posteaquam
989 3020 1183 3094 immensae
1214 3014 1312 3120 gulae
1349 3014 1635 3117 impudicissimi
1667 3018 1832 3122 corporis
1935 3022 1936 3033 ’

438 3175 602 3266 rpraestus
633 3154 801 3230 sufficere
830 3174 911 3222 non
942 3144 1095 3247 potuit,
1126 3156 1164 3215 et
1181 3156 1273 3217 ,aetas
1295 3154 1359 3211 tua
1384 3138 1461 3211 iam
1488 3138 1537 3213 ad
1565 3166 1608 3215 ea
1636 3142 1830 3245 patienda,

436 3310 523 3388 quae
550 3277 659 3355 alteri
695 3276 820 3351 lacere
848 3267 1108 3353 collibuisset,
1135 3262 1372 3357 ,exoleverat-5
1405 3262 1678 3365 cupiditatibus
1698 3254 1830 3342 ⁴infini-

437 3532 527 3591 Editt.
549 3526 631 3591 Leid,
646 3547 672 3584 c.
692 3518 833 3582 amtorem
854 3516 1013 3574 timuerunt
1034 3508 1084 3569 Ac.
1112 3510 1182 3569 eud.
1205 3516 1368 3567 metroeumt
1397 3508 1470 3568 Edd.
1497 3510 1621 3571 Veneta.
1650 3516 1828 3577 retuterunt
1935 3494 1936 3497 Ἴ

438 3635 518 3695 Gud.
539 3633 623 3690 Rem.
645 3632 703 3688 inc.
725 3626 787 3684 Bas.
807 3619 887 3681 Laid.
903 3640 929 3678 c.
958 3613 1091 3695 potentia
1112 3623 1212 3673 nostra
1226 3612 1304 3689 freti
1318 3622 1425 3673 contra
1450 3615 1483 3671 tn
1500 3634 1551 3675 vos
1577 3614 1628 3676 Ac.
1656 3616 1733 3679 Sesti
1749 3619 1826 3679 insol.

437 3740 500 3797 Bas
521 3735 653 3815 egregiae
669 3731 737 3791 ciris
756 3728 818 3787 Bas.
839 3722 985 3783 temeritas
1002 3728 1055 3777 tue
1076 3718 1306 3798 reprehendatur
1319 3715 1381 3774 Bas.
1401 3712 1481 3782 Leid.
1500 3740 1525 3783 c.
1547 3720 1623 3778 mihi
1635 3732 1704 3781 esset
1720 3723 1826 3802 driem-

439 3844 564 3903 tandum
577 3841 637 3897 inc.
662 3832 888 3895 discernendum
901 3825 980 3886 Gud.
995 3822 1046 3883 Ac.
1061 3822 1123 3881 Bas.
1136 3821 1214 3880 Leid.
1229 3842 1255 3880 c.
1275 3819 1433 3879 diremtum
1452 3824 1491 3881 ita
1506 3826 1594 3905 vulgo
1611 3838 1677 3885 aritc
1688 3827 1823 3888 Curtium.

439 3946 638 4006 disseremum
653 3942 734 3999 Cort.
754 3933 980 3994 emendarit-
1001 3924 1075 4007 Cap.
1089 3927 1116 3985 5.
1139 3942 1219 3995 nune
1234 3926 1358 3985 utad-te
1376 3924 1437 3985 Bas.
1448 3927 1548 4001 filium
1563 3950 1622 3987 om.
1634 3930 1695 3990 Bas.
1709 3934 1825 3993 hrode·
1869 3942 1874 3951 '

440 4057 604 4124 rtonstrcta
622 4047 686 4103 'Bas
708 4040 789 4102 Oud.
810 4036 889 4097 si-
899 4042 1013 4114 purtem
1027 4029 1159 4088 habuerit
1179 4027 1259 4090 Gud.
1278 4026 1305 4086 si
1315 4030 1400 4087 stiam
1416 4029 1477 4089 Bas.
1497 4044 1626 4110 maestus
1643 4047 1750 4097 sumtus
1765 4036 1823 4112 uts-

431 4162 524 4233 ficere
544 4153 630 4213 Rem.
652 4146 729 4206 Gud.
761 4149 882 4220 questu
902 4138 935 4196 in
954 4132 1107 4213 stupendis
1127 4140 1236 4192 sumtus
1253 4130 1332 4190 Leid.
1351 4153 1376 4196 c.
1398 4134 1641 4212 atterisaciencta
1665 4140 1724 4203 Itu.
1745 4138 1822 4200 colli-

441 4263 564 4321 buissent
580 4252 662 4317 Lcid.
676 4273 702 4310 c.
730 4246 780 4308 cui
800 4262 929 4321 uttquam
949 4238 1070 4299 datium
1086 4236 1168 4317 Leid.
1187 4257 1213 4296 c.
1243 4246 1364 4312 nequeat
1379 4237 1442 4315 quis
1460 4238 1540 4305 Leid.
1553 4258 1578 4301 c.
1607 4253 1677 4305 cute
1694 4259 1820 4323 quaerero
