<?xml version="1.0" encoding="UTF-8"?>
<!DOCTYPE html PUBLIC "-//W3C//DTD XHTML 1.0 Transitional//EN"
    "http://www.w3.org/TR/xhtml1/DTD/xhtml1-transitional.dtd">
<html xmlns="http://www.w3.org/1999/xhtml" xml:lang="en" lang="en">
 <head>
  <title>
</title>
<meta http-equiv="Content-Type" content="text/html;charset=utf-8" />
  <meta name='ocr-system' content='tesseract 3.04.00' />
  <meta name='ocr-capabilities' content='ocr_page ocr_carea ocr_par ocr_line ocrx_word'/>
</head>
<body>
  <div class='ocr_page' id='page_1' title='image "./salustiiquaeexs00sallgoog_0536.png"; bbox 0 0 4050 5009; ppageno 0'>
   <div class='ocr_carea' id='block_1_1' title="bbox 283 416 460 506">
    <p class='ocr_par' dir='ltr' id='par_1_1' title="bbox 283 416 460 506">
     <span class='ocr_line' id='line_1_1' title="bbox 283 416 460 506; baseline 0.011 -18"><span class='ocrx_word' id='word_1_1' title='bbox 283 416 460 506; x_wconf 57' lang='grc'><strong>,28</strong></span> 
     </span>
    </p>
   </div>
   <div class='ocr_carea' id='block_1_2' title="bbox 287 590 1836 2556">
    <p class='ocr_par' dir='ltr' id='par_1_2' title="bbox 287 590 1836 2556">
     <span class='ocr_line' id='line_1_2' title="bbox 287 590 1805 702; baseline 0 -32"><span class='ocrx_word' id='word_1_2' title='bbox 287 677 290 684; x_wconf 86' lang='lat'><strong>.</strong></span> <span class='ocrx_word' id='word_1_3' title='bbox 413 590 663 671; x_wconf 82' lang='lat' dir='ltr'><strong>declarantur</strong></span> <span class='ocrx_word' id='word_1_4' title='bbox 673 595 722 672; x_wconf 79' lang='lat' dir='ltr'>M</span> <span class='ocrx_word' id='word_1_5' title='bbox 735 595 887 672; x_wconf 74' lang='lat' dir='ltr'><strong>tullius</strong></span> <span class='ocrx_word' id='word_1_6' title='bbox 907 613 945 672; x_wconf 91' lang='lat' dir='ltr'><strong>et</strong></span> <span class='ocrx_word' id='word_1_7' title='bbox 965 599 1002 674; x_wconf 82' lang='lat' dir='ltr'><strong>C.</strong></span> <span class='ocrx_word' id='word_1_8' title='bbox 1024 599 1231 689; x_wconf 84' lang='lat' dir='ltr'><strong>Antonius,</strong></span> <span class='ocrx_word' id='word_1_9' title='bbox 1256 598 1361 702; x_wconf 92' lang='lat' dir='ltr'><strong>quod</strong></span> <span class='ocrx_word' id='word_1_10' title='bbox 1382 599 1528 673; x_wconf 87' lang='lat' dir='ltr'><strong>factum</strong></span> <span class='ocrx_word' id='word_1_11' title='bbox 1540 597 1666 702; x_wconf 88' lang='lat' dir='ltr'><strong>primo</strong></span> <span class='ocrx_word' id='word_1_12' title='bbox 1683 623 1805 702; x_wconf 86' lang='lat' dir='ltr'><strong>popu·</strong></span> 
     </span>
     <span class='ocr_line' id='line_1_3' title="bbox 411 716 1807 826; baseline 0.001 -34"><span class='ocrx_word' id='word_1_13' title='bbox 411 716 508 794; x_wconf 82' lang='lat' dir='ltr'><strong>lares</strong></span> <span class='ocrx_word' id='word_1_14' title='bbox 521 719 795 795; x_wconf 90' lang='lat' dir='ltr'><strong>coniurationis</strong></span> <span class='ocrx_word' id='word_1_15' title='bbox 808 743 1054 800; x_wconf 82' lang='lat' dir='ltr'><strong>concusserat</strong></span> <span class='ocrx_word' id='word_1_16' title='bbox 1079 731 1209 826; x_wconf 88' lang='lat' dir='ltr'><strong>Neque</strong></span> <span class='ocrx_word' id='word_1_17' title='bbox 1226 740 1353 798; x_wconf 81' lang='lat' dir='ltr'><strong>tamen</strong></span> <span class='ocrx_word' id='word_1_18' title='bbox 1371 723 1544 798; x_wconf 86' lang='lat' dir='ltr'><strong>Catilinae</strong></span> <span class='ocrx_word' id='word_1_19' title='bbox 1559 723 1668 796; x_wconf 84' lang='lat' dir='ltr'><strong>furor</strong></span> <span class='ocrx_word' id='word_1_20' title='bbox 1679 723 1807 795; x_wconf 89' lang='lat' dir='ltr'><strong>minu-</strong></span> 
     </span>
     <span class='ocr_line' id='line_1_4' title="bbox 331 836 1836 951; baseline -0.001 -31"><span class='ocrx_word' id='word_1_21' title='bbox 331 879 343 936; x_wconf 57' lang='lat' dir='ltr'><strong>f</strong></span> <span class='ocrx_word' id='word_1_22' title='bbox 411 843 567 938; x_wconf 84' lang='lat' dir='ltr'><strong>ebatur3</strong></span> <span class='ocrx_word' id='word_1_23' title='bbox 578 843 643 919; x_wconf 83' lang='lat' dir='ltr'><strong>aed</strong></span> <span class='ocrx_word' id='word_1_24' title='bbox 657 843 700 918; x_wconf 89' lang='lat' dir='ltr'><strong>in</strong></span> <span class='ocrx_word' id='word_1_25' title='bbox 716 844 793 919; x_wconf 87' lang='lat' dir='ltr'><strong>dies</strong></span> <span class='ocrx_word' id='word_1_26' title='bbox 806 845 918 936; x_wconf 85' lang='lat' dir='ltr'><strong>plura</strong></span> <span class='ocrx_word' id='word_1_27' title='bbox 934 847 1077 950; x_wconf 83' lang='lat' dir='ltr'><strong>agitare</strong></span> <span class='ocrx_word' id='word_1_28' title='bbox 1083 879 1093 940; x_wconf 92' lang='lat'>;</span> <span class='ocrx_word' id='word_1_29' title='bbox 1107 875 1213 921; x_wconf 87' lang='lat' dir='ltr'><strong>arma</strong></span> <span class='ocrx_word' id='word_1_30' title='bbox 1228 871 1297 951; x_wconf 87' lang='lat' dir='ltr'><strong>per</strong></span> <span class='ocrx_word' id='word_1_31' title='bbox 1315 846 1467 922; x_wconf 88' lang='lat' dir='ltr'><strong>Italiam</strong></span> <span class='ocrx_word' id='word_1_32' title='bbox 1480 847 1571 920; x_wconf 87' lang='lat' dir='ltr'><strong>locis</strong></span> <span class='ocrx_word' id='word_1_33' title='bbox 1583 845 1808 951; x_wconf 78' lang='lat' dir='ltr'>opportunis</span> <span class='ocrx_word' id='word_1_34' title='bbox 1832 836 1836 843; x_wconf 42' lang='lat'><strong><em>⁴</em></strong></span> 
     </span>
     <span class='ocr_line' id='line_1_5' title="bbox 411 967 1811 1072; baseline 0.001 -32"><span class='ocrx_word' id='word_1_35' title='bbox 411 991 567 1072; x_wconf 81' lang='lat' dir='ltr'><strong>parare3</strong></span> <span class='ocrx_word' id='word_1_36' title='bbox 590 967 795 1070; x_wconf 88' lang='lat' dir='ltr'><strong>pecuniam</strong></span> <span class='ocrx_word' id='word_1_37' title='bbox 812 993 880 1043; x_wconf 82' lang='lat' dir='ltr'><strong>sua</strong></span> <span class='ocrx_word' id='word_1_38' title='bbox 904 985 972 1043; x_wconf 87' lang='lat' dir='ltr'><strong>aut</strong></span> <span class='ocrx_word' id='word_1_39' title='bbox 992 970 1203 1045; x_wconf 88' lang='lat' dir='ltr'><strong>amicorum</strong></span> <span class='ocrx_word' id='word_1_40' title='bbox 1224 969 1299 1045; x_wconf 85' lang='lat' dir='ltr'><strong>lide</strong></span> <span class='ocrx_word' id='word_1_41' title='bbox 1323 988 1488 1045; x_wconf 86' lang='lat' dir='ltr'><strong>sumtam</strong></span> <span class='ocrx_word' id='word_1_42' title='bbox 1511 987 1705 1058; x_wconf 87' lang='lat' dir='ltr'><strong>mutuam,</strong></span> <span class='ocrx_word' id='word_1_43' title='bbox 1731 971 1811 1042; x_wconf 77' lang='lat' dir='ltr'><strong>Fae-</strong></span> 
     </span>
     <span class='ocr_line' id='line_1_6' title="bbox 411 1089 1808 1196; baseline -0.001 -30"><span class='ocrx_word' id='word_1_44' title='bbox 411 1089 513 1166; x_wconf 77' lang='lat' dir='ltr'><strong>aulas</strong></span> <span class='ocrx_word' id='word_1_45' title='bbox 530 1090 580 1165; x_wconf 91' lang='lat' dir='ltr'><strong>ad</strong></span> <span class='ocrx_word' id='word_1_46' title='bbox 594 1090 786 1165; x_wconf 89' lang='lat' dir='ltr'><strong>Manlium</strong></span> <span class='ocrx_word' id='word_1_47' title='bbox 803 1092 1007 1194; x_wconf 83' lang='lat' dir='ltr'><strong>quemdam</strong></span> <span class='ocrx_word' id='word_1_48' title='bbox 1026 1110 1195 1196; x_wconf 85' lang='lat' dir='ltr'><strong>portare,</strong></span> <span class='ocrx_word' id='word_1_49' title='bbox 1220 1094 1287 1196; x_wconf 93' lang='lat' dir='ltr'><strong>qui</strong></span> <span class='ocrx_word' id='word_1_50' title='bbox 1300 1110 1426 1196; x_wconf 86' lang='lat' dir='ltr'><strong>postea</strong></span> <span class='ocrx_word' id='word_1_51' title='bbox 1442 1094 1618 1196; x_wconf 81' lang='lat' dir='ltr'><strong>princeps</strong></span> <span class='ocrx_word' id='word_1_52' title='bbox 1630 1093 1706 1168; x_wconf 81' lang='lat' dir='ltr'><strong>fuit</strong></span> <span class='ocrx_word' id='word_1_53' title='bbox 1718 1089 1808 1167; x_wconf 89' lang='lat' dir='ltr'><strong>belli</strong></span> 
     </span>
     <span class='ocr_line' id='line_1_7' title="bbox 412 1211 1811 1320; baseline 0.001 -31"><span class='ocrx_word' id='word_1_54' title='bbox 412 1211 595 1290; x_wconf 87' lang='lat' dir='ltr'><strong>faciundi.</strong></span> <span class='ocrx_word' id='word_1_55' title='bbox 635 1216 690 1288; x_wconf 85' lang='lat' dir='ltr'><strong>Ea</strong></span> <span class='ocrx_word' id='word_1_56' title='bbox 713 1230 932 1318; x_wconf 79' lang='lat' dir='ltr'><strong>tempestate</strong></span> <span class='ocrx_word' id='word_1_57' title='bbox 954 1215 1140 1318; x_wconf 81' lang='lat' dir='ltr'><strong>plurimos</strong></span> <span class='ocrx_word' id='word_1_58' title='bbox 1165 1217 1350 1318; x_wconf 85' lang='lat' dir='ltr'><strong>cuiusque</strong></span> <span class='ocrx_word' id='word_1_59' title='bbox 1381 1216 1525 1320; x_wconf 79' lang='lat' dir='ltr'><strong>generis</strong></span> <span class='ocrx_word' id='word_1_60' title='bbox 1544 1215 1719 1290; x_wconf 85' lang='lat' dir='ltr'><strong>homines</strong></span> <span class='ocrx_word' id='word_1_61' title='bbox 1744 1213 1811 1290; x_wconf 87' lang='lat' dir='ltr'><strong>ad·</strong></span> 
     </span>
     <span class='ocr_line' id='line_1_8' title="bbox 411 1337 1811 1444; baseline -0.002 -30"><span class='ocrx_word' id='word_1_62' title='bbox 411 1337 557 1414; x_wconf 73' lang='lat' dir='ltr'><strong>scivisse</strong></span> <span class='ocrx_word' id='word_1_63' title='bbox 577 1337 650 1413; x_wconf 86' lang='lat' dir='ltr'><strong>sibi</strong></span> <span class='ocrx_word' id='word_1_64' title='bbox 671 1338 833 1432; x_wconf 82' lang='lat' dir='ltr'><strong>dicitur3</strong></span> <span class='ocrx_word' id='word_1_65' title='bbox 855 1339 1031 1413; x_wconf 81' lang='lat' dir='ltr'><strong>mulieres</strong></span> <span class='ocrx_word' id='word_1_66' title='bbox 1055 1339 1170 1414; x_wconf 89' lang='lat' dir='ltr'><strong>etiam</strong></span> <span class='ocrx_word' id='word_1_67' title='bbox 1193 1339 1359 1442; x_wconf 86' lang='lat' dir='ltr'><strong>aliquot,</strong></span> <span class='ocrx_word' id='word_1_68' title='bbox 1383 1363 1470 1441; x_wconf 82' lang='lat' dir='ltr'><strong>quae</strong></span> <span class='ocrx_word' id='word_1_69' title='bbox 1497 1339 1622 1442; x_wconf 87' lang='lat' dir='ltr'><strong>primo</strong></span> <span class='ocrx_word' id='word_1_70' title='bbox 1647 1338 1811 1444; x_wconf 81' lang='lat' dir='ltr'><strong>ingentis</strong></span> 
     </span>
     <span class='ocr_line' id='line_1_9' title="bbox 411 1462 1812 1567; baseline -0.003 -29"><span class='ocrx_word' id='word_1_71' title='bbox 411 1479 559 1539; x_wconf 75' lang='lat' dir='ltr'><strong>cumnis</strong></span> <span class='ocrx_word' id='word_1_72' title='bbox 584 1478 716 1566; x_wconf 83' lang='lat' dir='ltr'><strong>stupro</strong></span> <span class='ocrx_word' id='word_1_73' title='bbox 742 1463 909 1566; x_wconf 86' lang='lat' dir='ltr'><strong>corporis</strong></span> <span class='ocrx_word' id='word_1_74' title='bbox 936 1462 1211 1538; x_wconf 80' lang='lat' dir='ltr'><strong>toleraverant:</strong></span> <span class='ocrx_word' id='word_1_75' title='bbox 1235 1479 1321 1567; x_wconf 84' lang='lat' dir='ltr'><strong>post</strong></span> <span class='ocrx_word' id='word_1_76' title='bbox 1346 1463 1414 1537; x_wconf 84' lang='lat' dir='ltr'><strong>ubi</strong></span> <span class='ocrx_word' id='word_1_77' title='bbox 1435 1480 1522 1538; x_wconf 87' lang='lat' dir='ltr'><strong>aetas</strong></span> <span class='ocrx_word' id='word_1_78' title='bbox 1545 1462 1812 1537; x_wconf 88' lang='lat' dir='ltr'><strong>tantummodo</strong></span> 
     </span>
     <span class='ocr_line' id='line_1_10' title="bbox 349 1577 1813 1692; baseline -0.001 -32"><span class='ocrx_word' id='word_1_79' title='bbox 349 1577 352 1584; x_wconf 43' lang='lat'><strong>⁴</strong></span> <span class='ocrx_word' id='word_1_80' title='bbox 413 1585 592 1690; x_wconf 71' lang='lat' dir='ltr'><strong>quaestui,</strong></span> <span class='ocrx_word' id='word_1_81' title='bbox 617 1614 742 1692; x_wconf 89' lang='lat' dir='ltr'><strong>neque</strong></span> <span class='ocrx_word' id='word_1_82' title='bbox 765 1585 926 1661; x_wconf 86' lang='lat' dir='ltr'><strong>luxuriae</strong></span> <span class='ocrx_word' id='word_1_83' title='bbox 947 1587 1107 1660; x_wconf 91' lang='lat' dir='ltr'><strong>modum</strong></span> <span class='ocrx_word' id='word_1_84' title='bbox 1131 1586 1285 1676; x_wconf 84' lang='lat' dir='ltr'><strong>fecerat,</strong></span> <span class='ocrx_word' id='word_1_85' title='bbox 1310 1613 1358 1661; x_wconf 82' lang='lat' dir='ltr'><strong>aes</strong></span> <span class='ocrx_word' id='word_1_86' title='bbox 1379 1587 1550 1661; x_wconf 86' lang='lat' dir='ltr'><strong>alienum</strong></span> <span class='ocrx_word' id='word_1_87' title='bbox 1563 1587 1707 1690; x_wconf 79' lang='lat' dir='ltr'><strong>grande</strong></span> <span class='ocrx_word' id='word_1_88' title='bbox 1720 1613 1813 1660; x_wconf 89' lang='lat' dir='ltr'><strong>con-</strong></span> 
     </span>
     <span class='ocr_line' id='line_1_11' title="bbox 413 1708 1815 1813; baseline -0.003 -27"><span class='ocrx_word' id='word_1_89' title='bbox 413 1709 613 1795; x_wconf 82' lang='lat' dir='ltr'><strong>flaverant,</strong></span> <span class='ocrx_word' id='word_1_90' title='bbox 638 1730 708 1807; x_wconf 83' lang='lat' dir='ltr'><strong>per</strong></span> <span class='ocrx_word' id='word_1_91' title='bbox 728 1734 787 1783; x_wconf 87' lang='lat' dir='ltr'><strong>eas</strong></span> <span class='ocrx_word' id='word_1_92' title='bbox 808 1735 847 1784; x_wconf 83' lang='lat' dir='ltr'><strong>se</strong></span> <span class='ocrx_word' id='word_1_93' title='bbox 868 1708 1033 1785; x_wconf 85' lang='lat' dir='ltr'><strong>Catilina</strong></span> <span class='ocrx_word' id='word_1_94' title='bbox 1056 1709 1233 1784; x_wconf 88' lang='lat' dir='ltr'><strong>credebat</strong></span> <span class='ocrx_word' id='word_1_95' title='bbox 1252 1737 1358 1813; x_wconf 67' lang='lat' dir='ltr'><strong>poete</strong></span> <span class='ocrx_word' id='word_1_96' title='bbox 1389 1710 1538 1786; x_wconf 82' lang='lat' dir='ltr'><strong>servitia</strong></span> <span class='ocrx_word' id='word_1_97' title='bbox 1568 1710 1717 1783; x_wconf 85' lang='lat' dir='ltr'><strong>urbana</strong></span> <span class='ocrx_word' id='word_1_98' title='bbox 1741 1710 1815 1784; x_wconf 86' lang='lat' dir='ltr'><strong>sol-</strong></span> 
     </span>
     <span class='ocr_line' id='line_1_12' title="bbox 413 1832 1815 1935; baseline -0.001 -28"><span class='ocrx_word' id='word_1_99' title='bbox 413 1833 578 1924; x_wconf 85' lang='lat' dir='ltr'><strong>licitare,</strong></span> <span class='ocrx_word' id='word_1_100' title='bbox 604 1833 741 1908; x_wconf 89' lang='lat' dir='ltr'><strong>urbem</strong></span> <span class='ocrx_word' id='word_1_101' title='bbox 756 1832 976 1923; x_wconf 85' lang='lat' dir='ltr'><strong>incendere,</strong></span> <span class='ocrx_word' id='word_1_102' title='bbox 1002 1832 1101 1908; x_wconf 83' lang='lat' dir='ltr'><strong>viros</strong></span> <span class='ocrx_word' id='word_1_103' title='bbox 1116 1860 1248 1906; x_wconf 87' lang='lat' dir='ltr'><strong>earum</strong></span> <span class='ocrx_word' id='word_1_104' title='bbox 1266 1833 1325 1908; x_wconf 89' lang='lat' dir='ltr'><strong>vel</strong></span> <span class='ocrx_word' id='word_1_105' title='bbox 1347 1832 1552 1935; x_wconf 81' lang='lat' dir='ltr'><strong>adiungere</strong></span> <span class='ocrx_word' id='word_1_106' title='bbox 1567 1833 1654 1923; x_wconf 87' lang='lat' dir='ltr'><strong>sibi,</strong></span> <span class='ocrx_word' id='word_1_107' title='bbox 1679 1833 1740 1908; x_wconf 84' lang='lat' dir='ltr'><strong>vel</strong></span> <span class='ocrx_word' id='word_1_108' title='bbox 1755 1834 1815 1906; x_wconf 88' lang='lat' dir='ltr'><strong>in-</strong></span> 
     </span>
     <span class='ocr_line' id='line_1_13' title="bbox 368 1952 1816 2061; baseline -0.003 -25"><span class='ocrx_word' id='word_1_109' title='bbox 368 1957 592 2046; x_wconf 77' lang='lat' dir='ltr'><strong>25terlicere.</strong></span> <span class='ocrx_word' id='word_1_110' title='bbox 627 1955 699 2032; x_wconf 91' lang='lat' dir='ltr'><strong>Sed</strong></span> <span class='ocrx_word' id='word_1_111' title='bbox 721 1955 763 2028; x_wconf 91' lang='lat' dir='ltr'><strong>in</strong></span> <span class='ocrx_word' id='word_1_112' title='bbox 780 1952 840 2030; x_wconf 78' lang='lat' dir='ltr'><strong>his</strong></span> <span class='ocrx_word' id='word_1_113' title='bbox 861 1972 944 2031; x_wconf 87' lang='lat' dir='ltr'><strong>erat</strong></span> <span class='ocrx_word' id='word_1_114' title='bbox 957 1955 1180 2058; x_wconf 88' lang='lat' dir='ltr'><strong>Sempronia</strong></span> <span class='ocrx_word' id='word_1_115' title='bbox 1197 1981 1283 2058; x_wconf 80' lang='lat' dir='ltr'><strong>quae</strong></span> <span class='ocrx_word' id='word_1_116' title='bbox 1304 1957 1426 2030; x_wconf 90' lang='lat' dir='ltr'><strong>multa</strong></span> <span class='ocrx_word' id='word_1_117' title='bbox 1445 1981 1543 2061; x_wconf 83' lang='lat' dir='ltr'><strong>saepe</strong></span> <span class='ocrx_word' id='word_1_118' title='bbox 1563 1956 1683 2031; x_wconf 80' lang='lat' dir='ltr'><strong>virilis</strong></span> <span class='ocrx_word' id='word_1_119' title='bbox 1696 1956 1816 2031; x_wconf 86' lang='lat' dir='ltr'><strong>auda·</strong></span> 
     </span>
     <span class='ocr_line' id='line_1_14' title="bbox 414 2078 1816 2184; baseline -0.004 -26"><span class='ocrx_word' id='word_1_120' title='bbox 414 2082 482 2159; x_wconf 89' lang='lat' dir='ltr'><strong>ciae</strong></span> <span class='ocrx_word' id='word_1_121' title='bbox 502 2081 673 2156; x_wconf 83' lang='lat' dir='ltr'><strong>facinora</strong></span> <span class='ocrx_word' id='word_1_122' title='bbox 697 2079 943 2155; x_wconf 84' lang='lat' dir='ltr'><strong>commiserat.</strong></span> <span class='ocrx_word' id='word_1_123' title='bbox 977 2080 1069 2153; x_wconf 85' lang='lat' dir='ltr'><strong>Haec</strong></span> <span class='ocrx_word' id='word_1_124' title='bbox 1096 2078 1236 2154; x_wconf 89' lang='lat' dir='ltr'><strong>mulier</strong></span> <span class='ocrx_word' id='word_1_125' title='bbox 1255 2105 1390 2183; x_wconf 79' lang='lat' dir='ltr'><strong>genere</strong></span> <span class='ocrx_word' id='word_1_126' title='bbox 1409 2095 1525 2183; x_wconf 88' lang='lat' dir='ltr'><strong>atque</strong></span> <span class='ocrx_word' id='word_1_127' title='bbox 1553 2078 1695 2171; x_wconf 84' lang='lat' dir='ltr'><strong>forma,</strong></span> <span class='ocrx_word' id='word_1_128' title='bbox 1719 2105 1816 2184; x_wconf 83' lang='lat' dir='ltr'><strong>prae-</strong></span> 
     </span>
     <span class='ocr_line' id='line_1_15' title="bbox 415 2201 1814 2307; baseline -0.004 -24"><span class='ocrx_word' id='word_1_129' title='bbox 415 2221 515 2283; x_wconf 86' lang='lat' dir='ltr'><strong>tcrea</strong></span> <span class='ocrx_word' id='word_1_130' title='bbox 532 2206 614 2281; x_wconf 82' lang='lat' dir='ltr'><strong>viro</strong></span> <span class='ocrx_word' id='word_1_131' title='bbox 634 2220 750 2307; x_wconf 84' lang='lat' dir='ltr'><strong>atque</strong></span> <span class='ocrx_word' id='word_1_132' title='bbox 773 2201 900 2276; x_wconf 80' lang='lat' dir='ltr'><strong>liberis</strong></span> <span class='ocrx_word' id='word_1_133' title='bbox 922 2202 1010 2276; x_wconf 84' lang='lat' dir='ltr'><strong>satis</strong></span> <span class='ocrx_word' id='word_1_134' title='bbox 1036 2201 1231 2277; x_wconf 85' lang='lat' dir='ltr'><strong>fortunata</strong></span> <span class='ocrx_word' id='word_1_135' title='bbox 1254 2202 1361 2278; x_wconf 82' lang='lat' dir='ltr'><strong>fuit:</strong></span> <span class='ocrx_word' id='word_1_136' title='bbox 1394 2202 1512 2277; x_wconf 85' lang='lat' dir='ltr'><strong>literis</strong></span> <span class='ocrx_word' id='word_1_137' title='bbox 1533 2203 1676 2278; x_wconf 85' lang='lat' dir='ltr'><strong>Groeeis</strong></span> <span class='ocrx_word' id='word_1_138' title='bbox 1697 2219 1814 2306; x_wconf 89' lang='lat' dir='ltr'><strong>atque</strong></span> 
     </span>
     <span class='ocr_line' id='line_1_16' title="bbox 414 2324 1817 2434; baseline -0.004 -29"><span class='ocrx_word' id='word_1_139' title='bbox 414 2330 559 2405; x_wconf 84' lang='lat' dir='ltr'><strong>Latinis</strong></span> <span class='ocrx_word' id='word_1_140' title='bbox 577 2328 713 2404; x_wconf 87' lang='lat' dir='ltr'><strong>docta:</strong></span> <span class='ocrx_word' id='word_1_141' title='bbox 736 2324 897 2434; x_wconf 87' lang='lat' dir='ltr'><strong>psallere</strong></span> <span class='ocrx_word' id='word_1_142' title='bbox 911 2343 948 2400; x_wconf 91' lang='lat' dir='ltr'><strong>et</strong></span> <span class='ocrx_word' id='word_1_143' title='bbox 961 2326 1099 2401; x_wconf 87' lang='lat' dir='ltr'><strong>saltare</strong></span> <span class='ocrx_word' id='word_1_144' title='bbox 1119 2326 1342 2431; x_wconf 82' lang='lat' dir='ltr'><strong>elegantius,</strong></span> <span class='ocrx_word' id='word_1_145' title='bbox 1367 2353 1486 2429; x_wconf 90' lang='lat' dir='ltr'><strong>quam</strong></span> <span class='ocrx_word' id='word_1_146' title='bbox 1501 2353 1646 2402; x_wconf 70' lang='lat' dir='ltr'><strong>necesse</strong></span> <span class='ocrx_word' id='word_1_147' title='bbox 1659 2344 1715 2402; x_wconf 75' lang='lat' dir='ltr'><strong>eat</strong></span> <span class='ocrx_word' id='word_1_148' title='bbox 1728 2354 1817 2430; x_wconf 90' lang='lat' dir='ltr'><strong>pro-</strong></span> 
     </span>
     <span class='ocr_line' id='line_1_17' title="bbox 415 2450 1819 2556; baseline -0.005 -24"><span class='ocrx_word' id='word_1_149' title='bbox 415 2455 494 2532; x_wconf 83' lang='lat' dir='ltr'><strong>bae:</strong></span> <span class='ocrx_word' id='word_1_150' title='bbox 519 2454 642 2530; x_wconf 86' lang='lat' dir='ltr'><strong>multa</strong></span> <span class='ocrx_word' id='word_1_151' title='bbox 665 2451 762 2542; x_wconf 91' lang='lat' dir='ltr'><strong>alia,</strong></span> <span class='ocrx_word' id='word_1_152' title='bbox 781 2475 866 2554; x_wconf 85' lang='lat' dir='ltr'><strong>quae</strong></span> <span class='ocrx_word' id='word_1_153' title='bbox 882 2450 1136 2525; x_wconf 88' lang='lat' dir='ltr'><strong>instrumenta</strong></span> <span class='ocrx_word' id='word_1_154' title='bbox 1155 2451 1325 2526; x_wconf 83' lang='lat' dir='ltr'><strong>luxuriae.</strong></span> <span class='ocrx_word' id='word_1_155' title='bbox 1363 2450 1436 2525; x_wconf 88' lang='lat' dir='ltr'><strong>Sed</strong></span> <span class='ocrx_word' id='word_1_156' title='bbox 1451 2451 1486 2525; x_wconf 90' lang='lat' dir='ltr'><strong>ei</strong></span> <span class='ocrx_word' id='word_1_157' title='bbox 1503 2453 1647 2526; x_wconf 87' lang='lat' dir='ltr'><strong>cariora</strong></span> <span class='ocrx_word' id='word_1_158' title='bbox 1670 2476 1819 2556; x_wconf 73' lang='lat' dir='ltr'><strong>temper</strong></span> 
     </span>
    </p>
   </div>
   <div class='ocr_carea' id='block_1_3' title="bbox 407 2652 1823 3474">
    <p class='ocr_par' dir='ltr' id='par_1_3' title="bbox 407 2652 1823 3474">
     <span class='ocr_line' id='line_1_18' title="bbox 497 2652 1820 2740; baseline -0.003 -21"><span class='ocrx_word' id='word_1_159' title='bbox 497 2656 570 2740; x_wconf 78' lang='lat' dir='ltr'><strong>Cap.</strong></span> <span class='ocrx_word' id='word_1_160' title='bbox 586 2657 634 2728; x_wconf 89' lang='grc'><strong>24.</strong></span> <span class='ocrx_word' id='word_1_161' title='bbox 655 2655 857 2736; x_wconf 75' lang='lat' dir='ltr'><strong>designamur.</strong></span> <span class='ocrx_word' id='word_1_162' title='bbox 878 2653 976 2714; x_wconf 85' lang='lat' dir='ltr'><strong>Guelf.</strong></span> <span class='ocrx_word' id='word_1_163' title='bbox 993 2655 1021 2714; x_wconf 88' lang='lat'><strong>5.</strong></span> <span class='ocrx_word' id='word_1_164' title='bbox 1043 2652 1079 2714; x_wconf 86' lang='lat' dir='ltr'><strong>G.</strong></span> <span class='ocrx_word' id='word_1_165' title='bbox 1088 2652 1159 2713; x_wconf 74' lang='lat' dir='ltr'><strong>Ant.</strong></span> <span class='ocrx_word' id='word_1_166' title='bbox 1175 2653 1237 2714; x_wconf 82' lang='lat' dir='ltr'><strong>Bas.</strong></span> <span class='ocrx_word' id='word_1_167' title='bbox 1255 2678 1280 2715; x_wconf 86' lang='grc'><strong>2.</strong></span> <span class='ocrx_word' id='word_1_168' title='bbox 1294 2656 1323 2727; x_wconf 79' lang='grc'><strong>4,</strong></span> <span class='ocrx_word' id='word_1_169' title='bbox 1342 2655 1499 2735; x_wconf 59' lang='lat' dir='ltr'><strong>paconium</strong></span> <span class='ocrx_word' id='word_1_170' title='bbox 1516 2677 1569 2716; x_wconf 82' lang='lat' dir='ltr'><strong>auc</strong></span> <span class='ocrx_word' id='word_1_171' title='bbox 1584 2658 1625 2716; x_wconf 84' lang='lat' dir='ltr'><strong>sia</strong></span> <span class='ocrx_word' id='word_1_172' title='bbox 1638 2659 1735 2717; x_wconf 87' lang='lat' dir='ltr'><strong>maior</strong></span> <span class='ocrx_word' id='word_1_173' title='bbox 1751 2676 1820 2737; x_wconf 73' lang='lat' dir='ltr'><strong>pan</strong></span> 
     </span>
     <span class='ocr_line' id='line_1_19' title="bbox 417 2759 1820 2843; baseline -0.003 -21"><span class='ocrx_word' id='word_1_174' title='bbox 417 2761 515 2828; x_wconf 83' lang='lat' dir='ltr'><strong>Godd.</strong></span> <span class='ocrx_word' id='word_1_175' title='bbox 533 2781 699 2843; x_wconf 80' lang='lat' dir='ltr'><strong>pec.auom.</strong></span> <span class='ocrx_word' id='word_1_176' title='bbox 719 2759 979 2840; x_wconf 71' lang='lat' dir='ltr'><strong>Gu01c1.6.7.8.</strong></span> <span class='ocrx_word' id='word_1_177' title='bbox 999 2759 1069 2841; x_wconf 83' lang='lat' dir='ltr'><strong>Teg.</strong></span> <span class='ocrx_word' id='word_1_178' title='bbox 1089 2759 1158 2817; x_wconf 81' lang='lat' dir='ltr'><strong>Tur.</strong></span> <span class='ocrx_word' id='word_1_179' title='bbox 1172 2781 1200 2819; x_wconf 92' lang='grc'><strong>2.</strong></span> <span class='ocrx_word' id='word_1_180' title='bbox 1219 2759 1303 2819; x_wconf 89' lang='lat' dir='ltr'><strong>Bern.</strong></span> <span class='ocrx_word' id='word_1_181' title='bbox 1317 2781 1345 2820; x_wconf 88' lang='grc'><strong>2.</strong></span> <span class='ocrx_word' id='word_1_182' title='bbox 1365 2761 1454 2821; x_wconf 80' lang='lat' dir='ltr'><strong>Aead.</strong></span> <span class='ocrx_word' id='word_1_183' title='bbox 1475 2761 1542 2820; x_wconf 82' lang='lat' dir='ltr'><strong>San.</strong></span> <span class='ocrx_word' id='word_1_184' title='bbox 1561 2783 1587 2826; x_wconf 91' lang='grc'><strong>2.</strong></span> <span class='ocrx_word' id='word_1_185' title='bbox 1608 2763 1669 2823; x_wconf 86' lang='lat' dir='ltr'><strong>inc.</strong></span> <span class='ocrx_word' id='word_1_186' title='bbox 1690 2763 1820 2826; x_wconf 67' lang='grc'><strong>1122222,</strong></span> 
     </span>
     <span class='ocr_line' id='line_1_20' title="bbox 416 2863 1819 2948; baseline -0.001 -21"><span class='ocrx_word' id='word_1_187' title='bbox 416 2866 504 2928; x_wconf 81' lang='lat' dir='ltr'><strong>Fabr.</strong></span> <span class='ocrx_word' id='word_1_188' title='bbox 518 2887 545 2927; x_wconf 88' lang='grc'><strong>2.</strong></span> <span class='ocrx_word' id='word_1_189' title='bbox 573 2876 700 2928; x_wconf 80' lang='lat' dir='ltr'><strong>sumtum</strong></span> <span class='ocrx_word' id='word_1_190' title='bbox 714 2873 825 2924; x_wconf 71' lang='lat' dir='ltr'><strong>maduo.</strong></span> <span class='ocrx_word' id='word_1_191' title='bbox 846 2863 932 2923; x_wconf 86' lang='lat' dir='ltr'><strong>Fabr.</strong></span> <span class='ocrx_word' id='word_1_192' title='bbox 945 2884 971 2922; x_wconf 91' lang='grc'><strong>2.</strong></span> <span class='ocrx_word' id='word_1_193' title='bbox 993 2863 1055 2923; x_wconf 76' lang='lat' dir='ltr'><strong>Bas.</strong></span> <span class='ocrx_word' id='word_1_194' title='bbox 1073 2883 1100 2923; x_wconf 88' lang='grc'><strong>2.</strong></span> <span class='ocrx_word' id='word_1_195' title='bbox 1112 2863 1140 2922; x_wconf 91' lang='grc'><strong>3.</strong></span> <span class='ocrx_word' id='word_1_196' title='bbox 1156 2864 1185 2934; x_wconf 94' lang='grc'><strong>4.</strong></span> <span class='ocrx_word' id='word_1_197' title='bbox 1214 2865 1310 2927; x_wconf 73' lang='lat' dir='ltr'><strong>Strnv.</strong></span> <span class='ocrx_word' id='word_1_198' title='bbox 1331 2865 1398 2926; x_wconf 83' lang='lat' dir='ltr'><strong>Eoo.</strong></span> <span class='ocrx_word' id='word_1_199' title='bbox 1419 2865 1470 2925; x_wconf 77' lang='lat' dir='ltr'><strong>Ac.</strong></span> <span class='ocrx_word' id='word_1_200' title='bbox 1491 2867 1550 2926; x_wconf 88' lang='lat' dir='ltr'><strong>ino.</strong></span> <span class='ocrx_word' id='word_1_201' title='bbox 1578 2865 1676 2926; x_wconf 87' lang='lat' dir='ltr'><strong>Guelf.</strong></span> <span class='ocrx_word' id='word_1_202' title='bbox 1694 2890 1723 2948; x_wconf 84' lang='lat'><strong>7.</strong></span> <span class='ocrx_word' id='word_1_203' title='bbox 1740 2869 1770 2926; x_wconf 86' lang='grc'><strong>8.</strong></span> <span class='ocrx_word' id='word_1_204' title='bbox 1787 2888 1819 2944; x_wconf 82' lang='lat'><strong>9.</strong></span> 
     </span>
     <span class='ocr_line' id='line_1_21' title="bbox 422 2967 1822 3048; baseline 0 -16"><span class='ocrx_word' id='word_1_205' title='bbox 422 2992 468 3032; x_wconf 88' lang='grc'><strong>22.</strong></span> <span class='ocrx_word' id='word_1_206' title='bbox 484 2992 530 3033; x_wconf 86' lang='grc'><strong>22.</strong></span> <span class='ocrx_word' id='word_1_207' title='bbox 550 2971 630 3032; x_wconf 82' lang='lat' dir='ltr'><strong>leid.</strong></span> <span class='ocrx_word' id='word_1_208' title='bbox 641 2993 668 3036; x_wconf 86' lang='lat' dir='ltr'><strong>a.</strong></span> <span class='ocrx_word' id='word_1_209' title='bbox 679 2970 709 3029; x_wconf 86' lang='lat' dir='ltr'><strong>d.</strong></span> <span class='ocrx_word' id='word_1_210' title='bbox 720 2990 747 3029; x_wconf 84' lang='lat' dir='ltr'><strong>e.</strong></span> <span class='ocrx_word' id='word_1_211' title='bbox 757 2967 789 3028; x_wconf 91' lang='lat' dir='ltr'><strong>h.</strong></span> <span class='ocrx_word' id='word_1_212' title='bbox 804 2970 831 3028; x_wconf 85' lang='lat' dir='ltr'><strong>l.</strong></span> <span class='ocrx_word' id='word_1_213' title='bbox 845 2992 886 3028; x_wconf 88' lang='lat' dir='ltr'><strong>m.</strong></span> <span class='ocrx_word' id='word_1_214' title='bbox 906 2968 976 3026; x_wconf 90' lang='lat' dir='ltr'><strong>Tur.</strong></span> <span class='ocrx_word' id='word_1_215' title='bbox 994 2989 1021 3026; x_wconf 89' lang='grc'><strong>2.</strong></span> <span class='ocrx_word' id='word_1_216' title='bbox 1042 2967 1126 3027; x_wconf 88' lang='lat' dir='ltr'><strong>Bern.</strong></span> <span class='ocrx_word' id='word_1_217' title='bbox 1140 2989 1166 3026; x_wconf 84' lang='grc' dir='ltr'><strong>ι.</strong></span> <span class='ocrx_word' id='word_1_218' title='bbox 1184 2988 1210 3033; x_wconf 85' lang='grc'><strong>2.</strong></span> <span class='ocrx_word' id='word_1_219' title='bbox 1221 2968 1287 3046; x_wconf 77' lang='lat' dir='ltr'><strong>fnit</strong></span> <span class='ocrx_word' id='word_1_220' title='bbox 1301 2990 1348 3048; x_wconf 83' lang='lat' dir='ltr'><strong>pr.</strong></span> <span class='ocrx_word' id='word_1_221' title='bbox 1375 2968 1436 3028; x_wconf 80' lang='lat' dir='ltr'><strong>Bas.</strong></span> <span class='ocrx_word' id='word_1_222' title='bbox 1448 2969 1477 3029; x_wconf 94' lang='grc'><strong>3.</strong></span> <span class='ocrx_word' id='word_1_223' title='bbox 1489 2970 1518 3040; x_wconf 89' lang='grc'><strong>4.</strong></span> <span class='ocrx_word' id='word_1_224' title='bbox 1529 2970 1682 3048; x_wconf 76' lang='lat' dir='ltr'><strong>foefitit.</strong></span> <span class='ocrx_word' id='word_1_225' title='bbox 1710 2971 1772 3031; x_wconf 84' lang='lat' dir='ltr'><strong>Bas.</strong></span> <span class='ocrx_word' id='word_1_226' title='bbox 1791 2994 1822 3032; x_wconf 86' lang='lat'><strong>2.</strong></span> 
     </span>
     <span class='ocr_line' id='line_1_22' title="bbox 407 3071 1823 3156; baseline -0.001 -19"><span class='ocrx_word' id='word_1_227' title='bbox 407 3077 625 3156; x_wconf 76' lang='lat' dir='ltr'><strong>fuitsaciundi</strong></span> <span class='ocrx_word' id='word_1_228' title='bbox 641 3075 710 3135; x_wconf 74' lang='lat' dir='ltr'><strong>betti</strong></span> <span class='ocrx_word' id='word_1_229' title='bbox 725 3073 810 3133; x_wconf 88' lang='lat' dir='ltr'><strong>Born.</strong></span> <span class='ocrx_word' id='word_1_230' title='bbox 830 3095 857 3134; x_wconf 89' lang='lat'><strong>1.</strong></span> <span class='ocrx_word' id='word_1_231' title='bbox 879 3071 1052 3132; x_wconf 63' lang='lat' dir='ltr'><strong>adacaiase:</strong></span> <span class='ocrx_word' id='word_1_232' title='bbox 1072 3071 1127 3131; x_wconf 69' lang='lat' dir='ltr'><strong>siti</strong></span> <span class='ocrx_word' id='word_1_233' title='bbox 1139 3073 1218 3131; x_wconf 83' lang='lat' dir='ltr'><strong>abest</strong></span> <span class='ocrx_word' id='word_1_234' title='bbox 1233 3073 1304 3156; x_wconf 84' lang='lat' dir='ltr'><strong>Reg.</strong></span> <span class='ocrx_word' id='word_1_235' title='bbox 1329 3074 1387 3132; x_wconf 82' lang='lat' dir='ltr'><strong>Erl.</strong></span> <span class='ocrx_word' id='word_1_236' title='bbox 1409 3074 1493 3133; x_wconf 85' lang='lat' dir='ltr'><strong>Fabr.</strong></span> <span class='ocrx_word' id='word_1_237' title='bbox 1510 3095 1537 3134; x_wconf 83' lang='grc'><strong>2.</strong></span> <span class='ocrx_word' id='word_1_238' title='bbox 1559 3075 1657 3134; x_wconf 80' lang='lat' dir='ltr'><strong>Guelf.</strong></span> <span class='ocrx_word' id='word_1_239' title='bbox 1670 3075 1700 3135; x_wconf 92' lang='grc'><strong>3.</strong></span> <span class='ocrx_word' id='word_1_240' title='bbox 1722 3098 1823 3156; x_wconf 77' lang='lat' dir='ltr'><strong>impr.</strong></span> 
     </span>
     <span class='ocr_line' id='line_1_23' title="bbox 416 3175 1823 3261; baseline -0.003 -17"><span class='ocrx_word' id='word_1_241' title='bbox 416 3187 517 3244; x_wconf 87' lang='lat' dir='ltr'><strong>locum</strong></span> <span class='ocrx_word' id='word_1_242' title='bbox 529 3193 603 3242; x_wconf 86' lang='lat' dir='ltr'><strong>mut.</strong></span> <span class='ocrx_word' id='word_1_243' title='bbox 616 3175 750 3259; x_wconf 66' lang='grc'><strong>62221447.</strong></span> <span class='ocrx_word' id='word_1_244' title='bbox 771 3177 921 3237; x_wconf 84' lang='lat' dir='ltr'><strong>Manlium</strong></span> <span class='ocrx_word' id='word_1_245' title='bbox 937 3178 976 3236; x_wconf 88' lang='lat' dir='ltr'><strong>ita</strong></span> <span class='ocrx_word' id='word_1_246' title='bbox 991 3177 1124 3234; x_wconf 72' lang='lat' dir='ltr'><strong>meliores</strong></span> <span class='ocrx_word' id='word_1_247' title='bbox 1137 3176 1205 3235; x_wconf 85' lang='lat' dir='ltr'><strong>libri</strong></span> <span class='ocrx_word' id='word_1_248' title='bbox 1221 3178 1366 3237; x_wconf 87' lang='lat' dir='ltr'><strong>oeteriaut</strong></span> <span class='ocrx_word' id='word_1_249' title='bbox 1379 3178 1546 3238; x_wconf 78' lang='lat' dir='ltr'><strong>Malicsaut</strong></span> <span class='ocrx_word' id='word_1_250' title='bbox 1555 3180 1676 3239; x_wconf 77' lang='lat' dir='ltr'><strong>Mallius</strong></span> <span class='ocrx_word' id='word_1_251' title='bbox 1691 3179 1724 3240; x_wconf 89' lang='lat' dir='ltr'><strong>id</strong></span> <span class='ocrx_word' id='word_1_252' title='bbox 1738 3183 1823 3261; x_wconf 89' lang='lat' dir='ltr'><strong>quod</strong></span> 
     </span>
     <span class='ocr_line' id='line_1_24' title="bbox 416 3280 1820 3365; baseline -0.001 -17"><span class='ocrx_word' id='word_1_253' title='bbox 416 3289 503 3348; x_wconf 81' lang='lat' dir='ltr'><strong>etiam</strong></span> <span class='ocrx_word' id='word_1_254' title='bbox 515 3287 572 3347; x_wconf 91' lang='lat' dir='ltr'><strong>Dio</strong></span> <span class='ocrx_word' id='word_1_255' title='bbox 588 3285 723 3365; x_wconf 66' lang='lat' dir='ltr'><strong>expremit</strong></span> <span class='ocrx_word' id='word_1_256' title='bbox 735 3281 799 3340; x_wconf 86' lang='lat' dir='ltr'><strong>Lib.</strong></span> <span class='ocrx_word' id='word_1_257' title='bbox 812 3281 862 3363; x_wconf 82' lang='lat'><strong>37.</strong></span> <span class='ocrx_word' id='word_1_258' title='bbox 876 3280 925 3343; x_wconf 92' lang='grc' dir='ltr'><strong>3ο.</strong></span> <span class='ocrx_word' id='word_1_259' title='bbox 945 3299 974 3340; x_wconf 83' lang='lat' dir='ltr'><strong>se</strong></span> <span class='ocrx_word' id='word_1_260' title='bbox 993 3281 1137 3340; x_wconf 75' lang='lat' dir='ltr'><strong>credebat.</strong></span> <span class='ocrx_word' id='word_1_261' title='bbox 1158 3280 1219 3338; x_wconf 85' lang='lat' dir='ltr'><strong>Bas.</strong></span> <span class='ocrx_word' id='word_1_262' title='bbox 1230 3282 1258 3352; x_wconf 88' lang='grc'><strong>4.</strong></span> <span class='ocrx_word' id='word_1_263' title='bbox 1285 3281 1344 3340; x_wconf 77' lang='lat' dir='ltr'><strong>Eri.</strong></span> <span class='ocrx_word' id='word_1_264' title='bbox 1363 3283 1448 3342; x_wconf 87' lang='lat' dir='ltr'><strong>Bern.</strong></span> <span class='ocrx_word' id='word_1_265' title='bbox 1470 3305 1495 3342; x_wconf 85' lang='grc'><strong>2.</strong></span> <span class='ocrx_word' id='word_1_266' title='bbox 1523 3304 1553 3342; x_wconf 79' lang='lat' dir='ltr'><strong>aa</strong></span> <span class='ocrx_word' id='word_1_267' title='bbox 1566 3285 1652 3343; x_wconf 84' lang='lat' dir='ltr'><strong>deest.</strong></span> <span class='ocrx_word' id='word_1_268' title='bbox 1673 3285 1771 3345; x_wconf 80' lang='lat' dir='ltr'><strong>Guell.</strong></span> <span class='ocrx_word' id='word_1_269' title='bbox 1787 3288 1820 3356; x_wconf 90' lang='grc'><strong>4.</strong></span> 
     </span>
     <span class='ocr_line' id='line_1_25' title="bbox 417 3382 1821 3474; baseline -0.002 -22"><span class='ocrx_word' id='word_1_270' title='bbox 417 3393 553 3474; x_wconf 70' lang='lat' dir='ltr'><strong>ingentia</strong></span> <span class='ocrx_word' id='word_1_271' title='bbox 580 3390 677 3450; x_wconf 80' lang='lat' dir='ltr'><strong>Guelf.</strong></span> <span class='ocrx_word' id='word_1_272' title='bbox 689 3390 718 3448; x_wconf 89' lang='lat'><strong>5.</strong></span> <span class='ocrx_word' id='word_1_273' title='bbox 748 3387 810 3468; x_wconf 77' lang='lat' dir='ltr'><strong>ing.</strong></span> <span class='ocrx_word' id='word_1_274' title='bbox 825 3395 861 3448; x_wconf 81' lang='lat' dir='ltr'><strong>at.</strong></span> <span class='ocrx_word' id='word_1_275' title='bbox 880 3405 942 3447; x_wconf 88' lang='lat' dir='ltr'><strong>cor.</strong></span> <span class='ocrx_word' id='word_1_276' title='bbox 959 3393 1047 3448; x_wconf 74' lang='lat' dir='ltr'><strong>sumt.</strong></span> <span class='ocrx_word' id='word_1_277' title='bbox 1075 3382 1099 3442; x_wconf 84' lang='lat' dir='ltr'>F</span> <span class='ocrx_word' id='word_1_278' title='bbox 1099 3383 1160 3444; x_wconf 81' lang='lat' dir='ltr'><strong>abr.</strong></span> <span class='ocrx_word' id='word_1_279' title='bbox 1177 3404 1201 3444; x_wconf 87' lang='grc'><strong>2.</strong></span> <span class='ocrx_word' id='word_1_280' title='bbox 1233 3386 1300 3444; x_wconf 86' lang='lat' dir='ltr'><strong>Seu.</strong></span> <span class='ocrx_word' id='word_1_281' title='bbox 1323 3408 1350 3446; x_wconf 87' lang='grc'><strong>2.</strong></span> <span class='ocrx_word' id='word_1_282' title='bbox 1378 3389 1447 3469; x_wconf 81' lang='lat' dir='ltr'><strong>Teg.</strong></span> <span class='ocrx_word' id='word_1_283' title='bbox 1476 3387 1532 3446; x_wconf 74' lang='lat' dir='ltr'><strong>tibi</strong></span> <span class='ocrx_word' id='word_1_284' title='bbox 1550 3388 1676 3468; x_wconf 76' lang='lat' dir='ltr'><strong>adiwtg.</strong></span> <span class='ocrx_word' id='word_1_285' title='bbox 1708 3389 1771 3449; x_wconf 74' lang='lat' dir='ltr'><strong>Bas.</strong></span> <span class='ocrx_word' id='word_1_286' title='bbox 1787 3390 1821 3450; x_wconf 85' lang='grc'><strong>3.</strong></span> 
     </span>
    </p>
   </div>
   <div class='ocr_carea' id='block_1_4' title="bbox 418 3496 534 3558">
    <p class='ocr_par' dir='ltr' id='par_1_4' title="bbox 418 3496 534 3558">
     <span class='ocr_line' id='line_1_26' title="bbox 418 3496 534 3558; baseline -0.017 0"><span class='ocrx_word' id='word_1_287' title='bbox 418 3496 497 3558; x_wconf 67' lang='lat' dir='ltr'><strong>laid.</strong></span> <span class='ocrx_word' id='word_1_288' title='bbox 507 3518 534 3558; x_wconf 85' lang='lat' dir='ltr'><strong>e.</strong></span> 
     </span>
    </p>
   </div>
   <div class='ocr_carea' id='block_1_5' title="bbox 420 3617 1826 4438">
    <p class='ocr_par' dir='ltr' id='par_1_5' title="bbox 420 3617 1826 4438">
     <span class='ocr_line' id='line_1_27' title="bbox 484 3617 1826 3703; baseline 0 -19"><span class='ocrx_word' id='word_1_289' title='bbox 484 3621 557 3703; x_wconf 77' lang='lat' dir='ltr'><strong>Cap.</strong></span> <span class='ocrx_word' id='word_1_290' title='bbox 571 3624 618 3683; x_wconf 90' lang='grc'><strong>25.</strong></span> <span class='ocrx_word' id='word_1_291' title='bbox 636 3629 787 3702; x_wconf 73' lang='lat' dir='ltr'><strong>pretereo.</strong></span> <span class='ocrx_word' id='word_1_292' title='bbox 801 3617 856 3701; x_wconf 76' lang='lat' dir='ltr'><strong>Ap.</strong></span> <span class='ocrx_word' id='word_1_293' title='bbox 870 3618 952 3679; x_wconf 87' lang='lat' dir='ltr'><strong>Cort.</strong></span> <span class='ocrx_word' id='word_1_294' title='bbox 967 3617 1117 3676; x_wconf 75' lang='lat' dir='ltr'><strong>omissum.</strong></span> <span class='ocrx_word' id='word_1_295' title='bbox 1137 3617 1202 3679; x_wconf 80' lang='lat' dir='ltr'><strong>viro</strong></span> <span class='ocrx_word' id='word_1_296' title='bbox 1215 3618 1331 3681; x_wconf 61' lang='lat' dir='ltr'><strong>aaa:</strong></span> <span class='ocrx_word' id='word_1_297' title='bbox 1351 3623 1391 3682; x_wconf 88' lang='lat' dir='ltr'><strong>ita</strong></span> <span class='ocrx_word' id='word_1_298' title='bbox 1414 3623 1527 3682; x_wconf 80' lang='lat' dir='ltr'><strong>Manat</strong></span> <span class='ocrx_word' id='word_1_299' title='bbox 1544 3623 1826 3684; x_wconf 77' lang='lat' dir='ltr'><strong>auctoritateFron-</strong></span> 
     </span>
     <span class='ocr_line' id='line_1_28' title="bbox 421 3722 1824 3801; baseline 0 -13"><span class='ocrx_word' id='word_1_300' title='bbox 421 3729 516 3801; x_wconf 80' lang='lat' dir='ltr'><strong>tonis,</strong></span> <span class='ocrx_word' id='word_1_301' title='bbox 535 3727 713 3786; x_wconf 73' lang='lat' dir='ltr'><strong>adsentiente</strong></span> <span class='ocrx_word' id='word_1_302' title='bbox 731 3723 872 3796; x_wconf 81' lang='lat' dir='ltr'><strong>Grutero‚</strong></span> <span class='ocrx_word' id='word_1_303' title='bbox 892 3722 943 3782; x_wconf 81' lang='lat' dir='ltr'><strong>ted</strong></span> <span class='ocrx_word' id='word_1_304' title='bbox 963 3731 1049 3800; x_wconf 80' lang='lat' dir='ltr'><strong>atque</strong></span> <span class='ocrx_word' id='word_1_305' title='bbox 1065 3741 1181 3796; x_wconf 76' lang='lat' dir='ltr'><strong>omnes,</strong></span> <span class='ocrx_word' id='word_1_306' title='bbox 1202 3725 1300 3788; x_wconf 85' lang='lat' dir='ltr'><strong>credo.</strong></span> <span class='ocrx_word' id='word_1_307' title='bbox 1321 3725 1418 3785; x_wconf 90' lang='lat' dir='ltr'><strong>Codd.</strong></span> <span class='ocrx_word' id='word_1_308' title='bbox 1431 3737 1599 3786; x_wconf 76' lang='lat' dir='ltr'><strong>constanter</strong></span> <span class='ocrx_word' id='word_1_309' title='bbox 1613 3737 1741 3788; x_wconf 85' lang='lat' dir='ltr'><strong>tuentur.</strong></span> <span class='ocrx_word' id='word_1_310' title='bbox 1774 3728 1824 3788; x_wconf 78' lang='lat' dir='ltr'><strong>Dc</strong></span> 
     </span>
     <span class='ocr_line' id='line_1_29' title="bbox 422 3823 1822 3910; baseline -0.001 -17"><span class='ocrx_word' id='word_1_311' title='bbox 422 3831 554 3892; x_wconf 79' lang='lat' dir='ltr'><strong>Pariainis</strong></span> <span class='ocrx_word' id='word_1_312' title='bbox 570 3831 650 3889; x_wconf 80' lang='lat' dir='ltr'><strong>enirn</strong></span> <span class='ocrx_word' id='word_1_313' title='bbox 661 3847 724 3887; x_wconf 90' lang='lat' dir='ltr'><strong>non</strong></span> <span class='ocrx_word' id='word_1_314' title='bbox 739 3829 840 3907; x_wconf 87' lang='lat' dir='ltr'><strong>liquet.</strong></span> <span class='ocrx_word' id='word_1_315' title='bbox 860 3825 962 3884; x_wconf 81' lang='lat' dir='ltr'><strong>Editor</strong></span> <span class='ocrx_word' id='word_1_316' title='bbox 972 3827 1052 3884; x_wconf 87' lang='lat' dir='ltr'><strong>enim</strong></span> <span class='ocrx_word' id='word_1_317' title='bbox 1068 3823 1099 3884; x_wconf 90' lang='lat' dir='ltr'><strong>h.</strong></span> <span class='ocrx_word' id='word_1_318' title='bbox 1114 3829 1135 3886; x_wconf 92' lang='lat' dir='ltr'><strong>l.</strong></span> <span class='ocrx_word' id='word_1_319' title='bbox 1156 3836 1259 3905; x_wconf 80' lang='lat' dir='ltr'><strong>atque,</strong></span> <span class='ocrx_word' id='word_1_320' title='bbox 1273 3833 1362 3909; x_wconf 81' lang='lat' dir='ltr'><strong>paulo</strong></span> <span class='ocrx_word' id='word_1_321' title='bbox 1375 3840 1441 3908; x_wconf 78' lang='lat' dir='ltr'><strong>post</strong></span> <span class='ocrx_word' id='word_1_322' title='bbox 1449 3829 1516 3906; x_wconf 77' lang='lat' dir='ltr'><strong>fuit</strong></span> <span class='ocrx_word' id='word_1_323' title='bbox 1535 3832 1652 3905; x_wconf 78' lang='lat' dir='ltr'><strong>omitit,</strong></span> <span class='ocrx_word' id='word_1_324' title='bbox 1663 3829 1822 3910; x_wconf 63' lang='lat' dir='ltr'><strong>aequale-</strong></span> 
     </span>
     <span class='ocr_line' id='line_1_30' title="bbox 421 3927 1822 4015; baseline -0.001 -19"><span class='ocrx_word' id='word_1_325' title='bbox 421 3936 477 4001; x_wconf 78' lang='lat' dir='ltr'><strong>tin.</strong></span> <span class='ocrx_word' id='word_1_326' title='bbox 498 3933 699 3994; x_wconf 80' lang='lat' dir='ltr'><strong>excudendum</strong></span> <span class='ocrx_word' id='word_1_327' title='bbox 723 3931 851 4002; x_wconf 80' lang='lat' dir='ltr'><strong>curavit,</strong></span> <span class='ocrx_word' id='word_1_328' title='bbox 870 3927 919 3987; x_wconf 84' lang='lat' dir='ltr'><strong>sed</strong></span> <span class='ocrx_word' id='word_1_329' title='bbox 934 3928 971 3988; x_wconf 85' lang='lat' dir='ltr'><strong>do</strong></span> <span class='ocrx_word' id='word_1_330' title='bbox 989 3927 1085 3987; x_wconf 78' lang='lat' dir='ltr'><strong>Codl.</strong></span> <span class='ocrx_word' id='word_1_331' title='bbox 1104 3931 1228 3989; x_wconf 86' lang='lat' dir='ltr'><strong>lectione</strong></span> <span class='ocrx_word' id='word_1_332' title='bbox 1247 3929 1324 3990; x_wconf 85' lang='lat' dir='ltr'><strong>nihil</strong></span> <span class='ocrx_word' id='word_1_333' title='bbox 1348 3933 1567 4004; x_wconf 47' lang='lat' dir='ltr'><strong>animadverti&amp;</strong></span> <span class='ocrx_word' id='word_1_334' title='bbox 1589 3936 1695 4015; x_wconf 88' lang='lat' dir='ltr'><strong>quain</strong></span> <span class='ocrx_word' id='word_1_335' title='bbox 1716 3955 1746 3995; x_wconf 84' lang='lat' dir='ltr'><strong>re</strong></span> <span class='ocrx_word' id='word_1_336' title='bbox 1763 3955 1822 3994; x_wconf 81' lang='grc'><strong>222-</strong></span> 
     </span>
     <span class='ocr_line' id='line_1_31' title="bbox 420 4033 1822 4124; baseline -0.003 -22"><span class='ocrx_word' id='word_1_337' title='bbox 420 4043 488 4124; x_wconf 76' lang='lat' dir='ltr'><strong>pint</strong></span> <span class='ocrx_word' id='word_1_338' title='bbox 501 4038 640 4119; x_wconf 81' lang='lat' dir='ltr'><strong>peccavit.</strong></span> <span class='ocrx_word' id='word_1_339' title='bbox 659 4033 727 4112; x_wconf 76' lang='lat' dir='ltr'><strong>snit</strong></span> <span class='ocrx_word' id='word_1_340' title='bbox 739 4033 806 4092; x_wconf 82' lang='lat' dir='ltr'><strong>San.</strong></span> <span class='ocrx_word' id='word_1_341' title='bbox 827 4053 854 4092; x_wconf 92' lang='grc'><strong>2.</strong></span> <span class='ocrx_word' id='word_1_342' title='bbox 870 4039 944 4096; x_wconf 75' lang='lat' dir='ltr'><strong>erat.</strong></span> <span class='ocrx_word' id='word_1_343' title='bbox 964 4033 1050 4091; x_wconf 89' lang='lat' dir='ltr'><strong>illud.</strong></span> <span class='ocrx_word' id='word_1_344' title='bbox 1072 4036 1159 4094; x_wconf 85' lang='lat' dir='ltr'><strong>ceteri</strong></span> <span class='ocrx_word' id='word_1_345' title='bbox 1180 4034 1280 4094; x_wconf 82' lang='lat' dir='ltr'><strong>Codd.</strong></span> <span class='ocrx_word' id='word_1_346' title='bbox 1297 4046 1424 4097; x_wconf 88' lang='lat' dir='ltr'><strong>tuentur.</strong></span> <span class='ocrx_word' id='word_1_347' title='bbox 1452 4046 1538 4115; x_wconf 77' lang='lat' dir='ltr'><strong>atque</strong></span> <span class='ocrx_word' id='word_1_348' title='bbox 1556 4037 1688 4114; x_wconf 62' lang='lat' dir='ltr'><strong>Latiari,</strong></span> <span class='ocrx_word' id='word_1_349' title='bbox 1707 4039 1774 4102; x_wconf 80' lang='lat' dir='ltr'><strong>San.</strong></span> <span class='ocrx_word' id='word_1_350' title='bbox 1793 4061 1822 4098; x_wconf 90' lang='grc' dir='ltr'><strong>ι.</strong></span> 
     </span>
     <span class='ocr_line' id='line_1_32' title="bbox 420 4134 1825 4222; baseline -0.004 -14"><span class='ocrx_word' id='word_1_351' title='bbox 420 4147 483 4212; x_wconf 75' lang='lat' dir='ltr'><strong>Bo.</strong></span> <span class='ocrx_word' id='word_1_352' title='bbox 498 4165 529 4206; x_wconf 92' lang='grc'><strong>2.</strong></span> <span class='ocrx_word' id='word_1_353' title='bbox 555 4145 614 4203; x_wconf 89' lang='lat' dir='ltr'><strong>inc.</strong></span> <span class='ocrx_word' id='word_1_354' title='bbox 633 4139 719 4200; x_wconf 73' lang='lat' dir='ltr'><strong>Fabi.</strong></span> <span class='ocrx_word' id='word_1_355' title='bbox 744 4136 813 4200; x_wconf 82' lang='lat' dir='ltr'><strong>vin.</strong></span> <span class='ocrx_word' id='word_1_356' title='bbox 829 4156 858 4198; x_wconf 87' lang='grc'><strong>2.</strong></span> <span class='ocrx_word' id='word_1_357' title='bbox 878 4134 974 4202; x_wconf 81' lang='lat' dir='ltr'><strong>Guelt.</strong></span> <span class='ocrx_word' id='word_1_358' title='bbox 991 4157 1020 4205; x_wconf 86' lang='grc'><strong>2.</strong></span> <span class='ocrx_word' id='word_1_359' title='bbox 1034 4161 1063 4222; x_wconf 88' lang='lat'><strong>7.</strong></span> <span class='ocrx_word' id='word_1_360' title='bbox 1078 4159 1108 4220; x_wconf 85' lang='lat'><strong>9.</strong></span> <span class='ocrx_word' id='word_1_361' title='bbox 1124 4158 1170 4199; x_wconf 90' lang='grc'><strong>22.</strong></span> <span class='ocrx_word' id='word_1_362' title='bbox 1197 4138 1267 4200; x_wconf 88' lang='lat' dir='ltr'><strong>Tur.</strong></span> <span class='ocrx_word' id='word_1_363' title='bbox 1286 4163 1312 4202; x_wconf 88' lang='lat'><strong>1.</strong></span> <span class='ocrx_word' id='word_1_364' title='bbox 1332 4141 1417 4203; x_wconf 85' lang='lat' dir='ltr'><strong>Bern.</strong></span> <span class='ocrx_word' id='word_1_365' title='bbox 1433 4163 1461 4202; x_wconf 92' lang='grc'><strong>2.</strong></span> <span class='ocrx_word' id='word_1_366' title='bbox 1476 4143 1505 4202; x_wconf 93' lang='grc'><strong>3.</strong></span> <span class='ocrx_word' id='word_1_367' title='bbox 1533 4151 1562 4201; x_wconf 80' lang='lat' dir='ltr'><strong>et</strong></span> <span class='ocrx_word' id='word_1_368' title='bbox 1577 4141 1690 4203; x_wconf 76' lang='lat' dir='ltr'><strong>Latini.</strong></span> <span class='ocrx_word' id='word_1_369' title='bbox 1717 4160 1825 4204; x_wconf 70' lang='lat' dir='ltr'><strong>omnes</strong></span> 
     </span>
     <span class='ocr_line' id='line_1_33' title="bbox 420 4241 1818 4326; baseline -0.001 -18"><span class='ocrx_word' id='word_1_370' title='bbox 420 4249 502 4316; x_wconf 78' lang='lat' dir='ltr'><strong>Laid.</strong></span> <span class='ocrx_word' id='word_1_371' title='bbox 521 4249 583 4308; x_wconf 75' lang='lat' dir='ltr'><strong>aas.</strong></span> <span class='ocrx_word' id='word_1_372' title='bbox 597 4267 622 4311; x_wconf 91' lang='grc'><strong>2.</strong></span> <span class='ocrx_word' id='word_1_373' title='bbox 636 4247 666 4320; x_wconf 85' lang='grc'><strong>4.</strong></span> <span class='ocrx_word' id='word_1_374' title='bbox 686 4245 801 4303; x_wconf 80' lang='lat' dir='ltr'><strong>Tana.</strong></span> <span class='ocrx_word' id='word_1_375' title='bbox 821 4241 906 4300; x_wconf 84' lang='lat' dir='ltr'><strong>Bern.</strong></span> <span class='ocrx_word' id='word_1_376' title='bbox 926 4261 952 4300; x_wconf 88' lang='grc'><strong>2.</strong></span> <span class='ocrx_word' id='word_1_377' title='bbox 978 4252 1007 4302; x_wconf 79' lang='lat' dir='ltr'><strong>ct</strong></span> <span class='ocrx_word' id='word_1_378' title='bbox 1021 4245 1144 4324; x_wconf 73' lang='lat' dir='ltr'><strong>psallere</strong></span> <span class='ocrx_word' id='word_1_379' title='bbox 1152 4245 1270 4305; x_wconf 72' lang='lat' dir='ltr'><strong>satore.</strong></span> <span class='ocrx_word' id='word_1_380' title='bbox 1291 4247 1372 4310; x_wconf 88' lang='lat' dir='ltr'><strong>Leid.</strong></span> <span class='ocrx_word' id='word_1_381' title='bbox 1391 4269 1422 4312; x_wconf 90' lang='lat' dir='ltr'><strong>n.</strong></span> <span class='ocrx_word' id='word_1_382' title='bbox 1448 4248 1556 4307; x_wconf 77' lang='lat' dir='ltr'><strong>saltare</strong></span> <span class='ocrx_word' id='word_1_383' title='bbox 1571 4256 1659 4326; x_wconf 81' lang='lat' dir='ltr'><strong>atquo</strong></span> <span class='ocrx_word' id='word_1_384' title='bbox 1676 4256 1818 4318; x_wconf 77' lang='lat' dir='ltr'><strong>cantare,</strong></span> 
     </span>
     <span class='ocr_line' id='line_1_34' title="bbox 422 4345 1819 4438; baseline -0.005 -20"><span class='ocrx_word' id='word_1_385' title='bbox 422 4354 482 4418; x_wconf 81' lang='lat' dir='ltr'><strong>Erl.</strong></span> <span class='ocrx_word' id='word_1_386' title='bbox 497 4353 622 4438; x_wconf 70' lang='lat' dir='ltr'><strong>puellare</strong></span> <span class='ocrx_word' id='word_1_387' title='bbox 640 4348 818 4431; x_wconf 69' lang='grc'><strong>2222212222.</strong></span> <span class='ocrx_word' id='word_1_388' title='bbox 838 4345 935 4413; x_wconf 83' lang='lat' dir='ltr'><strong>Guell.</strong></span> <span class='ocrx_word' id='word_1_389' title='bbox 948 4366 975 4414; x_wconf 86' lang='grc'><strong>2.</strong></span> <span class='ocrx_word' id='word_1_390' title='bbox 995 4347 1063 4414; x_wconf 82' lang='lat' dir='ltr'><strong>Sea.</strong></span> <span class='ocrx_word' id='word_1_391' title='bbox 1077 4369 1103 4409; x_wconf 83' lang='lat'><strong>1.</strong></span> <span class='ocrx_word' id='word_1_392' title='bbox 1118 4349 1528 4429; x_wconf 69' lang='grc'><strong>22211222,2212222,222222,</strong></span> <span class='ocrx_word' id='word_1_393' title='bbox 1539 4360 1671 4413; x_wconf 77' lang='lat' dir='ltr'><strong>eantare.</strong></span> <span class='ocrx_word' id='word_1_394' title='bbox 1692 4351 1777 4418; x_wconf 84' lang='lat' dir='ltr'><strong>Bam.</strong></span> <span class='ocrx_word' id='word_1_395' title='bbox 1790 4371 1819 4411; x_wconf 89' lang='grc'><strong>2.</strong></span> 
     </span>
    </p>
   </div>
   <div class='ocr_carea' id='block_1_6' title="bbox 0 0 2033 5009">
    <p class='ocr_par' dir='ltr' id='par_1_6' title="bbox 0 0 2033 5009">
     <span class='ocr_line' id='line_1_35' title="bbox 0 0 2033 5009; baseline 0 0"><span class='ocrx_word' id='word_1_396' title='bbox 0 0 2033 5009; x_wconf 95' lang='lat' dir='ltr'><strong> </strong></span> 
     </span>
    </p>
   </div>
  </div>
 </body>
</html>
