<?xml version="1.0" encoding="UTF-8"?>
<!DOCTYPE html PUBLIC "-//W3C//DTD XHTML 1.0 Transitional//EN"
    "http://www.w3.org/TR/xhtml1/DTD/xhtml1-transitional.dtd">
<html xmlns="http://www.w3.org/1999/xhtml" xml:lang="en" lang="en">
 <head>
  <title>
</title>
<meta http-equiv="Content-Type" content="text/html;charset=utf-8" />
  <meta name='ocr-system' content='tesseract 3.04.00' />
  <meta name='ocr-capabilities' content='ocr_page ocr_carea ocr_par ocr_line ocrx_word'/>
</head>
<body>
  <div class='ocr_page' id='page_1' title='image "./salustiiquaeexs00sallgoog_0106.png"; bbox 0 0 4050 5009; ppageno 0'>
   <div class='ocr_carea' id='block_1_1' title="bbox 315 582 1805 1314">
    <p class='ocr_par' dir='ltr' id='par_1_1' title="bbox 397 582 1801 891">
     <span class='ocr_line' id='line_1_1' title="bbox 399 582 1801 705; baseline 0.003 -49"><span class='ocrx_word' id='word_1_1' title='bbox 399 610 508 679; x_wconf 89' lang='lat' dir='ltr'>parva</span> <span class='ocrx_word' id='word_1_2' title='bbox 534 586 690 653; x_wconf 83' lang='lat' dir='ltr'><strong>mercede</strong></span> <span class='ocrx_word' id='word_1_3' title='bbox 714 584 839 705; x_wconf 89' lang='lat' dir='ltr'>populi</span> <span class='ocrx_word' id='word_1_4' title='bbox 862 583 972 650; x_wconf 87' lang='lat' dir='ltr'>levari</span> <span class='ocrx_word' id='word_1_5' title='bbox 998 582 1153 651; x_wconf 80' lang='lat' dir='ltr'>miserias</span> <span class='ocrx_word' id='word_1_6' title='bbox 1172 601 1271 670; x_wconf 90' lang='lat' dir='ltr'>posse</span> <span class='ocrx_word' id='word_1_7' title='bbox 1290 582 1507 665; x_wconf 88' lang='lat' dir='ltr'>judicabant.</span> <span class='ocrx_word' id='word_1_8' title='bbox 1538 584 1660 672; x_wconf 80' lang='lat' dir='ltr'>quinis</span> <span class='ocrx_word' id='word_1_9' title='bbox 1679 586 1801 659; x_wconf 78' lang='lat' dir='ltr'>modir&#39;s</span> 
     </span>
     <span class='ocr_line' id='line_1_2' title="bbox 397 680 1799 774; baseline 0.001 -11"><span class='ocrx_word' id='word_1_10' title='bbox 397 695 605 765; x_wconf 79' lang='lat' dir='ltr'>libertatem</span> <span class='ocrx_word' id='word_1_11' title='bbox 620 688 783 759; x_wconf 81' lang='lat' dir='ltr'>omnium</span> <span class='ocrx_word' id='word_1_12' title='bbox 800 699 1044 757; x_wconf 79' lang='lat' dir='ltr'>oestumavere.</span> <span class='ocrx_word' id='word_1_13' title='bbox 1063 694 1137 758; x_wconf 80' lang='lat' dir='ltr'>haec</span> <span class='ocrx_word' id='word_1_14' title='bbox 1154 690 1326 757; x_wconf 85' lang='lat' dir='ltr'>invidiose</span> <span class='ocrx_word' id='word_1_15' title='bbox 1347 690 1456 774; x_wconf 80' lang='lat' dir='ltr'>dicta3</span> <span class='ocrx_word' id='word_1_16' title='bbox 1476 695 1615 763; x_wconf 88' lang='lat' dir='ltr'>nobiles</span> <span class='ocrx_word' id='word_1_17' title='bbox 1640 680 1737 764; x_wconf 85' lang='lat' dir='ltr'>enim·</span> <span class='ocrx_word' id='word_1_18' title='bbox 1745 718 1799 764; x_wconf 86' lang='lat' dir='ltr'>ac·</span> 
     </span>
     <span class='ocr_line' id='line_1_3' title="bbox 402 798 1801 891; baseline 0.001 -24"><span class='ocrx_word' id='word_1_19' title='bbox 402 811 510 889; x_wconf 82' lang='lat' dir='ltr'>cusat,</span> <span class='ocrx_word' id='word_1_20' title='bbox 531 800 726 887; x_wconf 76' lang='lat' dir='ltr'>largitionis</span> <span class='ocrx_word' id='word_1_21' title='bbox 748 817 882 863; x_wconf 90' lang='lat' dir='ltr'>causam</span> <span class='ocrx_word' id='word_1_22' title='bbox 909 818 982 864; x_wconf 91' lang='lat' dir='ltr'>non</span> <span class='ocrx_word' id='word_1_23' title='bbox 1002 798 1275 865; x_wconf 88' lang='lat' dir='ltr'>misericordiam</span> <span class='ocrx_word' id='word_1_24' title='bbox 1295 802 1356 864; x_wconf 87' lang='lat' dir='ltr'>sed</span> <span class='ocrx_word' id='word_1_25' title='bbox 1378 800 1586 866; x_wconf 86' lang='lat' dir='ltr'>dominandi</span> <span class='ocrx_word' id='word_1_26' title='bbox 1611 804 1801 891; x_wconf 85' lang='lat' dir='ltr'>cupidinem</span> 
     </span>
    </p>

    <p class='ocr_par' dir='ltr' id='par_1_2' title="bbox 315 904 1805 1314">
     <span class='ocr_line' id='line_1_4' title="bbox 353 904 1802 997; baseline 0.001 -24"><span class='ocrx_word' id='word_1_27' title='bbox 353 971 357 983; x_wconf 87' lang='grc'><em>,</em></span> <span class='ocrx_word' id='word_1_28' title='bbox 400 910 523 993; x_wconf 82' lang='lat' dir='ltr'>luisse,</span> <span class='ocrx_word' id='word_1_29' title='bbox 543 907 673 993; x_wconf 83' lang='lat' dir='ltr'>quippe</span> <span class='ocrx_word' id='word_1_30' title='bbox 693 926 762 989; x_wconf 88' lang='lat' dir='ltr'>qua</span> <span class='ocrx_word' id='word_1_31' title='bbox 779 924 897 970; x_wconf 90' lang='lat' dir='ltr'>curam</span> <span class='ocrx_word' id='word_1_32' title='bbox 913 904 1085 971; x_wconf 73' lang='lat' dir='ltr'>libertatis</span> <span class='ocrx_word' id='word_1_33' title='bbox 1108 904 1148 968; x_wconf 88' lang='lat' dir='ltr'>in</span> <span class='ocrx_word' id='word_1_34' title='bbox 1166 904 1281 990; x_wconf 89' lang='lat' dir='ltr'>plebis</span> <span class='ocrx_word' id='word_1_35' title='bbox 1300 904 1428 970; x_wconf 90' lang='lat' dir='ltr'>animis</span> <span class='ocrx_word' id='word_1_36' title='bbox 1448 909 1711 997; x_wconf 79' lang='lat' dir='ltr'>exstinguerent.</span> <span class='ocrx_word' id='word_1_37' title='bbox 1730 930 1802 978; x_wconf 83' lang='lat' dir='ltr'>nou</span> 
     </span>
     <span class='ocr_line' id='line_1_5' title="bbox 315 1004 1804 1105; baseline 0.002 -26"><span class='ocrx_word' id='word_1_38' title='bbox 315 1004 319 1011; x_wconf 70' lang='grc'><strong>’</strong></span> <span class='ocrx_word' id='word_1_39' title='bbox 402 1012 560 1100; x_wconf 82' lang='lat' dir='ltr'>amplius</span> <span class='ocrx_word' id='word_1_40' title='bbox 573 1012 766 1099; x_wconf 75' lang='lat' dir='ltr'>pessumi</span> <span class='ocrx_word' id='word_1_41' title='bbox 786 1030 816 1076; x_wconf 88' lang='lat' dir='ltr'>e.</span> <span class='ocrx_word' id='word_1_42' title='bbox 836 1012 968 1089; x_wconf 82' lang='lat' dir='ltr'>valent3</span> <span class='ocrx_word' id='word_1_43' title='bbox 988 1010 1100 1075; x_wconf 89' lang='lat' dir='ltr'>Plaut.</span> <span class='ocrx_word' id='word_1_44' title='bbox 1121 1009 1216 1075; x_wconf 82' lang='lat' dir='ltr'>Asin.</span> <span class='ocrx_word' id='word_1_45' title='bbox 1231 1015 1260 1076; x_wconf 88' lang='grc'>3.</span> <span class='ocrx_word' id='word_1_46' title='bbox 1283 1017 1312 1076; x_wconf 88' lang='grc'>3.</span> <span class='ocrx_word' id='word_1_47' title='bbox 1327 1016 1384 1093; x_wconf 77' lang='lat'>46:</span> <span class='ocrx_word' id='word_1_48' title='bbox 1410 1012 1544 1080; x_wconf 88' lang='lat' dir='ltr'>Videtis</span> <span class='ocrx_word' id='word_1_49' title='bbox 1563 1018 1688 1105; x_wconf 88' lang='lat' dir='ltr'>viginti</span> <span class='ocrx_word' id='word_1_50' title='bbox 1705 1017 1804 1082; x_wconf 75' lang='lat' dir='ltr'>mine</span> 
     </span>
     <span class='ocr_line' id='line_1_6' title="bbox 400 1116 1805 1212; baseline 0 -27"><span class='ocrx_word' id='word_1_51' title='bbox 400 1121 487 1205; x_wconf 79' lang='lat' dir='ltr'>quid</span> <span class='ocrx_word' id='word_1_52' title='bbox 500 1122 652 1206; x_wconf 86' lang='lat' dir='ltr'>pollent,</span> <span class='ocrx_word' id='word_1_53' title='bbox 673 1120 799 1203; x_wconf 88' lang='lat' dir='ltr'>quidve</span> <span class='ocrx_word' id='word_1_54' title='bbox 816 1125 970 1204; x_wconf 85' lang='lat' dir='ltr'>possunt.</span> <span class='ocrx_word' id='word_1_55' title='bbox 1001 1120 1095 1182; x_wconf 89' lang='lat' dir='ltr'>dere</span> <span class='ocrx_word' id='word_1_56' title='bbox 1109 1116 1171 1181; x_wconf 84' lang='lat' dir='ltr'>cfr.</span> <span class='ocrx_word' id='word_1_57' title='bbox 1192 1136 1295 1203; x_wconf 86' lang='lat' dir='ltr'>supra</span> <span class='ocrx_word' id='word_1_58' title='bbox 1316 1138 1394 1207; x_wconf 84' lang='lat' dir='ltr'>pag.</span> <span class='ocrx_word' id='word_1_59' title='bbox 1415 1122 1464 1203; x_wconf 79' lang='lat'>57.</span> <span class='ocrx_word' id='word_1_60' title='bbox 1487 1120 1688 1212; x_wconf 75' lang='lat' dir='ltr'>exiguitate</span> <span class='ocrx_word' id='word_1_61' title='bbox 1708 1141 1805 1189; x_wconf 80' lang='lat' dir='ltr'>mors</span> 
     </span>
     <span class='ocr_line' id='line_1_7' title="bbox 396 1221 1805 1314; baseline -0.001 -23"><span class='ocrx_word' id='word_1_62' title='bbox 396 1223 631 1311; x_wconf 78' lang='lat' dir='ltr'>prohibetur,</span> <span class='ocrx_word' id='word_1_63' title='bbox 658 1233 851 1291; x_wconf 81' lang='lat' dir='ltr'>senescunt</span> <span class='ocrx_word' id='word_1_64' title='bbox 870 1221 974 1289; x_wconf 80' lang='lat' dir='ltr'>uires.</span> <span class='ocrx_word' id='word_1_65' title='bbox 1004 1226 1151 1289; x_wconf 87' lang='lat' dir='ltr'>eandem</span> <span class='ocrx_word' id='word_1_66' title='bbox 1172 1223 1245 1289; x_wconf 84' lang='lat' dir='ltr'>fere</span> <span class='ocrx_word' id='word_1_67' title='bbox 1274 1228 1482 1292; x_wconf 88' lang='lat' dir='ltr'>sententiam</span> <span class='ocrx_word' id='word_1_68' title='bbox 1502 1230 1724 1314; x_wconf 80' lang='lat' dir='ltr'>Symmachus</span> <span class='ocrx_word' id='word_1_69' title='bbox 1746 1230 1805 1313; x_wconf 85' lang='lat' dir='ltr'>Ep.</span> 
     </span>
    </p>
   </div>
   <div class='ocr_carea' id='block_1_2' title="bbox 398 1329 1809 1547">
    <p class='ocr_par' dir='ltr' id='par_1_3' title="bbox 398 1329 1807 1525">
     <span class='ocr_line' id='line_1_8' title="bbox 402 1329 1807 1421; baseline -0.001 -21"><span class='ocrx_word' id='word_1_70' title='bbox 402 1356 432 1400; x_wconf 88' lang='grc' dir='ltr'>ι</span> <span class='ocrx_word' id='word_1_71' title='bbox 452 1338 500 1396; x_wconf 85' lang='grc' dir='ltr'>ι3.</span> <span class='ocrx_word' id='word_1_72' title='bbox 526 1333 708 1418; x_wconf 80' lang='lat' dir='ltr'>expressit:</span> <span class='ocrx_word' id='word_1_73' title='bbox 728 1332 844 1418; x_wconf 90' lang='lat' dir='ltr'>parvis</span> <span class='ocrx_word' id='word_1_74' title='bbox 861 1329 1083 1395; x_wconf 87' lang='lat' dir='ltr'>nutrimentis</span> <span class='ocrx_word' id='word_1_75' title='bbox 1100 1329 1256 1412; x_wconf 87' lang='lat' dir='ltr'>quamvis</span> <span class='ocrx_word' id='word_1_76' title='bbox 1276 1352 1296 1395; x_wconf 89' lang='lat' dir='ltr'>a</span> <span class='ocrx_word' id='word_1_77' title='bbox 1318 1341 1429 1399; x_wconf 89' lang='lat' dir='ltr'>morte</span> <span class='ocrx_word' id='word_1_78' title='bbox 1454 1336 1689 1421; x_wconf 83' lang='lat' dir='ltr'>defendimur,</span> <span class='ocrx_word' id='word_1_79' title='bbox 1719 1332 1807 1399; x_wconf 88' lang='lat' dir='ltr'>nihil</span> 
     </span>
     <span class='ocr_line' id='line_1_9' title="bbox 398 1436 1809 1547; baseline 0.001 -46"><span class='ocrx_word' id='word_1_80' title='bbox 398 1445 516 1502; x_wconf 86' lang='lat' dir='ltr'>tamen</span> <span class='ocrx_word' id='word_1_81' title='bbox 525 1440 569 1501; x_wconf 89' lang='lat' dir='ltr'>ad</span> <span class='ocrx_word' id='word_1_82' title='bbox 580 1436 996 1503; x_wconf 84' lang='lat' dir='ltr'>robustamraletudrnem</span> <span class='ocrx_word' id='word_1_83' title='bbox 1009 1456 1264 1547; x_wconf 84' lang='lat' dir='ltr'>promovemur.</span> <span class='ocrx_word' id='word_1_84' title='bbox 1286 1460 1363 1522; x_wconf 76' lang='lat' dir='ltr'>quae</span> <span class='ocrx_word' id='word_1_85' title='bbox 1373 1460 1414 1505; x_wconf 84' lang='lat' dir='ltr'>ex</span> <span class='ocrx_word' id='word_1_86' title='bbox 1425 1442 1656 1507; x_wconf 88' lang='lat' dir='ltr'>Demosthene</span> <span class='ocrx_word' id='word_1_87' title='bbox 1666 1441 1809 1525; x_wconf 91' lang='lat' dir='ltr'>Olynth</span> 
     </span>
    </p>
   </div>
   <div class='ocr_carea' id='block_1_3' title="bbox 401 1528 1813 1647">
    <p class='ocr_par' dir='ltr' id='par_1_4' title="bbox 401 1528 1813 1647">
     <span class='ocr_line' id='line_1_10' title="bbox 401 1528 1813 1647; baseline 0.013 -42"><span class='ocrx_word' id='word_1_88' title='bbox 401 1547 431 1606; x_wconf 87' lang='grc'>3.</span> <span class='ocrx_word' id='word_1_89' title='bbox 461 1565 486 1609; x_wconf 90' lang='lat' dir='ltr'>s.</span> <span class='ocrx_word' id='word_1_90' title='bbox 519 1545 579 1608; x_wconf 89' lang='lat' dir='ltr'>fin.</span> <span class='ocrx_word' id='word_1_91' title='bbox 602 1548 737 1609; x_wconf 88' lang='lat' dir='ltr'>hausta:</span> <span class='ocrx_word' id='word_1_92' title='bbox 777 1528 805 1616; x_wconf 78' lang='lat' dir='ltr'>ci</span> <span class='ocrx_word' id='word_1_93' title='bbox 830 1539 895 1626; x_wconf 74' lang='grc' dir='ltr'>τοῖς</span> <span class='ocrx_word' id='word_1_94' title='bbox 921 1536 1106 1618; x_wconf 54' lang='lat' dir='ltr'>&amp;Sutura</span> <span class='ocrx_word' id='word_1_95' title='bbox 1135 1568 1234 1641; x_wconf 72' lang='lat' dir='ltr'>crepa</span> <span class='ocrx_word' id='word_1_96' title='bbox 1263 1545 1326 1619; x_wconf 75' lang='lat' dir='ltr'>scir</span> <span class='ocrx_word' id='word_1_97' title='bbox 1355 1548 1427 1643; x_wconf 76' lang='lat' dir='ltr'>lurp</span> <span class='ocrx_word' id='word_1_98' title='bbox 1428 1573 1469 1619; x_wconf 84' lang='grc' dir='ltr'>ων</span> <span class='ocrx_word' id='word_1_99' title='bbox 1507 1546 1615 1630; x_wconf 78' lang='grc' dir='ltr'>σιτίοις</span> <span class='ocrx_word' id='word_1_100' title='bbox 1642 1529 1813 1647; x_wconf 57' lang='grc' dir='ltr'>δεδομένοις</span> 
     </span>
    </p>
   </div>
   <div class='ocr_carea' id='block_1_4' title="bbox 399 1644 1812 1763">
    <p class='ocr_par' dir='ltr' id='par_1_5' title="bbox 399 1644 1812 1763">
     <span class='ocr_line' id='line_1_11' title="bbox 399 1644 1812 1763; baseline 0.001 -26"><span class='ocrx_word' id='word_1_101' title='bbox 399 1644 490 1739; x_wconf 66' lang='lat' dir='ltr'>loru·</span> <span class='ocrx_word' id='word_1_102' title='bbox 507 1666 567 1740; x_wconf 74' lang='lat' dir='ltr'>uei</span> <span class='ocrx_word' id='word_1_103' title='bbox 585 1655 658 1763; x_wconf 72' lang='grc' dir='ltr'>γιὲρ</span> <span class='ocrx_word' id='word_1_104' title='bbox 676 1692 745 1740; x_wconf 74' lang='lat' dir='ltr'>ocra</span> <span class='ocrx_word' id='word_1_105' title='bbox 763 1651 862 1756; x_wconf 73' lang='grc' dir='ltr'><strong><em>ὶσχδν</em></strong></span> <span class='ocrx_word' id='word_1_106' title='bbox 881 1661 988 1739; x_wconf 74' lang='grc' dir='ltr'>ἐκεῖναι</span> <span class='ocrx_word' id='word_1_107' title='bbox 1005 1656 1180 1751; x_wconf 60' lang='lat' dir='ltr'>turkinus.</span> <span class='ocrx_word' id='word_1_108' title='bbox 1200 1646 1568 1771; x_wconf 66' lang='grc' dir='ltr'>ουτειίπιθιῆσκεινέᾅ·</span> <span class='ocrx_word' id='word_1_109' title='bbox 1580 1685 1682 1749; x_wconf 88' lang='lat' dir='ltr'>aliter</span> <span class='ocrx_word' id='word_1_110' title='bbox 1696 1672 1812 1743; x_wconf 84' lang='lat' dir='ltr'>deali-</span> 
     </span>
    </p>
   </div>
   <div class='ocr_carea' id='block_1_5' title="bbox 313 1786 1828 4417">
    <p class='ocr_par' dir='ltr' id='par_1_6' title="bbox 313 1786 1828 4417">
     <span class='ocr_line' id='line_1_12' title="bbox 404 1786 1813 1876; baseline 0.001 -27"><span class='ocrx_word' id='word_1_111' title='bbox 404 1786 535 1852; x_wconf 85' lang='lat' dir='ltr'>meutis</span> <span class='ocrx_word' id='word_1_112' title='bbox 557 1787 717 1853; x_wconf 83' lang='lat' dir='ltr'>carceris</span> <span class='ocrx_word' id='word_1_113' title='bbox 741 1790 875 1868; x_wconf 88' lang='lat' dir='ltr'>judicat</span> <span class='ocrx_word' id='word_1_114' title='bbox 897 1792 1026 1855; x_wconf 85' lang='lat' dir='ltr'>Seneca</span> <span class='ocrx_word' id='word_1_115' title='bbox 1057 1792 1142 1876; x_wconf 90' lang='lat' dir='ltr'>Epp.</span> <span class='ocrx_word' id='word_1_116' title='bbox 1172 1792 1294 1859; x_wconf 86' lang='lat' dir='ltr'>XVIII.</span> <span class='ocrx_word' id='word_1_117' title='bbox 1317 1811 1421 1875; x_wconf 85' lang='lat' dir='ltr'>quem</span> <span class='ocrx_word' id='word_1_118' title='bbox 1445 1792 1536 1860; x_wconf 87' lang='lat' dir='ltr'>ride.</span> <span class='ocrx_word' id='word_1_119' title='bbox 1558 1800 1709 1856; x_wconf 86' lang='lat' dir='ltr'>ceterum</span> <span class='ocrx_word' id='word_1_120' title='bbox 1736 1800 1813 1847; x_wconf 83' lang='lat' dir='ltr'>cum</span> 
     </span>
     <span class='ocr_line' id='line_1_13' title="bbox 403 1888 1816 1989; baseline -0.002 -35"><span class='ocrx_word' id='word_1_121' title='bbox 403 1888 527 1979; x_wconf 64' lang='grc' dir='ltr'>ι’ςιιανί</span> <span class='ocrx_word' id='word_1_122' title='bbox 546 1890 612 1975; x_wconf 83' lang='lat' dir='ltr'>qui</span> <span class='ocrx_word' id='word_1_123' title='bbox 623 1914 736 1975; x_wconf 85' lang='lat' dir='ltr'>usque</span> <span class='ocrx_word' id='word_1_124' title='bbox 751 1890 1296 1989; x_wconf 74' lang='lat' dir='ltr'>tenuissimasperfrustrarrtur</span> <span class='ocrx_word' id='word_1_125' title='bbox 1308 1898 1347 1961; x_wconf 91' lang='lat' dir='ltr'>in</span> <span class='ocrx_word' id='word_1_126' title='bbox 1357 1898 1524 1965; x_wconf 85' lang='lat' dir='ltr'>Vaticano</span> <span class='ocrx_word' id='word_1_127' title='bbox 1539 1896 1604 1982; x_wconf 80' lang='lat' dir='ltr'>sit,</span> <span class='ocrx_word' id='word_1_128' title='bbox 1622 1892 1816 1978; x_wconf 75' lang='lat' dir='ltr'>ridendum</span> 
     </span>
     <span class='ocr_line' id='line_1_14' title="bbox 404 1994 1817 2092; baseline -0.001 -34"><span class='ocrx_word' id='word_1_129' title='bbox 404 1999 488 2059; x_wconf 87' lang='lat' dir='ltr'>nuin</span> <span class='ocrx_word' id='word_1_130' title='bbox 510 2002 765 2063; x_wconf 87' lang='lat' dir='ltr'>emendandum</span> <span class='ocrx_word' id='word_1_131' title='bbox 785 1999 849 2064; x_wconf 87' lang='lat' dir='ltr'>sit:</span> <span class='ocrx_word' id='word_1_132' title='bbox 876 2008 912 2065; x_wconf 87' lang='lat' dir='ltr'>et</span> <span class='ocrx_word' id='word_1_133' title='bbox 929 1998 1055 2091; x_wconf 82' lang='lat' dir='ltr'>ignavi</span> <span class='ocrx_word' id='word_1_134' title='bbox 1074 2001 1252 2092; x_wconf 83' lang='lat' dir='ltr'>cujusque</span> <span class='ocrx_word' id='word_1_135' title='bbox 1270 1998 1502 2068; x_wconf 70' lang='lat' dir='ltr'>tenuissimas</span> <span class='ocrx_word' id='word_1_136' title='bbox 1521 2020 1601 2085; x_wconf 87' lang='lat' dir='ltr'>spes</span> <span class='ocrx_word' id='word_1_137' title='bbox 1611 1994 1817 2089; x_wconf 79' lang='lat' dir='ltr'>frustrara-</span> 
     </span>
     <span class='ocr_line' id='line_1_15' title="bbox 406 2098 1818 2195; baseline 0 -31"><span class='ocrx_word' id='word_1_138' title='bbox 406 2112 471 2165; x_wconf 87' lang='lat' dir='ltr'>tur</span> <span class='ocrx_word' id='word_1_139' title='bbox 487 2102 536 2167; x_wconf 90' lang='lat' dir='ltr'>ita</span> <span class='ocrx_word' id='word_1_140' title='bbox 551 2102 838 2195; x_wconf 84' lang='lat' dir='ltr'>utsrustrautur</span> <span class='ocrx_word' id='word_1_141' title='bbox 855 2110 899 2171; x_wconf 91' lang='lat' dir='ltr'>ad</span> <span class='ocrx_word' id='word_1_142' title='bbox 917 2109 1054 2175; x_wconf 88' lang='lat' dir='ltr'>nobiles</span> <span class='ocrx_word' id='word_1_143' title='bbox 1068 2110 1254 2193; x_wconf 62' lang='lat' dir='ltr'>reseratum</span> <span class='ocrx_word' id='word_1_144' title='bbox 1272 2129 1349 2193; x_wconf 81' lang='lat' dir='ltr'>quae</span> <span class='ocrx_word' id='word_1_145' title='bbox 1372 2110 1513 2191; x_wconf 75' lang='lat' dir='ltr'>quidem</span> <span class='ocrx_word' id='word_1_146' title='bbox 1534 2104 1733 2184; x_wconf 87' lang='lat' dir='ltr'>conjectura</span> <span class='ocrx_word' id='word_1_147' title='bbox 1752 2098 1818 2164; x_wconf 91' lang='lat' dir='ltr'>mi·</span> 
     </span>
     <span class='ocr_line' id='line_1_16' title="bbox 404 2207 1816 2305; baseline -0.001 -34"><span class='ocrx_word' id='word_1_148' title='bbox 404 2209 499 2274; x_wconf 90' lang='lat' dir='ltr'>nime</span> <span class='ocrx_word' id='word_1_149' title='bbox 521 2231 540 2275; x_wconf 86' lang='lat' dir='ltr'>a</span> <span class='ocrx_word' id='word_1_150' title='bbox 561 2214 668 2275; x_wconf 93' lang='lat' dir='ltr'>ductu</span> <span class='ocrx_word' id='word_1_151' title='bbox 688 2213 869 2277; x_wconf 88' lang='lat' dir='ltr'>literarum</span> <span class='ocrx_word' id='word_1_152' title='bbox 893 2213 1035 2278; x_wconf 85' lang='lat' dir='ltr'>recedit.</span> <span class='ocrx_word' id='word_1_153' title='bbox 1064 2216 1262 2282; x_wconf 85' lang='lat' dir='ltr'>Gronovius</span> <span class='ocrx_word' id='word_1_154' title='bbox 1279 2212 1503 2305; x_wconf 79' lang='lat' dir='ltr'>frustratur</span> <span class='ocrx_word' id='word_1_155' title='bbox 1531 2211 1604 2299; x_wconf 87' lang='lat' dir='ltr'>legi</span> <span class='ocrx_word' id='word_1_156' title='bbox 1626 2210 1749 2295; x_wconf 85' lang='lat' dir='ltr'>jussit,</span> <span class='ocrx_word' id='word_1_157' title='bbox 1769 2207 1816 2271; x_wconf 87' lang='lat' dir='ltr'>ita</span> 
     </span>
     <span class='ocr_line' id='line_1_17' title="bbox 380 2312 1819 2404; baseline -0.002 -26"><span class='ocrx_word' id='word_1_158' title='bbox 380 2321 445 2379; x_wconf 69' lang='lat' dir='ltr'>0u‘t</span> <span class='ocrx_word' id='word_1_159' title='bbox 470 2317 660 2397; x_wconf 89' lang='lat' dir='ltr'>subjectum</span> <span class='ocrx_word' id='word_1_160' title='bbox 687 2318 732 2382; x_wconf 90' lang='lat' dir='ltr'>sit</span> <span class='ocrx_word' id='word_1_161' title='bbox 751 2340 869 2402; x_wconf 84' lang='lat' dir='ltr'>parva</span> <span class='ocrx_word' id='word_1_162' title='bbox 896 2339 965 2382; x_wconf 82' lang='lat' dir='ltr'>res.</span> <span class='ocrx_word' id='word_1_163' title='bbox 1005 2320 1073 2386; x_wconf 89' lang='lat' dir='ltr'>Sed</span> <span class='ocrx_word' id='word_1_164' title='bbox 1100 2329 1192 2386; x_wconf 87' lang='lat' dir='ltr'>recte</span> <span class='ocrx_word' id='word_1_165' title='bbox 1216 2321 1355 2386; x_wconf 85' lang='lat' dir='ltr'>Cortius</span> <span class='ocrx_word' id='word_1_166' title='bbox 1379 2316 1534 2402; x_wconf 62' lang='lat' dir='ltr'>mouit,</span> <span class='ocrx_word' id='word_1_167' title='bbox 1563 2320 1607 2381; x_wconf 93' lang='lat' dir='ltr'>ad</span> <span class='ocrx_word' id='word_1_168' title='bbox 1628 2312 1819 2404; x_wconf 83' lang='lat' dir='ltr'>elegantias</span> 
     </span>
     <span class='ocr_line' id='line_1_18' title="bbox 407 2418 1820 2511; baseline -0.001 -26"><span class='ocrx_word' id='word_1_169' title='bbox 407 2422 574 2489; x_wconf 88' lang='lat' dir='ltr'>orationis</span> <span class='ocrx_word' id='word_1_170' title='bbox 595 2425 795 2491; x_wconf 85' lang='lat' dir='ltr'>Salustianae</span> <span class='ocrx_word' id='word_1_171' title='bbox 825 2425 1019 2511; x_wconf 80' lang='lat' dir='ltr'>pertinere,</span> <span class='ocrx_word' id='word_1_172' title='bbox 1047 2426 1216 2504; x_wconf 88' lang='lat' dir='ltr'>subjecta,</span> <span class='ocrx_word' id='word_1_173' title='bbox 1246 2444 1322 2507; x_wconf 81' lang='lat' dir='ltr'>quae</span> <span class='ocrx_word' id='word_1_174' title='bbox 1350 2425 1485 2508; x_wconf 85' lang='lat' dir='ltr'>dicant,</span> <span class='ocrx_word' id='word_1_175' title='bbox 1511 2430 1663 2502; x_wconf 83' lang='lat' dir='ltr'>mutare;</span> <span class='ocrx_word' id='word_1_176' title='bbox 1691 2418 1820 2486; x_wconf 88' lang='lat' dir='ltr'>dictio·</span> 
     </span>
     <span class='ocr_line' id='line_1_19' title="bbox 405 2528 1822 2615; baseline 0.001 -25"><span class='ocrx_word' id='word_1_177' title='bbox 405 2548 486 2591; x_wconf 90' lang='lat' dir='ltr'>nem</span> <span class='ocrx_word' id='word_1_178' title='bbox 512 2528 616 2593; x_wconf 81' lang='lat' dir='ltr'>terrui</span> <span class='ocrx_word' id='word_1_179' title='bbox 632 2552 694 2613; x_wconf 81' lang='lat' dir='ltr'>spe</span> <span class='ocrx_word' id='word_1_180' title='bbox 714 2530 807 2594; x_wconf 86' lang='lat' dir='ltr'>idem</span> <span class='ocrx_word' id='word_1_181' title='bbox 827 2535 1018 2599; x_wconf 90' lang='lat' dir='ltr'>commodis</span> <span class='ocrx_word' id='word_1_182' title='bbox 1042 2529 1259 2596; x_wconf 82' lang='lat' dir='ltr'>confirmavit</span> <span class='ocrx_word' id='word_1_183' title='bbox 1281 2530 1447 2615; x_wconf 84' lang='lat' dir='ltr'>exemplis</span> <span class='ocrx_word' id='word_1_184' title='bbox 1468 2528 1529 2593; x_wconf 85' lang='lat' dir='ltr'>cfr.</span> <span class='ocrx_word' id='word_1_185' title='bbox 1550 2529 1620 2596; x_wconf 90' lang='lat' dir='ltr'>Cic.</span> <span class='ocrx_word' id='word_1_186' title='bbox 1635 2547 1701 2613; x_wconf 88' lang='lat' dir='ltr'>pro</span> <span class='ocrx_word' id='word_1_187' title='bbox 1717 2530 1822 2593; x_wconf 85' lang='lat' dir='ltr'>Rose.</span> 
     </span>
     <span class='ocr_line' id='line_1_20' title="bbox 407 2632 1824 2721; baseline 0.002 -29"><span class='ocrx_word' id='word_1_188' title='bbox 407 2634 501 2693; x_wconf 85' lang='lat' dir='ltr'>com.</span> <span class='ocrx_word' id='word_1_189' title='bbox 525 2654 552 2695; x_wconf 90' lang='lat' dir='ltr'>c.</span> <span class='ocrx_word' id='word_1_190' title='bbox 578 2652 625 2712; x_wconf 65' lang='grc' dir='ltr'>ιι.</span> <span class='ocrx_word' id='word_1_191' title='bbox 653 2635 727 2699; x_wconf 85' lang='lat' dir='ltr'>Liv.</span> <span class='ocrx_word' id='word_1_192' title='bbox 746 2640 796 2700; x_wconf 79' lang='lat'>25.</span> <span class='ocrx_word' id='word_1_193' title='bbox 819 2640 867 2702; x_wconf 78' lang='lat'>28.</span> <span class='ocrx_word' id='word_1_194' title='bbox 905 2660 1044 2705; x_wconf 88' lang='lat' dir='ltr'>sensum</span> <span class='ocrx_word' id='word_1_195' title='bbox 1073 2640 1169 2721; x_wconf 88' lang='lat' dir='ltr'>quod</span> <span class='ocrx_word' id='word_1_196' title='bbox 1196 2636 1333 2711; x_wconf 88' lang='lat' dir='ltr'>attinet,</span> <span class='ocrx_word' id='word_1_197' title='bbox 1360 2633 1497 2697; x_wconf 87' lang='lat' dir='ltr'>Cortius</span> <span class='ocrx_word' id='word_1_198' title='bbox 1518 2636 1611 2707; x_wconf 88' lang='lat' dir='ltr'>hunc</span> <span class='ocrx_word' id='word_1_199' title='bbox 1629 2634 1751 2695; x_wconf 92' lang='lat' dir='ltr'>locum</span> <span class='ocrx_word' id='word_1_200' title='bbox 1770 2632 1824 2696; x_wconf 89' lang='lat' dir='ltr'>ita</span> 
     </span>
     <span class='ocr_line' id='line_1_21' title="bbox 408 2737 1824 2830; baseline 0.001 -33"><span class='ocrx_word' id='word_1_201' title='bbox 408 2737 567 2820; x_wconf 78' lang='lat' dir='ltr'>explicat:</span> <span class='ocrx_word' id='word_1_202' title='bbox 597 2742 840 2829; x_wconf 61' lang='lat' dir='ltr'>«decipiuntur</span> <span class='ocrx_word' id='word_1_203' title='bbox 867 2749 1007 2829; x_wconf 88' lang='lat' dir='ltr'>quando</span> <span class='ocrx_word' id='word_1_204' title='bbox 1037 2751 1194 2830; x_wconf 84' lang='lat' dir='ltr'>sperant,</span> <span class='ocrx_word' id='word_1_205' title='bbox 1216 2740 1334 2825; x_wconf 87' lang='lat' dir='ltr'>quinis</span> <span class='ocrx_word' id='word_1_206' title='bbox 1354 2740 1410 2804; x_wconf 82' lang='lat' dir='ltr'>his</span> <span class='ocrx_word' id='word_1_207' title='bbox 1434 2738 1561 2803; x_wconf 88' lang='lat' dir='ltr'>modiis</span> <span class='ocrx_word' id='word_1_208' title='bbox 1587 2754 1685 2822; x_wconf 86' lang='lat' dir='ltr'>posse</span> <span class='ocrx_word' id='word_1_209' title='bbox 1710 2753 1824 2819; x_wconf 88' lang='lat' dir='ltr'>seque</span> 
     </span>
     <span class='ocr_line' id='line_1_22' title="bbox 404 2845 1827 2941; baseline -0.006 -30"><span class='ocrx_word' id='word_1_210' title='bbox 404 2860 552 2926; x_wconf 82' lang='lat' dir='ltr'>suosque</span> <span class='ocrx_word' id='word_1_211' title='bbox 568 2857 787 2917; x_wconf 64' lang='lat' dir='ltr'>sustentare.»</span> <span class='ocrx_word' id='word_1_212' title='bbox 805 2854 872 2919; x_wconf 88' lang='lat' dir='ltr'>Scd</span> <span class='ocrx_word' id='word_1_213' title='bbox 898 2853 991 2918; x_wconf 85' lang='lat' dir='ltr'>fraus</span> <span class='ocrx_word' id='word_1_214' title='bbox 1007 2851 1126 2941; x_wconf 89' lang='lat' dir='ltr'>potius</span> <span class='ocrx_word' id='word_1_215' title='bbox 1146 2851 1185 2915; x_wconf 91' lang='lat' dir='ltr'>in</span> <span class='ocrx_word' id='word_1_216' title='bbox 1204 2870 1246 2917; x_wconf 90' lang='lat' dir='ltr'>eo</span> <span class='ocrx_word' id='word_1_217' title='bbox 1268 2857 1341 2915; x_wconf 88' lang='lat' dir='ltr'>erat</span> <span class='ocrx_word' id='word_1_218' title='bbox 1362 2848 1490 2933; x_wconf 87' lang='lat' dir='ltr'>posita,</span> <span class='ocrx_word' id='word_1_219' title='bbox 1510 2846 1605 2929; x_wconf 87' lang='lat' dir='ltr'>quod</span> <span class='ocrx_word' id='word_1_220' title='bbox 1625 2845 1690 2905; x_wconf 90' lang='lat' dir='ltr'>hac</span> <span class='ocrx_word' id='word_1_221' title='bbox 1710 2860 1827 2927; x_wconf 85' lang='lat' dir='ltr'>parva</span> 
     </span>
     <span class='ocr_line' id='line_1_23' title="bbox 406 2947 1826 3049; baseline -0.002 -36"><span class='ocrx_word' id='word_1_222' title='bbox 406 2956 561 3018; x_wconf 88' lang='lat' dir='ltr'>mercede</span> <span class='ocrx_word' id='word_1_223' title='bbox 589 2955 728 3035; x_wconf 83' lang='lat' dir='ltr'>majoris</span> <span class='ocrx_word' id='word_1_224' title='bbox 753 2962 889 3044; x_wconf 72' lang='lat' dir='ltr'>praemii</span> <span class='ocrx_word' id='word_1_225' title='bbox 914 2982 990 3049; x_wconf 87' lang='lat' dir='ltr'>spes</span> <span class='ocrx_word' id='word_1_226' title='bbox 1016 2958 1061 3026; x_wconf 87' lang='lat' dir='ltr'>iis</span> <span class='ocrx_word' id='word_1_227' title='bbox 1083 2969 1202 3048; x_wconf 85' lang='lat' dir='ltr'>erepta</span> <span class='ocrx_word' id='word_1_228' title='bbox 1225 2966 1293 3040; x_wconf 79' lang='lat' dir='ltr'>est3</span> <span class='ocrx_word' id='word_1_229' title='bbox 1314 2954 1487 3042; x_wconf 83' lang='lat' dir='ltr'>explicant</span> <span class='ocrx_word' id='word_1_230' title='bbox 1513 2947 1709 3035; x_wconf 85' lang='lat' dir='ltr'>sequentia:</span> <span class='ocrx_word' id='word_1_231' title='bbox 1738 2970 1826 3031; x_wconf 83' lang='lat' dir='ltr'>quoe</span> 
     </span>
     <span class='ocr_line' id='line_1_24' title="bbox 404 3060 1828 3150; baseline -0.004 -26"><span class='ocrx_word' id='word_1_232' title='bbox 404 3064 526 3126; x_wconf 82' lang='lat' dir='ltr'>tamen</span> <span class='ocrx_word' id='word_1_233' title='bbox 545 3060 706 3141; x_wconf 82' lang='lat' dir='ltr'>quamvis</span> <span class='ocrx_word' id='word_1_234' title='bbox 723 3070 864 3150; x_wconf 81' lang='lat' dir='ltr'>ampla,</span> <span class='ocrx_word' id='word_1_235' title='bbox 887 3063 1062 3149; x_wconf 81' lang='lat' dir='ltr'>quoniam</span> <span class='ocrx_word' id='word_1_236' title='bbox 1076 3062 1387 3150; x_wconf 80' lang='lat' dir='ltr'>servitiipretium</span> <span class='ocrx_word' id='word_1_237' title='bbox 1403 3065 1672 3137; x_wconf 80' lang='lat' dir='ltr'>ostentaretur,</span> <span class='ocrx_word' id='word_1_238' title='bbox 1693 3064 1828 3119; x_wconf 87' lang='lat' dir='ltr'>notan·</span> 
     </span>
     <span class='ocr_line' id='line_1_25' title="bbox 407 3160 1827 3249; baseline 0.001 -25"><span class='ocrx_word' id='word_1_239' title='bbox 407 3164 490 3225; x_wconf 89' lang='lat' dir='ltr'>dum</span> <span class='ocrx_word' id='word_1_240' title='bbox 514 3174 564 3227; x_wconf 87' lang='lat' dir='ltr'>est</span> <span class='ocrx_word' id='word_1_241' title='bbox 581 3164 754 3249; x_wconf 84' lang='lat' dir='ltr'>quoniam</span> <span class='ocrx_word' id='word_1_242' title='bbox 773 3192 851 3235; x_wconf 92' lang='lat' dir='ltr'>cum</span> <span class='ocrx_word' id='word_1_243' title='bbox 869 3172 1090 3249; x_wconf 88' lang='lat' dir='ltr'>conjunctivo</span> <span class='ocrx_word' id='word_1_244' title='bbox 1109 3178 1360 3242; x_wconf 82' lang='lat' dir='ltr'>constructum,</span> <span class='ocrx_word' id='word_1_245' title='bbox 1380 3166 1477 3237; x_wconf 88' lang='lat' dir='ltr'>cujus</span> <span class='ocrx_word' id='word_1_246' title='bbox 1492 3180 1571 3221; x_wconf 92' lang='lat' dir='ltr'>usus</span> <span class='ocrx_word' id='word_1_247' title='bbox 1588 3160 1747 3240; x_wconf 82' lang='lat' dir='ltr'>exempla</span> <span class='ocrx_word' id='word_1_248' title='bbox 1767 3182 1827 3226; x_wconf 85' lang='lat' dir='ltr'>ra·</span> 
     </span>
     <span class='ocr_line' id='line_1_26' title="bbox 405 3262 1827 3357; baseline 0.002 -26"><span class='ocrx_word' id='word_1_249' title='bbox 405 3266 550 3335; x_wconf 76' lang='lat' dir='ltr'>tissima.</span> <span class='ocrx_word' id='word_1_250' title='bbox 576 3272 638 3338; x_wconf 85' lang='lat' dir='ltr'>cfr.</span> <span class='ocrx_word' id='word_1_251' title='bbox 652 3277 737 3357; x_wconf 85' lang='lat' dir='ltr'>Nep.</span> <span class='ocrx_word' id='word_1_252' title='bbox 754 3276 903 3334; x_wconf 83' lang='lat' dir='ltr'>Miltiad.</span> <span class='ocrx_word' id='word_1_253' title='bbox 920 3291 949 3346; x_wconf 88' lang='lat'>7.</span> <span class='ocrx_word' id='word_1_254' title='bbox 980 3266 1050 3325; x_wconf 90' lang='lat' dir='ltr'>Cic.</span> <span class='ocrx_word' id='word_1_255' title='bbox 1070 3268 1171 3328; x_wconf 91' lang='lat' dir='ltr'>Tusc.</span> <span class='ocrx_word' id='word_1_256' title='bbox 1196 3265 1295 3347; x_wconf 92' lang='lat' dir='ltr'>Disp.</span> <span class='ocrx_word' id='word_1_257' title='bbox 1322 3286 1348 3325; x_wconf 90' lang='lat' dir='ltr'>r.</span> <span class='ocrx_word' id='word_1_258' title='bbox 1375 3285 1422 3324; x_wconf 81' lang='lat' dir='ltr'>ra.</span> <span class='ocrx_word' id='word_1_259' title='bbox 1443 3264 1509 3325; x_wconf 89' lang='lat' dir='ltr'>Sed</span> <span class='ocrx_word' id='word_1_260' title='bbox 1532 3263 1566 3323; x_wconf 93' lang='lat' dir='ltr'>h.</span> <span class='ocrx_word' id='word_1_261' title='bbox 1593 3262 1618 3324; x_wconf 95' lang='lat' dir='ltr'>l.</span> <span class='ocrx_word' id='word_1_262' title='bbox 1643 3263 1827 3342; x_wconf 89' lang='lat' dir='ltr'>conjunct.</span> 
     </span>
     <span class='ocr_line' id='line_1_27' title="bbox 405 3362 1827 3463; baseline 0.003 -29"><span class='ocrx_word' id='word_1_263' title='bbox 405 3377 575 3463; x_wconf 74' lang='lat' dir='ltr'>sequitur,</span> <span class='ocrx_word' id='word_1_264' title='bbox 607 3378 702 3455; x_wconf 88' lang='lat' dir='ltr'>quod</span> <span class='ocrx_word' id='word_1_265' title='bbox 738 3368 932 3453; x_wconf 83' lang='lat' dir='ltr'>propositio</span> <span class='ocrx_word' id='word_1_266' title='bbox 963 3366 1214 3432; x_wconf 89' lang='lat' dir='ltr'>conditionalis</span> <span class='ocrx_word' id='word_1_267' title='bbox 1245 3376 1305 3432; x_wconf 91' lang='lat' dir='ltr'>est.</span> <span class='ocrx_word' id='word_1_268' title='bbox 1341 3368 1443 3431; x_wconf 89' lang='lat' dir='ltr'>ultro</span> <span class='ocrx_word' id='word_1_269' title='bbox 1474 3362 1616 3456; x_wconf 82' lang='lat' dir='ltr'>injuria</span> <span class='ocrx_word' id='word_1_270' title='bbox 1650 3368 1827 3457; x_wconf 79' lang='lat' dir='ltr'>gratiam</span> 
     </span>
     <span class='ocr_line' id='line_1_28' title="bbox 408 3454 1827 3561; baseline -0.003 -18"><span class='ocrx_word' id='word_1_271' title='bbox 408 3482 541 3548; x_wconf 82' lang='lat' dir='ltr'>debere.</span> <span class='ocrx_word' id='word_1_272' title='bbox 576 3483 619 3543; x_wconf 91' lang='lat' dir='ltr'>de</span> <span class='ocrx_word' id='word_1_273' title='bbox 654 3476 755 3539; x_wconf 80' lang='lat' dir='ltr'>ultro</span> <span class='ocrx_word' id='word_1_274' title='bbox 789 3472 870 3537; x_wconf 86' lang='lat' dir='ltr'>vide</span> <span class='ocrx_word' id='word_1_275' title='bbox 904 3492 1007 3558; x_wconf 90' lang='lat' dir='ltr'>supra</span> <span class='ocrx_word' id='word_1_276' title='bbox 1039 3476 1100 3558; x_wconf 85' lang='lat' dir='ltr'>Ep.</span> <span class='ocrx_word' id='word_1_277' title='bbox 1134 3454 1272 3561; x_wconf 89' lang='lat' dir='ltr'>Pomp.</span> <span class='ocrx_word' id='word_1_278' title='bbox 1309 3474 1411 3538; x_wconf 88' lang='lat' dir='ltr'>ultro</span> <span class='ocrx_word' id='word_1_279' title='bbox 1444 3467 1549 3537; x_wconf 82' lang='lat' dir='ltr'>nobis</span> <span class='ocrx_word' id='word_1_280' title='bbox 1583 3472 1827 3557; x_wconf 78' lang='lat' dir='ltr'>sumptui..-</span> 
     </span>
     <span class='ocr_line' id='line_1_29' title="bbox 409 3578 1828 3685; baseline -0.001 -37"><span class='ocrx_word' id='word_1_281' title='bbox 409 3580 549 3677; x_wconf 82' lang='lat' dir='ltr'>injurta</span> <span class='ocrx_word' id='word_1_282' title='bbox 563 3584 740 3685; x_wconf 81' lang='lat' dir='ltr'>additum,</span> <span class='ocrx_word' id='word_1_283' title='bbox 759 3590 798 3647; x_wconf 92' lang='lat' dir='ltr'>ut</span> <span class='ocrx_word' id='word_1_284' title='bbox 809 3579 983 3663; x_wconf 85' lang='lat' dir='ltr'>judicium</span> <span class='ocrx_word' id='word_1_285' title='bbox 1004 3582 1047 3645; x_wconf 91' lang='lat' dir='ltr'>de</span> <span class='ocrx_word' id='word_1_286' title='bbox 1061 3583 1127 3647; x_wconf 91' lang='lat' dir='ltr'>hac</span> <span class='ocrx_word' id='word_1_287' title='bbox 1140 3580 1268 3669; x_wconf 88' lang='lat' dir='ltr'>agendi</span> <span class='ocrx_word' id='word_1_288' title='bbox 1284 3580 1420 3645; x_wconf 77' lang='lat' dir='ltr'>ratione</span> <span class='ocrx_word' id='word_1_289' title='bbox 1430 3578 1684 3663; x_wconf 80' lang='lat' dir='ltr'>interponeret3</span> <span class='ocrx_word' id='word_1_290' title='bbox 1706 3600 1828 3664; x_wconf 87' lang='lat' dir='ltr'>neque</span> 
     </span>
     <span class='ocr_line' id='line_1_30' title="bbox 313 3682 1827 3779; baseline -0.007 -17"><span class='ocrx_word' id='word_1_291' title='bbox 313 3696 318 3704; x_wconf 78' lang='grc'><strong><em>’</em></strong></span> <span class='ocrx_word' id='word_1_292' title='bbox 409 3702 497 3773; x_wconf 64' lang='lat' dir='ltr'>erat,</span> <span class='ocrx_word' id='word_1_293' title='bbox 516 3695 611 3776; x_wconf 85' lang='lat' dir='ltr'>quod</span> <span class='ocrx_word' id='word_1_294' title='bbox 621 3692 769 3779; x_wconf 76' lang='lat' dir='ltr'>interpp</span> <span class='ocrx_word' id='word_1_295' title='bbox 790 3692 859 3757; x_wconf 92' lang='lat' dir='ltr'>hoc</span> <span class='ocrx_word' id='word_1_296' title='bbox 872 3686 997 3755; x_wconf 89' lang='lat' dir='ltr'>inloco</span> <span class='ocrx_word' id='word_1_297' title='bbox 1007 3682 1248 3775; x_wconf 80' lang='lat' dir='ltr'>offenderent,</span> <span class='ocrx_word' id='word_1_298' title='bbox 1271 3708 1349 3753; x_wconf 88' lang='lat' dir='ltr'>cum</span> <span class='ocrx_word' id='word_1_299' title='bbox 1362 3689 1436 3753; x_wconf 83' lang='lat' dir='ltr'>haec</span> <span class='ocrx_word' id='word_1_300' title='bbox 1450 3684 1591 3750; x_wconf 72' lang='lat' dir='ltr'>(licendi</span> <span class='ocrx_word' id='word_1_301' title='bbox 1601 3684 1691 3749; x_wconf 74' lang='lat' dir='ltr'>ratio</span> <span class='ocrx_word' id='word_1_302' title='bbox 1712 3706 1827 3768; x_wconf 87' lang='lat' dir='ltr'>quam</span> 
     </span>
     <span class='ocr_line' id='line_1_31' title="bbox 410 3793 1828 3881; baseline 0.001 -26"><span class='ocrx_word' id='word_1_303' title='bbox 410 3795 557 3856; x_wconf 80' lang='lat' dir='ltr'>maxime</span> <span class='ocrx_word' id='word_1_304' title='bbox 572 3800 765 3861; x_wconf 82' lang='lat' dir='ltr'>Salustiana</span> <span class='ocrx_word' id='word_1_305' title='bbox 781 3798 835 3859; x_wconf 90' lang='lat' dir='ltr'>sit.</span> <span class='ocrx_word' id='word_1_306' title='bbox 855 3797 915 3865; x_wconf 82' lang='lat' dir='ltr'>cfr.</span> <span class='ocrx_word' id='word_1_307' title='bbox 930 3796 1028 3861; x_wconf 87' lang='lat' dir='ltr'>Catil.</span> <span class='ocrx_word' id='word_1_308' title='bbox 1049 3818 1128 3878; x_wconf 91' lang='lat' dir='ltr'>c..7</span> <span class='ocrx_word' id='word_1_309' title='bbox 1147 3796 1206 3873; x_wconf 67' lang='lat' dir='ltr'>..in</span> <span class='ocrx_word' id='word_1_310' title='bbox 1226 3795 1361 3881; x_wconf 84' lang='lat' dir='ltr'>castris,</span> <span class='ocrx_word' id='word_1_311' title='bbox 1380 3814 1444 3878; x_wconf 90' lang='lat' dir='ltr'>pcr</span> <span class='ocrx_word' id='word_1_312' title='bbox 1460 3793 1634 3875; x_wconf 83' lang='lat' dir='ltr'>lahorem,</span> <span class='ocrx_word' id='word_1_313' title='bbox 1654 3812 1728 3855; x_wconf 90' lang='lat' dir='ltr'>usu.</span> <span class='ocrx_word' id='word_1_314' title='bbox 1752 3795 1828 3857; x_wconf 91' lang='lat' dir='ltr'>mi-</span> 
     </span>
     <span class='ocr_line' id='line_1_32' title="bbox 411 3886 1825 3989; baseline 0.001 -26"><span class='ocrx_word' id='word_1_315' title='bbox 411 3897 524 3963; x_wconf 88' lang='lat' dir='ltr'>litiam</span> <span class='ocrx_word' id='word_1_316' title='bbox 542 3886 747 3961; x_wconf 71' lang='lat' dir='ltr'>discebant.»</span> <span class='ocrx_word' id='word_1_317' title='bbox 771 3897 938 3989; x_wconf 81' lang='lat' dir='ltr'>gratiam</span> <span class='ocrx_word' id='word_1_318' title='bbox 966 3902 1118 3968; x_wconf 81' lang='lat' dir='ltr'>debere</span> <span class='ocrx_word' id='word_1_319' title='bbox 1107 3925 1130 3965; x_wconf 88' lang='grc' dir='ltr'>ι.</span> <span class='ocrx_word' id='word_1_320' title='bbox 1151 3922 1180 3967; x_wconf 90' lang='lat' dir='ltr'>e.</span> <span class='ocrx_word' id='word_1_321' title='bbox 1197 3922 1269 3967; x_wconf 85' lang='lat' dir='ltr'>non</span> <span class='ocrx_word' id='word_1_322' title='bbox 1293 3902 1405 3964; x_wconf 89' lang='lat' dir='ltr'>solum</span> <span class='ocrx_word' id='word_1_323' title='bbox 1423 3900 1570 3987; x_wconf 81' lang='lat' dir='ltr'>gratiam</span> <span class='ocrx_word' id='word_1_324' title='bbox 1590 3898 1737 3982; x_wconf 84' lang='lat' dir='ltr'>habere,</span> <span class='ocrx_word' id='word_1_325' title='bbox 1758 3902 1825 3963; x_wconf 88' lang='lat' dir='ltr'>sed</span> 
     </span>
     <span class='ocr_line' id='line_1_33' title="bbox 411 4002 1827 4090; baseline -0.001 -16"><span class='ocrx_word' id='word_1_326' title='bbox 411 4006 515 4074; x_wconf 84' lang='lat' dir='ltr'>etiam</span> <span class='ocrx_word' id='word_1_327' title='bbox 536 4002 642 4067; x_wconf 91' lang='lat' dir='ltr'>alicui</span> <span class='ocrx_word' id='word_1_328' title='bbox 663 4014 804 4090; x_wconf 87' lang='lat' dir='ltr'>propter</span> <span class='ocrx_word' id='word_1_329' title='bbox 820 4006 974 4088; x_wconf 83' lang='lat' dir='ltr'>aliquam</span> <span class='ocrx_word' id='word_1_330' title='bbox 1002 4028 1075 4073; x_wconf 88' lang='lat' dir='ltr'>rem</span> <span class='ocrx_word' id='word_1_331' title='bbox 1093 4016 1257 4090; x_wconf 87' lang='lat' dir='ltr'>tanquam</span> <span class='ocrx_word' id='word_1_332' title='bbox 1279 4006 1451 4073; x_wconf 88' lang='lat' dir='ltr'>beneficio</span> <span class='ocrx_word' id='word_1_333' title='bbox 1476 4026 1512 4068; x_wconf 90' lang='lat' dir='ltr'>se</span> <span class='ocrx_word' id='word_1_334' title='bbox 1536 4002 1728 4089; x_wconf 85' lang='lat' dir='ltr'>obligatum</span> <span class='ocrx_word' id='word_1_335' title='bbox 1745 4024 1827 4071; x_wconf 86' lang='lat' dir='ltr'>esse</span> 
     </span>
     <span class='ocr_line' id='line_1_34' title="bbox 409 4093 1825 4203; baseline -0.006 -22"><span class='ocrx_word' id='word_1_336' title='bbox 409 4126 541 4203; x_wconf 89' lang='lat' dir='ltr'>putare.</span> <span class='ocrx_word' id='word_1_337' title='bbox 562 4110 622 4174; x_wconf 83' lang='lat' dir='ltr'>cfr.</span> <span class='ocrx_word' id='word_1_338' title='bbox 653 4110 721 4174; x_wconf 90' lang='lat' dir='ltr'>Cic.</span> <span class='ocrx_word' id='word_1_339' title='bbox 749 4109 839 4175; x_wconf 86' lang='lat' dir='ltr'>Phil.</span> <span class='ocrx_word' id='word_1_340' title='bbox 865 4126 896 4173; x_wconf 82' lang='lat' dir='ltr'>a.</span> <span class='ocrx_word' id='word_1_341' title='bbox 922 4134 950 4176; x_wconf 94' lang='lat' dir='ltr'>c.</span> <span class='ocrx_word' id='word_1_342' title='bbox 973 4093 1019 4176; x_wconf 77' lang='grc' dir='ltr'>ιι.</span> <span class='ocrx_word' id='word_1_343' title='bbox 1045 4115 1191 4178; x_wconf 90' lang='lat' dir='ltr'>alterum</span> <span class='ocrx_word' id='word_1_344' title='bbox 1208 4112 1318 4199; x_wconf 89' lang='lat' dir='ltr'>igitur</span> <span class='ocrx_word' id='word_1_345' title='bbox 1345 4122 1396 4179; x_wconf 92' lang='lat' dir='ltr'>est</span> <span class='ocrx_word' id='word_1_346' title='bbox 1420 4108 1542 4197; x_wconf 85' lang='lat' dir='ltr'>officii,</span> <span class='ocrx_word' id='word_1_347' title='bbox 1563 4110 1709 4174; x_wconf 88' lang='lat' dir='ltr'>alterum</span> <span class='ocrx_word' id='word_1_348' title='bbox 1726 4108 1825 4195; x_wconf 88' lang='lat' dir='ltr'>grati</span> 
     </span>
     <span class='ocr_line' id='line_1_35' title="bbox 412 4214 1823 4301; baseline -0.004 -16"><span class='ocrx_word' id='word_1_349' title='bbox 412 4223 532 4288; x_wconf 88' lang='lat' dir='ltr'>animi.</span> <span class='ocrx_word' id='word_1_350' title='bbox 549 4219 669 4286; x_wconf 85' lang='lat' dir='ltr'>Totius</span> <span class='ocrx_word' id='word_1_351' title='bbox 685 4218 757 4284; x_wconf 92' lang='lat' dir='ltr'>loci</span> <span class='ocrx_word' id='word_1_352' title='bbox 778 4236 895 4284; x_wconf 80' lang='lat' dir='ltr'>sensus</span> <span class='ocrx_word' id='word_1_353' title='bbox 912 4228 981 4282; x_wconf 84' lang='lat' dir='ltr'>est:</span> <span class='ocrx_word' id='word_1_354' title='bbox 1018 4222 1088 4286; x_wconf 82' lang='lat' dir='ltr'>Vos</span> <span class='ocrx_word' id='word_1_355' title='bbox 1109 4240 1180 4283; x_wconf 87' lang='lat' dir='ltr'>non</span> <span class='ocrx_word' id='word_1_356' title='bbox 1199 4222 1305 4284; x_wconf 91' lang='lat' dir='ltr'>modo</span> <span class='ocrx_word' id='word_1_357' title='bbox 1325 4241 1378 4286; x_wconf 89' lang='lat' dir='ltr'>res</span> <span class='ocrx_word' id='word_1_358' title='bbox 1395 4226 1523 4283; x_wconf 86' lang='lat' dir='ltr'>vestras</span> <span class='ocrx_word' id='word_1_359' title='bbox 1546 4214 1717 4301; x_wconf 88' lang='lat' dir='ltr'>repetitis,</span> <span class='ocrx_word' id='word_1_360' title='bbox 1739 4218 1823 4299; x_wconf 88' lang='lat' dir='ltr'>sed,</span> 
     </span>
     <span class='ocr_line' id='line_1_36' title="bbox 412 4320 1819 4417; baseline -0.008 -23"><span class='ocrx_word' id='word_1_361' title='bbox 412 4334 506 4408; x_wconf 87' lang='lat' dir='ltr'>quod</span> <span class='ocrx_word' id='word_1_362' title='bbox 525 4326 825 4417; x_wconf 83' lang='lat' dir='ltr'>indignissimum,</span> <span class='ocrx_word' id='word_1_363' title='bbox 848 4327 934 4389; x_wconf 90' lang='lat' dir='ltr'>adeo</span> <span class='ocrx_word' id='word_1_364' title='bbox 955 4326 1102 4412; x_wconf 77' lang='lat' dir='ltr'>gratiam</span> <span class='ocrx_word' id='word_1_365' title='bbox 1116 4326 1188 4391; x_wconf 87' lang='lat' dir='ltr'>illis</span> <span class='ocrx_word' id='word_1_366' title='bbox 1205 4326 1359 4402; x_wconf 84' lang='lat' dir='ltr'>hahetis;</span> <span class='ocrx_word' id='word_1_367' title='bbox 1381 4345 1459 4389; x_wconf 90' lang='lat' dir='ltr'>cum</span> <span class='ocrx_word' id='word_1_368' title='bbox 1485 4324 1599 4407; x_wconf 83' lang='lat' dir='ltr'>ipsum</span> <span class='ocrx_word' id='word_1_369' title='bbox 1623 4322 1712 4385; x_wconf 90' lang='lat' dir='ltr'>illud</span> <span class='ocrx_word' id='word_1_370' title='bbox 1740 4320 1819 4383; x_wconf 83' lang='lat' dir='ltr'>iru-</span> 
     </span>
    </p>
   </div>
   <div class='ocr_carea' id='block_1_6' title="bbox 0 0 2044 5009">
    <p class='ocr_par' dir='ltr' id='par_1_7' title="bbox 0 0 2044 5009">
     <span class='ocr_line' id='line_1_37' title="bbox 0 0 2044 5009; baseline 0 0"><span class='ocrx_word' id='word_1_371' title='bbox 0 0 2044 5009; x_wconf 95' lang='lat' dir='ltr'> </span> 
     </span>
    </p>
   </div>
  </div>
 </body>
</html>
