4050 5009
1530 383 1625 489 127³

221 556 342 662 ipsius
355 562 513 639 consilia
532 564 851 641 disturbaverunt
888 564 979 663 Quo
1001 562 1093 659 tibi,
1117 564 1346 668 Imperator,
1370 564 1514 637 maiore
1532 561 1624 639 cura

221 682 375 789 fideque
395 689 508 765 amici
527 706 567 767 et
584 690 707 767 multa
727 687 903 794 presidia
928 686 1101 793 paranda
1123 704 1222 765 sunt.
1246 689 1402 763 Hostem
1425 672 1655 773 advomumt

219 811 462 913 opprimere,
495 828 651 890 strenuo
679 812 830 889 homini
858 810 967 889 haud
995 810 1148 889 difficile
1174 828 1252 889 est:
1276 812 1427 891 occulta
1455 810 1627 917 pericula

220 958 349 1038 neque
372 934 495 1011 facere
515 962 641 1040 neque
659 937 779 1013 vium
798 936 910 1012 bonis
929 936 973 1011 in
998 950 1184 1040 promptu
1203 955 1266 1013 est
1311 937 1455 1043 Igitur,
1479 934 1549 1011 ubi
1566 936 1629 1011 eos

219 1055 263 1135 in
285 1058 479 1135 civitatem
500 1058 720 1154 adduxerim
746 1058 931 1163 quoniam
952 1057 1111 1163 quidem
1128 1076 1300 1137 revocata
1325 1058 1452 1164 plebes
1470 1058 1562 1149 erit,
1585 1058 1628 1135 in

81 1258 83 1284 Ι
217 1206 325 1285 esre
346 1210 526 1259 maxume
540 1184 717 1259 animum
739 1183 962 1273 exercitato,
986 1184 1046 1258 uti
1068 1183 1247 1259 colantur
1265 1182 1360 1259 boni
1380 1208 1517 1274 mores,
1539 1208 1630 1258 con-

218 1306 353 1383 cordia
372 1307 475 1384 inter
491 1322 631 1385 veteres
647 1323 687 1383 et
708 1332 825 1385 novos
845 1308 1037 1385 coalescat
1073 1306 1146 1383 Sed
1163 1308 1288 1384 multo
1309 1334 1533 1383 maxumum
1558 1308 1628 1384 bo-

218 1457 320 1507 num
331 1432 478 1535 patriae,
496 1432 660 1522 civibus,
681 1431 770 1522 tibi,
789 1430 937 1522 liberis,
950 1447 1140 1536 postremo
1155 1430 1337 1507 humanm
1355 1432 1459 1533 genti
1476 1458 1629 1535 pepere-

219 1553 273 1631 ris
284 1612 295 1648 ‚
317 1556 350 1631 si
368 1556 541 1632 studium
560 1555 734 1661 pecuniae
752 1569 822 1630 aut
840 1555 1058 1647 sustuleris,
1082 1570 1170 1646 aut,
1195 1554 1325 1657 quoad
1347 1580 1404 1631 res
1424 1554 1535 1645 feret,
1557 1555 1630 1632 mi·

221 1678 363 1755 nueris.
405 1680 546 1773 Aliter,
571 1706 698 1783 neque
729 1678 878 1785 privata
903 1704 975 1770 res,
1000 1706 1127 1783 neque
1144 1678 1319 1782 publica,
1351 1704 1477 1781 neque
1507 1678 1629 1777 domis

221 1828 350 1905 neque
368 1803 534 1893 militiae,
558 1803 637 1909 regi
662 1818 793 1907 potest
839 1804 939 1880 Nam
957 1803 1027 1879 ubi
1055 1802 1197 1907 cupido
1227 1800 1450 1879 divitiarum
1469 1803 1629 1893 invasit,

219 1952 350 2029 neque
369 1926 592 2031 disciplina,
617 1952 744 2030 neque
767 1941 864 2003 artes
888 1927 1022 2017 bonae,
1047 1952 1174 2029 neque
1197 1926 1397 2031 ingenium
1422 1926 1549 2001 ullum
1573 1952 1630 2002 sa-

222 2050 271 2125 tis
290 2050 437 2154 pollet:
464 2050 563 2153 quin
582 2051 755 2140 animus,
780 2048 899 2154 magis
919 2066 990 2127 aut
1021 2050 1150 2127 minus
1169 2065 1343 2139 mature,
1367 2060 1556 2153 postremo
1576 2066 1630 2126 ta-

222 2200 315 2251 men
343 2175 569 2250 succumbit
612 2175 717 2277 Saepe
746 2173 825 2248 iam
849 2173 1004 2263 audiri,
1028 2173 1098 2277 qui
1131 2200 1251 2279 reges,
1276 2198 1362 2275 quoe
1399 2173 1565 2249 civitates
1592 2190 1640 2251 et·

224 2298 421 2388 nationes,
447 2324 516 2402 per
530 2298 769 2401 opulentiam
786 2324 925 2403 magna
942 2298 1102 2401 imperia
1120 2296 1335 2386 amiserint,
1361 2322 1447 2399 qum
1467 2323 1537 2401 per
1553 2296 1630 2371 vir-

226 2436 350 2497 tutem
374 2421 505 2524 inopes
524 2437 704 2525 ceperant
725 2452 733 2493 ε
758 2421 801 2496 id
822 2422 918 2498 adeo
948 2420 1056 2497 haud
1080 2420 1301 2498 mirandum
1324 2437 1387 2495 est
1435 2424 1534 2497 Nam
1560 2421 1630 2495 ubi

225 2545 352 2621 bonus
372 2544 598 2621 deteriorem
617 2542 758 2620 divitiis
775 2546 893 2648 magis
913 2544 1063 2618 clarum
1081 2544 1275 2651 magisque
1294 2560 1493 2647 acceptum
1509 2544 1633 2637 videt,

227 2670 354 2773 primo
375 2683 510 2743 aeatuat
530 2668 730 2771 multaque
753 2667 798 2741 in
819 2682 974 2771 pectore
990 2665 1108 2741 volvit
1136 2699 1143 2741 ι
1167 2667 1232 2741 sed
1263 2666 1332 2741 ubi
1363 2667 1482 2771 gloria
1506 2667 1631 2743 hono-

228 2819 311 2869 rem
334 2793 452 2897 magis
477 2793 520 2867 in
546 2792 643 2881 dies,
666 2792 848 2867 virtutem
862 2790 1060 2894 opulentia
1088 2788 1225 2883 vincit;
1248 2790 1399 2865 animus
1425 2790 1476 2865 ad
1496 2792 1632 2897 volup-

229 2934 347 2993 tatem
365 2945 388 2991 a
419 2942 509 2991 vero
541 2914 678 2991 deficit
729 2914 886 3017 Quippe
916 2912 1038 3017 gloria
1063 2910 1252 2987 industria
1288 2914 1425 3003 alitur;
1439 2914 1520 3015 jubi
1547 2942 1633 2992 cam

229 3040 426 3129 demseris,
443 3040 522 3143 ipsa
539 3066 607 3142 per
621 3064 660 3113 se
676 3038 796 3113 virtus
817 3063 946 3113 amara
963 3050 1080 3137 atque
1096 3062 1224 3139 aspera
1244 3053 1306 3111 est.
1356 3040 1547 3115 Postremo
1563 3040 1633 3114 ubi

230 3162 372 3239 divitie
390 3162 502 3237 clane
527 3160 740 3250 habentur,
766 3161 822 3235 ibi
849 3161 979 3235 omnia
994 3162 1096 3237 bona
1112 3159 1203 3235 vilis
1223 3176 1316 3234 sunt
1333 3217 1343 3250 ,
1367 3159 1479 3251 fides,
1491 3148 1632 3264 *probi-

230 3303 310 3377 tas‚
334 3284 483 3390 pudor,
505 3283 701 3388 pudicitia.
751 3286 849 3361 Nam
875 3283 925 3359 ad
947 3284 1130 3359 virtutem
1149 3309 1230 3358 nna
1260 3284 1437 3359 etardus
1462 3285 1523 3359 ria
1549 3300 1603 3361 est
1625 3318 1632 3357 :

231 3410 280 3485 ad
294 3408 517 3514 pecuniam,
544 3432 622 3509 qua
641 3408 782 3509 cuique
799 3406 934 3495 lubet,
955 3405 1097 3479 nititur
1122 3440 1130 3479 :
1155 3422 1193 3481 et
1208 3406 1318 3481 malis
1335 3424 1373 3482 et
1391 3402 1502 3483 bonis
1521 3408 1633 3483 rebus

232 3561 274 3611 ea
298 3550 456 3609 creatur.
508 3532 607 3633 Ergo
626 3529 667 3605 in
685 3530 818 3632 primis
833 3530 1099 3606 auctoritatem
1126 3530 1299 3632 pecuniae
1313 3530 1455 3605 demito
1476 3565 1483 3605 :
1508 3558 1634 3635 neque

232 3660 280 3735 de
302 3653 443 3761 capite,
468 3679 593 3757 neque
612 3653 660 3728 de
682 3651 842 3741 honore,
860 3678 906 3728 ex
927 3652 1044 3757 copiis
1069 3652 1273 3755 quisquam
1288 3655 1406 3759 magis
1426 3656 1633 3730 autminus

235 3779 480 3870 iudicaverit3
514 3776 567 3851 sic
594 3792 639 3850 ut
664 3802 789 3878 neque
830 3792 990 3879 praetor,
1017 3801 1142 3877 neque
1168 3776 1300 3850 consul
1333 3804 1378 3851 ex
1413 3772 1608 3882 opulentia
1623 3838 1647 3870 ‚.

106 3924 122 3949 ⁸
233 3932 366 3983 verum
382 3930 429 3978 ex
456 3901 641 4006 dignitate
668 3917 823 3974 creetur.
873 3898 946 3974 Sed
970 3897 1017 3972 de
1040 3898 1263 4003 magistratu
1284 3880 1396 3979 lacile
1421 3904 1557 4007 populi
1575 3905 1633 3979 iu-

234 4114 317 4176 Lt'vio
327 4110 436 4172 Druso.
453 4106 535 4167 livio
548 4126 609 4164 om.
621 4104 749 4165 Vaticet
758 4075 817 4162 boc
829 4106 897 4161 loco
911 4111 940 4160 ct
953 4104 1127 4181 paulopost.
1140 4105 1402 4183 aucloresfiterant
1422 4106 1506 4173 Faba.
1518 4119 1547 4168 et
1557 4110 1632 4172 Bric.
1725 4176 1729 4185 .

233 4224 336 4290 fierent
354 4216 453 4275 Vatic.
488 4211 702 4272 winemarum
721 4208 810 4267 idem.
851 4215 1036 4265 commum
1051 4205 1118 4263 ηἰιεί
1139 4206 1219 4275 Febr.
1239 4207 1357 4269 ctBric.
1396 4211 1455 4271 nisi
1474 4214 1566 4275 Vatic.
1592 4247 1634 4262 ..-

174 4360 182 4367 -
240 4322 313 4406 Cap.
327 4346 356 4405 7.
377 4319 511 4379 animum
535 4314 776 4377 exercitato.-.
797 4310 926 4371 exercito
954 4310 1048 4374 vatic.
1076 4320 1105 4369 et
1134 4320 1215 4373 vetus
1232 4312 1309 4378 Edit.
1337 4318 1436 4394 quood
1462 4338 1507 4378 res
1529 4320 1634 4395 reseret
1740 4308 1743 4317 ’
1767 4372 1769 4377 ⁴

1191 4412 1236 4490 35
