<?xml version="1.0" encoding="UTF-8"?>
<!DOCTYPE html PUBLIC "-//W3C//DTD XHTML 1.0 Transitional//EN"
    "http://www.w3.org/TR/xhtml1/DTD/xhtml1-transitional.dtd">
<html xmlns="http://www.w3.org/1999/xhtml" xml:lang="en" lang="en">
 <head>
  <title>
</title>
<meta http-equiv="Content-Type" content="text/html;charset=utf-8" />
  <meta name='ocr-system' content='tesseract 3.04.00' />
  <meta name='ocr-capabilities' content='ocr_page ocr_carea ocr_par ocr_line ocrx_word'/>
</head>
<body>
  <div class='ocr_page' id='page_1' title='image "./salustiiquaeexs00sallgoog_0654.png"; bbox 0 0 4050 5009; ppageno 0'>
   <div class='ocr_carea' id='block_1_1' title="bbox 0 4577 455 4867">
    <p class='ocr_par' dir='ltr' id='par_1_1' title="bbox 0 4577 455 4867">
     <span class='ocr_line' id='line_1_1' title="bbox 0 4577 455 4867; baseline 0 0"><span class='ocrx_word' id='word_1_1' title='bbox 0 4577 455 4867; x_wconf 68' lang='lat' dir='ltr'><strong>f*</strong></span> 
     </span>
    </p>
   </div>
   <div class='ocr_carea' id='block_1_2' title="bbox 1179 347 1315 438">
    <p class='ocr_par' dir='ltr' id='par_1_2' title="bbox 1179 347 1315 438">
     <span class='ocr_line' id='line_1_2' title="bbox 1179 347 1315 438; baseline 0 0"><span class='ocrx_word' id='word_1_2' title='bbox 1179 347 1315 438; x_wconf 75' lang='lat'><strong>144</strong></span> 
     </span>
    </p>
   </div>
   <div class='ocr_carea' id='block_1_3' title="bbox 1160 524 3947 2128">
    <p class='ocr_par' dir='ltr' id='par_1_3' title="bbox 1160 524 3947 2128">
     <span class='ocr_line' id='line_1_3' title="bbox 1160 524 3939 643; baseline 0.005 -41"><span class='ocrx_word' id='word_1_3' title='bbox 1160 524 1397 629; x_wconf 79' lang='lat' dir='ltr'><strong>sequi.</strong></span> <span class='ocrx_word' id='word_1_4' title='bbox 1496 528 1612 602; x_wconf 86' lang='lat' dir='ltr'><strong>Ita</strong></span> <span class='ocrx_word' id='word_1_5' title='bbox 1649 555 1808 631; x_wconf 88' lang='lat' dir='ltr'><strong>quo</strong></span> <span class='ocrx_word' id='word_1_6' title='bbox 1841 527 2160 618; x_wconf 86' lang='lat' dir='ltr'><strong>clarior,</strong></span> <span class='ocrx_word' id='word_1_7' title='bbox 2197 556 2289 606; x_wconf 87' lang='lat' dir='ltr'><strong>eo</strong></span> <span class='ocrx_word' id='word_1_8' title='bbox 2318 531 2554 636; x_wconf 86' lang='lat' dir='ltr'><strong>magis</strong></span> <span class='ocrx_word' id='word_1_9' title='bbox 2582 535 2854 610; x_wconf 83' lang='lat' dir='ltr'><strong>anxius</strong></span> <span class='ocrx_word' id='word_1_10' title='bbox 2890 553 3055 612; x_wconf 74' lang='lat' dir='ltr'><strong>ent</strong></span> <span class='ocrx_word' id='word_1_11' title='bbox 3099 571 3118 611; x_wconf 73' lang='grc' dir='ltr'><strong><em>ε</em></strong></span> <span class='ocrx_word' id='word_1_12' title='bbox 3164 564 3415 642; x_wconf 75' lang='lat' dir='ltr'><strong>neque</strong></span> <span class='ocrx_word' id='word_1_13' title='bbox 3447 555 3621 643; x_wconf 82' lang='lat' dir='ltr'><strong>post</strong></span> <span class='ocrx_word' id='word_1_14' title='bbox 3656 540 3939 615; x_wconf 80' lang='lat' dir='ltr'><strong>insidias</strong></span> 
     </span>
     <span class='ocr_line' id='line_1_4' title="bbox 1161 646 3938 768; baseline 0.004 -42"><span class='ocrx_word' id='word_1_15' title='bbox 1161 646 1557 757; x_wconf 64' lang='lat' dir='ltr'><strong>Iugurtha</strong></span> <span class='ocrx_word' id='word_1_16' title='bbox 1593 653 1831 728; x_wconf 84' lang='lat' dir='ltr'><strong>ess&#39;uso</strong></span> <span class='ocrx_word' id='word_1_17' title='bbox 1865 652 2204 727; x_wconf 80' lang='lat' dir='ltr'><strong>exercitu</strong></span> <span class='ocrx_word' id='word_1_18' title='bbox 2250 656 2623 758; x_wconf 65' lang='lat' dir='ltr'><strong>praedari:</strong></span> <span class='ocrx_word' id='word_1_19' title='bbox 2671 660 2808 734; x_wconf 88' lang='lat' dir='ltr'><strong>ubi</strong></span> <span class='ocrx_word' id='word_1_20' title='bbox 2847 660 3233 737; x_wconf 61' lang='lat' dir='ltr'><strong>strumento</strong></span> <span class='ocrx_word' id='word_1_21' title='bbox 3268 680 3407 738; x_wconf 88' lang='lat' dir='ltr'><strong>aut</strong></span> <span class='ocrx_word' id='word_1_22' title='bbox 3444 664 3732 767; x_wconf 78' lang='lat' dir='ltr'><strong>pabulo</strong></span> <span class='ocrx_word' id='word_1_23' title='bbox 3769 688 3938 768; x_wconf 82' lang='lat' dir='ltr'><strong>opus</strong></span> 
     </span>
     <span class='ocr_line' id='line_1_5' title="bbox 1160 775 3933 891; baseline 0.004 -38"><span class='ocrx_word' id='word_1_24' title='bbox 1160 791 1361 864; x_wconf 82' lang='lat' dir='ltr'><strong>erat,</strong></span> <span class='ocrx_word' id='word_1_25' title='bbox 1402 775 1748 853; x_wconf 80' lang='lat' dir='ltr'><strong>cobortes</strong></span> <span class='ocrx_word' id='word_1_26' title='bbox 1780 804 1965 852; x_wconf 89' lang='lat' dir='ltr'><strong>cum</strong></span> <span class='ocrx_word' id='word_1_27' title='bbox 2003 778 2217 853; x_wconf 89' lang='lat' dir='ltr'><strong>omni</strong></span> <span class='ocrx_word' id='word_1_28' title='bbox 2255 782 2607 882; x_wconf 83' lang='lat' dir='ltr'><strong>equitatu</strong></span> <span class='ocrx_word' id='word_1_29' title='bbox 2642 784 3077 886; x_wconf 63' lang='lat' dir='ltr'><strong>praesidium</strong></span> <span class='ocrx_word' id='word_1_30' title='bbox 3098 788 3537 891; x_wconf 77' lang='lat' dir='ltr'><strong>agitabant-2</strong></span> <span class='ocrx_word' id='word_1_31' title='bbox 3584 790 3933 865; x_wconf 74' lang='lat' dir='ltr'><strong>exet-citus</strong></span> 
     </span>
     <span class='ocr_line' id='line_1_6' title="bbox 1161 900 3938 1017; baseline 0.004 -40"><span class='ocrx_word' id='word_1_32' title='bbox 1161 917 1462 1008; x_wconf 82' lang='lat' dir='ltr'><strong>partem</strong></span> <span class='ocrx_word' id='word_1_33' title='bbox 1537 902 1741 1007; x_wconf 84' lang='lat' dir='ltr'><strong>ipse,</strong></span> <span class='ocrx_word' id='word_1_34' title='bbox 1804 900 2138 1006; x_wconf 80' lang='lat' dir='ltr'><strong>reliquos</strong></span> <span class='ocrx_word' id='word_1_35' title='bbox 2197 903 2487 977; x_wconf 83' lang='lat' dir='ltr'><strong>Marius</strong></span> <span class='ocrx_word' id='word_1_36' title='bbox 2560 903 2903 981; x_wconf 87' lang='lat' dir='ltr'><strong>duoebat.</strong></span> <span class='ocrx_word' id='word_1_37' title='bbox 3002 910 3150 985; x_wconf 83' lang='lat' dir='ltr'><strong>Sed</strong></span> <span class='ocrx_word' id='word_1_38' title='bbox 3207 912 3368 1016; x_wconf 91' lang='lat' dir='ltr'><strong>igni</strong></span> <span class='ocrx_word' id='word_1_39' title='bbox 3426 914 3659 1016; x_wconf 85' lang='lat' dir='ltr'><strong>magis</strong></span> <span class='ocrx_word' id='word_1_40' title='bbox 3723 938 3938 1017; x_wconf 84' lang='lat' dir='ltr'><strong>quam</strong></span> 
     </span>
     <span class='ocr_line' id='line_1_7' title="bbox 1162 1025 3938 1139; baseline 0.004 -39"><span class='ocrx_word' id='word_1_41' title='bbox 1162 1025 1422 1132; x_wconf 82' lang='lat' dir='ltr'><strong>praeda</strong></span> <span class='ocrx_word' id='word_1_42' title='bbox 1469 1053 1645 1132; x_wconf 87' lang='lat' dir='ltr'><strong>ager</strong></span> <span class='ocrx_word' id='word_1_43' title='bbox 1694 1027 2154 1103; x_wconf 77' lang='lat' dir='ltr'><strong>vastabatur.</strong></span> <span class='ocrx_word' id='word_1_44' title='bbox 2251 1028 2576 1104; x_wconf 87' lang='lat' dir='ltr'><strong>Duobus</strong></span> <span class='ocrx_word' id='word_1_45' title='bbox 2636 1029 2820 1105; x_wconf 86' lang='lat' dir='ltr'><strong>locis</strong></span> <span class='ocrx_word' id='word_1_46' title='bbox 2862 1030 3077 1109; x_wconf 85' lang='lat' dir='ltr'><strong>haud</strong></span> <span class='ocrx_word' id='word_1_47' title='bbox 3112 1034 3335 1139; x_wconf 84' lang='lat' dir='ltr'><strong>longe</strong></span> <span class='ocrx_word' id='word_1_48' title='bbox 3381 1036 3583 1110; x_wconf 86' lang='lat' dir='ltr'><strong>inter</strong></span> <span class='ocrx_word' id='word_1_49' title='bbox 3610 1062 3690 1113; x_wconf 85' lang='lat' dir='ltr'><strong>se</strong></span> <span class='ocrx_word' id='word_1_50' title='bbox 3720 1054 3938 1113; x_wconf 78' lang='lat' dir='ltr'><strong>eastra</strong></span> 
     </span>
     <span class='ocr_line' id='line_1_8' title="bbox 1162 1144 3938 1265; baseline 0.003 -38"><span class='ocrx_word' id='word_1_51' title='bbox 1162 1148 1592 1244; x_wconf 77' lang='lat' dir='ltr'><strong>faciebant3</strong></span> <span class='ocrx_word' id='word_1_52' title='bbox 1639 1151 1780 1226; x_wconf 85' lang='lat' dir='ltr'><strong>ubi</strong></span> <span class='ocrx_word' id='word_1_53' title='bbox 1830 1150 1906 1226; x_wconf 79' lang='lat' dir='ltr'><strong>vi</strong></span> <span class='ocrx_word' id='word_1_54' title='bbox 1971 1177 2165 1255; x_wconf 86' lang='lat' dir='ltr'><strong>opus</strong></span> <span class='ocrx_word' id='word_1_55' title='bbox 2213 1168 2412 1239; x_wconf 85' lang='lat' dir='ltr'><strong>erat,</strong></span> <span class='ocrx_word' id='word_1_56' title='bbox 2476 1154 2739 1227; x_wconf 85' lang='lat' dir='ltr'><strong>cuncti</strong></span> <span class='ocrx_word' id='word_1_57' title='bbox 2790 1154 3160 1233; x_wconf 83' lang='lat' dir='ltr'><strong>aderant:</strong></span> <span class='ocrx_word' id='word_1_58' title='bbox 3207 1174 3585 1249; x_wconf 80' lang='lat' dir='ltr'><strong>ceterum,</strong></span> <span class='ocrx_word' id='word_1_59' title='bbox 3632 1188 3785 1265; x_wconf 79' lang='lat' dir='ltr'><strong>quo</strong></span> <span class='ocrx_word' id='word_1_60' title='bbox 3831 1144 3938 1235; x_wconf 52' lang='lat' dir='ltr'><strong>fu?</strong></span> 
     </span>
     <span class='ocr_line' id='line_1_9' title="bbox 1161 1275 3935 1388; baseline 0.002 -37"><span class='ocrx_word' id='word_1_61' title='bbox 1161 1303 1252 1383; x_wconf 82' lang='lat' dir='ltr'><strong>ga</strong></span> <span class='ocrx_word' id='word_1_62' title='bbox 1297 1292 1529 1380; x_wconf 81' lang='lat' dir='ltr'><strong>atque</strong></span> <span class='ocrx_word' id='word_1_63' title='bbox 1566 1275 1896 1351; x_wconf 85' lang='lat' dir='ltr'><strong>formido</strong></span> <span class='ocrx_word' id='word_1_64' title='bbox 1951 1276 2183 1351; x_wconf 89' lang='lat' dir='ltr'><strong>latius</strong></span> <span class='ocrx_word' id='word_1_65' title='bbox 2239 1292 2641 1365; x_wconf 77' lang='lat' dir='ltr'><strong>cresceret,</strong></span> <span class='ocrx_word' id='word_1_66' title='bbox 2700 1276 2974 1353; x_wconf 80' lang='lat' dir='ltr'><strong>divorsi</strong></span> <span class='ocrx_word' id='word_1_67' title='bbox 3020 1282 3360 1383; x_wconf 83' lang='lat' dir='ltr'><strong>agebant.</strong></span> <span class='ocrx_word' id='word_1_68' title='bbox 3455 1286 3569 1359; x_wconf 87' lang='lat' dir='ltr'><strong>-Eo</strong></span> <span class='ocrx_word' id='word_1_69' title='bbox 3621 1298 3935 1388; x_wconf 75' lang='lat' dir='ltr'><strong>tempore</strong></span> 
     </span>
     <span class='ocr_line' id='line_1_10' title="bbox 1162 1397 3946 1510; baseline 0.001 -34"><span class='ocrx_word' id='word_1_70' title='bbox 1162 1398 1537 1507; x_wconf 82' lang='lat' dir='ltr'><strong>Iugurtha</strong></span> <span class='ocrx_word' id='word_1_71' title='bbox 1596 1427 1736 1505; x_wconf 86' lang='lat' dir='ltr'><strong>per</strong></span> <span class='ocrx_word' id='word_1_72' title='bbox 1792 1397 2007 1474; x_wconf 82' lang='lat' dir='ltr'><strong>coliis</strong></span> <span class='ocrx_word' id='word_1_73' title='bbox 2042 1400 2275 1502; x_wconf 68' lang='lat' dir='ltr'><strong>sequi</strong></span> <span class='ocrx_word' id='word_1_74' title='bbox 2303 1433 2345 1474; x_wconf 87' lang='lat'><strong>.:</strong></span> <span class='ocrx_word' id='word_1_75' title='bbox 2425 1417 2721 1504; x_wconf 86' lang='lat' dir='ltr'><strong>tempus</strong></span> <span class='ocrx_word' id='word_1_76' title='bbox 2768 1418 2908 1476; x_wconf 82' lang='lat' dir='ltr'><strong>aut</strong></span> <span class='ocrx_word' id='word_1_77' title='bbox 2953 1405 3211 1479; x_wconf 88' lang='lat' dir='ltr'><strong>locum</strong></span> <span class='ocrx_word' id='word_1_78' title='bbox 3255 1433 3530 1510; x_wconf 83' lang='lat' dir='ltr'><strong>pugnae</strong></span> <span class='ocrx_word' id='word_1_79' title='bbox 3580 1433 3900 1509; x_wconf 73' lang='lat' dir='ltr'><strong>quaerere</strong></span> <span class='ocrx_word' id='word_1_80' title='bbox 3930 1461 3946 1493; x_wconf 91' lang='lat'><strong><em>‚</em></strong></span> 
     </span>
     <span class='ocr_line' id='line_1_11' title="bbox 1165 1521 3947 1632; baseline 0.003 -36"><span class='ocrx_word' id='word_1_81' title='bbox 1165 1548 1321 1630; x_wconf 79' lang='lat' dir='ltr'><strong>qua</strong></span> <span class='ocrx_word' id='word_1_82' title='bbox 1383 1540 1796 1599; x_wconf 81' lang='lat' dir='ltr'><strong>venturum</strong></span> <span class='ocrx_word' id='word_1_83' title='bbox 1855 1521 2152 1599; x_wconf 87' lang='lat' dir='ltr'><strong>hostem</strong></span> <span class='ocrx_word' id='word_1_84' title='bbox 2221 1523 2618 1614; x_wconf 77' lang='lat' dir='ltr'><strong>audierat,</strong></span> <span class='ocrx_word' id='word_1_85' title='bbox 2675 1526 3191 1631; x_wconf 85' lang='lat' dir='ltr'><strong>pabulum-et</strong></span> <span class='ocrx_word' id='word_1_86' title='bbox 3240 1557 3617 1632; x_wconf 85' lang='lat' dir='ltr'><strong>aquarum</strong></span> <span class='ocrx_word' id='word_1_87' title='bbox 3663 1530 3892 1605; x_wconf 63' lang='lat' dir='ltr'><strong>fontes</strong></span> <span class='ocrx_word' id='word_1_88' title='bbox 3931 1586 3947 1616; x_wconf 90' lang='lat'><strong>‚</strong></span> 
     </span>
     <span class='ocr_line' id='line_1_12' title="bbox 1167 1647 3937 1754; baseline 0 -31"><span class='ocrx_word' id='word_1_89' title='bbox 1167 1674 1504 1753; x_wconf 86' lang='lat' dir='ltr'><strong>quorum</strong></span> <span class='ocrx_word' id='word_1_90' title='bbox 1561 1647 1884 1754; x_wconf 85' lang='lat' dir='ltr'><strong>penuria</strong></span> <span class='ocrx_word' id='word_1_91' title='bbox 1937 1665 2140 1737; x_wconf 86' lang='lat' dir='ltr'><strong>erat,</strong></span> <span class='ocrx_word' id='word_1_92' title='bbox 2180 1674 2667 1752; x_wconf 85' lang='lat' dir='ltr'><strong>corrumpere</strong></span> <span class='ocrx_word' id='word_1_93' title='bbox 2714 1682 2732 1723; x_wconf 67' lang='grc' dir='ltr'><strong><em>ι</em></strong></span> <span class='ocrx_word' id='word_1_94' title='bbox 2781 1649 3010 1726; x_wconf 89' lang='lat' dir='ltr'><strong>modo</strong></span> <span class='ocrx_word' id='word_1_95' title='bbox 3051 1676 3131 1727; x_wconf 85' lang='lat' dir='ltr'><strong>se</strong></span> <span class='ocrx_word' id='word_1_96' title='bbox 3171 1651 3524 1743; x_wconf 65' lang='lat' dir='ltr'><strong>Metello,</strong></span> <span class='ocrx_word' id='word_1_97' title='bbox 3568 1653 3937 1729; x_wconf 82' lang='lat' dir='ltr'><strong>interdum</strong></span> 
     </span>
     <span class='ocr_line' id='line_1_13' title="bbox 1165 1772 3941 1877; baseline 0 -29"><span class='ocrx_word' id='word_1_98' title='bbox 1165 1772 1416 1848; x_wconf 80' lang='lat' dir='ltr'><strong>Mario</strong></span> <span class='ocrx_word' id='word_1_99' title='bbox 1456 1772 1894 1866; x_wconf 69' lang='lat' dir='ltr'><strong>ostender-«33</strong></span> <span class='ocrx_word' id='word_1_100' title='bbox 1945 1788 2359 1876; x_wconf 85' lang='lat' dir='ltr'><strong>postremos</strong></span> <span class='ocrx_word' id='word_1_101' title='bbox 2388 1772 2474 1846; x_wconf 89' lang='lat' dir='ltr'><strong>in</strong></span> <span class='ocrx_word' id='word_1_102' title='bbox 2512 1772 2812 1876; x_wconf 80' lang='lat' dir='ltr'><strong>agmine</strong></span> <span class='ocrx_word' id='word_1_103' title='bbox 2860 1790 3225 1877; x_wconf 88' lang='lat' dir='ltr'><strong>temptare</strong></span> <span class='ocrx_word' id='word_1_104' title='bbox 3259 1804 3349 1850; x_wconf 87' lang='lat' dir='ltr'><strong>ac</strong></span> <span class='ocrx_word' id='word_1_105' title='bbox 3383 1777 3636 1851; x_wconf 88' lang='lat' dir='ltr'><strong>statim</strong></span> <span class='ocrx_word' id='word_1_106' title='bbox 3686 1777 3768 1851; x_wconf 90' lang='lat' dir='ltr'><strong>in</strong></span> <span class='ocrx_word' id='word_1_107' title='bbox 3806 1775 3941 1850; x_wconf 79' lang='lat' dir='ltr'>ool-</span> 
     </span>
     <span class='ocr_line' id='line_1_14' title="bbox 1167 1895 3945 2004; baseline 0 -31"><span class='ocrx_word' id='word_1_108' title='bbox 1167 1897 1276 1975; x_wconf 88' lang='lat' dir='ltr'><strong>les</strong></span> <span class='ocrx_word' id='word_1_109' title='bbox 1330 1896 1659 2004; x_wconf 83' lang='lat' dir='ltr'><strong>regredi3</strong></span> <span class='ocrx_word' id='word_1_110' title='bbox 1705 1922 1969 1974; x_wconf 88' lang='lat' dir='ltr'><strong>rursus</strong></span> <span class='ocrx_word' id='word_1_111' title='bbox 2020 1896 2235 1987; x_wconf 88' lang='lat' dir='ltr'><strong>aliis,</strong></span> <span class='ocrx_word' id='word_1_112' title='bbox 2278 1910 2452 2001; x_wconf 87' lang='lat' dir='ltr'><strong>post</strong></span> <span class='ocrx_word' id='word_1_113' title='bbox 2504 1895 2674 1972; x_wconf 88' lang='lat' dir='ltr'><strong>aliis</strong></span> <span class='ocrx_word' id='word_1_114' title='bbox 2738 1897 3128 1973; x_wconf 87' lang='lat' dir='ltr'><strong>minitari:</strong></span> <span class='ocrx_word' id='word_1_115' title='bbox 3177 1926 3427 2003; x_wconf 85' lang='lat' dir='ltr'><strong>neque</strong></span> <span class='ocrx_word' id='word_1_116' title='bbox 3465 1900 3810 2004; x_wconf 83' lang='lat' dir='ltr'><strong>praelium</strong></span> <span class='ocrx_word' id='word_1_117' title='bbox 3847 1898 3945 1974; x_wconf 64' lang='lat' dir='ltr'><strong>fi-</strong></span> 
     </span>
     <span class='ocr_line' id='line_1_15' title="bbox 1169 2018 3941 2128; baseline -0.001 -29"><span class='ocrx_word' id='word_1_118' title='bbox 1169 2047 1377 2115; x_wconf 84' lang='lat' dir='ltr'><strong>cere,</strong></span> <span class='ocrx_word' id='word_1_119' title='bbox 1417 2048 1668 2127; x_wconf 84' lang='lat' dir='ltr'><strong>neque</strong></span> <span class='ocrx_word' id='word_1_120' title='bbox 1713 2022 1960 2097; x_wconf 90' lang='lat' dir='ltr'><strong>otium</strong></span> <span class='ocrx_word' id='word_1_121' title='bbox 1989 2020 2151 2126; x_wconf 88' lang='lat' dir='ltr'><strong>pati</strong></span> <span class='ocrx_word' id='word_1_122' title='bbox 2171 2052 2193 2113; x_wconf 83' lang='lat'>3</span> <span class='ocrx_word' id='word_1_123' title='bbox 2239 2020 2773 2097; x_wconf 87' lang='lat' dir='ltr'><strong>tantummodo</strong></span> <span class='ocrx_word' id='word_1_124' title='bbox 2810 2018 3103 2096; x_wconf 85' lang='lat' dir='ltr'><strong>bostem</strong></span> <span class='ocrx_word' id='word_1_125' title='bbox 3149 2023 3249 2097; x_wconf 91' lang='lat' dir='ltr'><strong>ab</strong></span> <span class='ocrx_word' id='word_1_126' title='bbox 3284 2021 3586 2128; x_wconf 83' lang='lat' dir='ltr'><strong>incepto</strong></span> <span class='ocrx_word' id='word_1_127' title='bbox 3624 2025 3941 2099; x_wconf 78' lang='lat' dir='ltr'><strong>retinere.</strong></span> 
     </span>
    </p>
   </div>
   <div class='ocr_carea' id='block_1_4' title="bbox 1078 2144 3944 2251">
    <p class='ocr_par' dir='ltr' id='par_1_4' title="bbox 1078 2144 3944 2251">
     <span class='ocr_line' id='line_1_16' title="bbox 1078 2144 3944 2251; baseline 0.001 -34"><span class='ocrx_word' id='word_1_128' title='bbox 1078 2155 1153 2218; x_wconf 72' lang='lat'><strong>56</strong></span> <span class='ocrx_word' id='word_1_129' title='bbox 1184 2150 1572 2225; x_wconf 83' lang='lat' dir='ltr'><strong>Romanus</strong></span> <span class='ocrx_word' id='word_1_130' title='bbox 1624 2146 2042 2250; x_wconf 85' lang='lat' dir='ltr'><strong>imperator</strong></span> <span class='ocrx_word' id='word_1_131' title='bbox 2076 2145 2214 2220; x_wconf 86' lang='lat' dir='ltr'><strong>ubi</strong></span> <span class='ocrx_word' id='word_1_132' title='bbox 2268 2172 2347 2220; x_wconf 88' lang='lat' dir='ltr'><strong>se</strong></span> <span class='ocrx_word' id='word_1_133' title='bbox 2404 2144 2598 2221; x_wconf 87' lang='lat' dir='ltr'><strong>dolis</strong></span> <span class='ocrx_word' id='word_1_134' title='bbox 2667 2145 2966 2250; x_wconf 85' lang='lat' dir='ltr'><strong>fatigari</strong></span> <span class='ocrx_word' id='word_1_135' title='bbox 3012 2145 3253 2238; x_wconf 81' lang='lat' dir='ltr'><strong>videt,</strong></span> <span class='ocrx_word' id='word_1_136' title='bbox 3314 2175 3562 2251; x_wconf 88' lang='lat' dir='ltr'><strong>neque</strong></span> <span class='ocrx_word' id='word_1_137' title='bbox 3606 2148 3703 2223; x_wconf 85' lang='lat' dir='ltr'><strong>ab</strong></span> <span class='ocrx_word' id='word_1_138' title='bbox 3753 2145 3944 2221; x_wconf 82' lang='lat' dir='ltr'><strong>hoste</strong></span> 
     </span>
    </p>
   </div>
   <div class='ocr_carea' id='block_1_5' title="bbox 1164 2259 3945 3245">
    <p class='ocr_par' dir='ltr' id='par_1_5' title="bbox 1164 2259 3945 3245">
     <span class='ocr_line' id='line_1_17' title="bbox 1169 2259 3942 2381; baseline -0.004 -29"><span class='ocrx_word' id='word_1_139' title='bbox 1169 2275 1472 2381; x_wconf 74' lang='lat' dir='ltr'><strong>copiam</strong></span> <span class='ocrx_word' id='word_1_140' title='bbox 1519 2269 1919 2378; x_wconf 86' lang='lat' dir='ltr'><strong>pugnandi</strong></span> <span class='ocrx_word' id='word_1_141' title='bbox 1975 2269 2181 2361; x_wconf 80' lang='lat' dir='ltr'><strong>fieri3</strong></span> <span class='ocrx_word' id='word_1_142' title='bbox 2230 2271 2505 2344; x_wconf 88' lang='lat' dir='ltr'><strong>urbem</strong></span> <span class='ocrx_word' id='word_1_143' title='bbox 2537 2296 2892 2374; x_wconf 89' lang='lat' dir='ltr'><strong>magnam</strong></span> <span class='ocrx_word' id='word_1_144' title='bbox 2922 2284 3001 2344; x_wconf 86' lang='lat' dir='ltr'><strong>et</strong></span> <span class='ocrx_word' id='word_1_145' title='bbox 3060 2270 3143 2345; x_wconf 87' lang='lat' dir='ltr'><strong>in</strong></span> <span class='ocrx_word' id='word_1_146' title='bbox 3197 2296 3302 2381; x_wconf 40' lang='lat' dir='ltr'><strong>ea·</strong></span> <span class='ocrx_word' id='word_1_147' title='bbox 3325 2259 3567 2375; x_wconf 83' lang='lat' dir='ltr'><strong>parte,</strong></span> <span class='ocrx_word' id='word_1_148' title='bbox 3620 2299 3768 2375; x_wconf 87' lang='lat' dir='ltr'><strong>qua</strong></span> <span class='ocrx_word' id='word_1_149' title='bbox 3814 2271 3942 2344; x_wconf 85' lang='lat' dir='ltr'><strong>sita</strong></span> 
     </span>
     <span class='ocr_line' id='line_1_18' title="bbox 1164 2392 3941 2501; baseline -0.003 -25"><span class='ocrx_word' id='word_1_150' title='bbox 1164 2415 1359 2491; x_wconf 82' lang='lat' dir='ltr'><strong>erat,</strong></span> <span class='ocrx_word' id='word_1_151' title='bbox 1408 2424 1661 2474; x_wconf 83' lang='lat' dir='ltr'><strong>arcem</strong></span> <span class='ocrx_word' id='word_1_152' title='bbox 1711 2395 1954 2501; x_wconf 83' lang='lat' dir='ltr'><strong>regni,</strong></span> <span class='ocrx_word' id='word_1_153' title='bbox 2003 2394 2331 2470; x_wconf 81' lang='lat' dir='ltr'><strong>nomine</strong></span> <span class='ocrx_word' id='word_1_154' title='bbox 2357 2396 2719 2483; x_wconf 89' lang='lat' dir='ltr'><strong>Zamam,</strong></span> <span class='ocrx_word' id='word_1_155' title='bbox 2764 2394 3031 2469; x_wconf 81' lang='lat' dir='ltr'><strong>statuit</strong></span> <span class='ocrx_word' id='word_1_156' title='bbox 3072 2421 3543 2500; x_wconf 83' lang='lat' dir='ltr'><strong>oppugnare3</strong></span> <span class='ocrx_word' id='word_1_157' title='bbox 3590 2411 3790 2471; x_wconf 85' lang='lat' dir='ltr'><strong>ratus</strong></span> <span class='ocrx_word' id='word_1_158' title='bbox 3834 2392 3941 2480; x_wconf 80' lang='lat' dir='ltr'><strong>id,</strong></span> 
     </span>
     <span class='ocr_line' id='line_1_19' title="bbox 1166 2516 3941 2639; baseline -0.004 -40"><span class='ocrx_word' id='word_1_159' title='bbox 1166 2523 1379 2629; x_wconf 81' lang='lat' dir='ltr'><strong>quod</strong></span> <span class='ocrx_word' id='word_1_160' title='bbox 1446 2520 1841 2639; x_wconf 82' lang='lat' dir='ltr'><strong>negotium</strong></span> <span class='ocrx_word' id='word_1_161' title='bbox 1895 2520 2253 2625; x_wconf 84' lang='lat' dir='ltr'><strong>poscebat</strong></span> <span class='ocrx_word' id='word_1_162' title='bbox 2291 2575 2311 2610; x_wconf 90' lang='lat'>,</span> <span class='ocrx_word' id='word_1_163' title='bbox 2370 2516 2826 2622; x_wconf 84' lang='lat' dir='ltr'><strong>Iugurtham</strong></span> <span class='ocrx_word' id='word_1_164' title='bbox 2868 2518 3393 2593; x_wconf 85' lang='lat' dir='ltr'><strong>laborantibus</strong></span> <span class='ocrx_word' id='word_1_165' title='bbox 3462 2518 3615 2593; x_wconf 87' lang='lat' dir='ltr'><strong>suis</strong></span> <span class='ocrx_word' id='word_1_166' title='bbox 3680 2516 3941 2593; x_wconf 81' lang='lat' dir='ltr'><strong>auxilio</strong></span> 
     </span>
     <span class='ocr_line' id='line_1_20' title="bbox 1167 2639 3937 2747; baseline -0.004 -23"><span class='ocrx_word' id='word_1_167' title='bbox 1167 2662 1581 2724; x_wconf 79' lang='lat' dir='ltr'><strong>venturum</strong></span> <span class='ocrx_word' id='word_1_168' title='bbox 1638 2643 1897 2746; x_wconf 82' lang='lat' dir='ltr'><strong>ibique</strong></span> <span class='ocrx_word' id='word_1_169' title='bbox 1984 2643 2344 2747; x_wconf 85' lang='lat' dir='ltr'><strong>proelium</strong></span> <span class='ocrx_word' id='word_1_170' title='bbox 2407 2640 2583 2716; x_wconf 86' lang='lat' dir='ltr'><strong>fore.</strong></span> <span class='ocrx_word' id='word_1_171' title='bbox 2684 2644 2784 2716; x_wconf 86' lang='lat' dir='ltr'><strong>At</strong></span> <span class='ocrx_word' id='word_1_172' title='bbox 2859 2639 2987 2716; x_wconf 90' lang='lat' dir='ltr'><strong>ille</strong></span> <span class='ocrx_word' id='word_1_173' title='bbox 3028 2697 3048 2730; x_wconf 87' lang='lat'>,</span> <span class='ocrx_word' id='word_1_174' title='bbox 3107 2668 3300 2744; x_wconf 68' lang='lat' dir='ltr'><strong>quae,</strong></span> <span class='ocrx_word' id='word_1_175' title='bbox 3347 2641 3810 2745; x_wconf 81' lang='lat' dir='ltr'><strong>parabantur</strong></span> <span class='ocrx_word' id='word_1_176' title='bbox 3837 2697 3854 2731; x_wconf 95' lang='lat'>‚</span> <span class='ocrx_word' id='word_1_177' title='bbox 3897 2666 3937 2713; x_wconf 91' lang='lat' dir='ltr'><strong>a</strong></span> 
     </span>
     <span class='ocr_line' id='line_1_21' title="bbox 1175 2765 3945 2877; baseline -0.002 -32"><span class='ocrx_word' id='word_1_178' title='bbox 1175 2769 1508 2877; x_wconf 83' lang='lat' dir='ltr'><strong>perfugis</strong></span> <span class='ocrx_word' id='word_1_179' title='bbox 1556 2767 1897 2857; x_wconf 82' lang='lat' dir='ltr'><strong>edoctus,</strong></span> <span class='ocrx_word' id='word_1_180' title='bbox 1960 2768 2253 2871; x_wconf 86' lang='lat' dir='ltr'><strong>magnis</strong></span> <span class='ocrx_word' id='word_1_181' title='bbox 2291 2766 2696 2841; x_wconf 85' lang='lat' dir='ltr'><strong>itineribus</strong></span> <span class='ocrx_word' id='word_1_182' title='bbox 2747 2765 3143 2841; x_wconf 86' lang='lat' dir='ltr'><strong>Metellum</strong></span> <span class='ocrx_word' id='word_1_183' title='bbox 3188 2765 3610 2859; x_wconf 76' lang='lat' dir='ltr'><strong>antevenit3</strong></span> <span class='ocrx_word' id='word_1_184' title='bbox 3658 2765 3945 2871; x_wconf 83' lang='lat' dir='ltr'><strong>oppida·</strong></span> 
     </span>
     <span class='ocr_line' id='line_1_22' title="bbox 1172 2886 3942 2995; baseline -0.004 -23"><span class='ocrx_word' id='word_1_185' title='bbox 1172 2919 1312 2972; x_wconf 87' lang='lat' dir='ltr'><strong>nos</strong></span> <span class='ocrx_word' id='word_1_186' title='bbox 1366 2892 1762 2981; x_wconf 81' lang='lat' dir='ltr'><strong>hortatur,</strong></span> <span class='ocrx_word' id='word_1_187' title='bbox 1811 2891 2099 2966; x_wconf 86' lang='lat' dir='ltr'><strong>moenia</strong></span> <span class='ocrx_word' id='word_1_188' title='bbox 2155 2890 2608 2980; x_wconf 85' lang='lat' dir='ltr'><strong>defendant,</strong></span> <span class='ocrx_word' id='word_1_189' title='bbox 2660 2888 2936 2965; x_wconf 86' lang='lat' dir='ltr'><strong>additis</strong></span> <span class='ocrx_word' id='word_1_190' title='bbox 2996 2889 3279 2965; x_wconf 87' lang='lat' dir='ltr'><strong>auxilio</strong></span> <span class='ocrx_word' id='word_1_191' title='bbox 3350 2889 3677 2995; x_wconf 87' lang='lat' dir='ltr'><strong>perfugis</strong></span> <span class='ocrx_word' id='word_1_192' title='bbox 3699 2922 3720 2985; x_wconf 84' lang='lat'>3</span> <span class='ocrx_word' id='word_1_193' title='bbox 3754 2886 3942 2993; x_wconf 80' lang='lat' dir='ltr'><strong>quod</strong></span> 
     </span>
     <span class='ocr_line' id='line_1_23' title="bbox 1173 3012 3939 3123; baseline -0.003 -31"><span class='ocrx_word' id='word_1_194' title='bbox 1173 3044 1407 3123; x_wconf 77' lang='lat' dir='ltr'><strong>genus</strong></span> <span class='ocrx_word' id='word_1_195' title='bbox 1469 3043 1561 3092; x_wconf 81' lang='lat' dir='ltr'><strong>ex</strong></span> <span class='ocrx_word' id='word_1_196' title='bbox 1617 3012 1851 3119; x_wconf 86' lang='lat' dir='ltr'><strong>copiis</strong></span> <span class='ocrx_word' id='word_1_197' title='bbox 1901 3012 2136 3118; x_wconf 88' lang='lat' dir='ltr'><strong>regis,</strong></span> <span class='ocrx_word' id='word_1_198' title='bbox 2195 3014 2378 3118; x_wconf 86' lang='lat' dir='ltr'><strong>quia</strong></span> <span class='ocrx_word' id='word_1_199' title='bbox 2439 3013 2707 3089; x_wconf 81' lang='lat' dir='ltr'><strong>fallere</strong></span> <span class='ocrx_word' id='word_1_200' title='bbox 2752 3014 3164 3116; x_wconf 84' lang='lat' dir='ltr'><strong>nequibat,</strong></span> <span class='ocrx_word' id='word_1_201' title='bbox 3212 3013 3743 3090; x_wconf 87' lang='lat' dir='ltr'><strong>firmissumum</strong></span> <span class='ocrx_word' id='word_1_202' title='bbox 3785 3028 3939 3089; x_wconf 74' lang='lat' dir='ltr'><strong>erat</strong></span> 
     </span>
     <span class='ocr_line' id='line_1_24' title="bbox 1171 3136 3937 3245; baseline -0.004 -27"><span class='ocrx_word' id='word_1_203' title='bbox 1171 3146 1531 3218; x_wconf 84' lang='lat' dir='ltr'><strong>Proeterea</strong></span> <span class='ocrx_word' id='word_1_204' title='bbox 1568 3139 1978 3245; x_wconf 83' lang='lat' dir='ltr'><strong>pollicetur</strong></span> <span class='ocrx_word' id='word_1_205' title='bbox 2009 3137 2096 3214; x_wconf 88' lang='lat' dir='ltr'><strong>in</strong></span> <span class='ocrx_word' id='word_1_206' title='bbox 2151 3153 2490 3244; x_wconf 83' lang='lat' dir='ltr'><strong>tempore</strong></span> <span class='ocrx_word' id='word_1_207' title='bbox 2553 3152 2786 3215; x_wconf 84' lang='lat' dir='ltr'><strong>semet</strong></span> <span class='ocrx_word' id='word_1_208' title='bbox 2866 3165 3044 3214; x_wconf 91' lang='lat' dir='ltr'><strong>cum</strong></span> <span class='ocrx_word' id='word_1_209' title='bbox 3106 3138 3438 3215; x_wconf 83' lang='lat' dir='ltr'><strong>exercitu</strong></span> <span class='ocrx_word' id='word_1_210' title='bbox 3483 3136 3754 3214; x_wconf 84' lang='lat' dir='ltr'><strong>adfore.</strong></span> <span class='ocrx_word' id='word_1_211' title='bbox 3843 3140 3937 3210; x_wconf 88' lang='lat' dir='ltr'><strong>Ita</strong></span> 
     </span>
    </p>
   </div>
   <div class='ocr_carea' id='block_1_6' title="bbox 1172 3320 3981 3944">
    <p class='ocr_par' dir='ltr' id='par_1_6' title="bbox 1172 3320 3981 3944">
     <span class='ocr_line' id='line_1_25' title="bbox 1172 3320 3940 3420; baseline -0.004 -17"><span class='ocrx_word' id='word_1_212' title='bbox 1172 3341 1341 3403; x_wconf 75' lang='lat' dir='ltr'><strong>Rem.</strong></span> <span class='ocrx_word' id='word_1_213' title='bbox 1370 3363 1422 3404; x_wconf 98' lang='grc'><strong>3.</strong></span> <span class='ocrx_word' id='word_1_214' title='bbox 1484 3340 1679 3401; x_wconf 75' lang='lat' dir='ltr'><strong>Guels.</strong></span> <span class='ocrx_word' id='word_1_215' title='bbox 1706 3338 1760 3411; x_wconf 73' lang='grc'><strong>4.</strong></span> <span class='ocrx_word' id='word_1_216' title='bbox 1821 3335 1989 3398; x_wconf 83' lang='lat' dir='ltr'><strong>Bcrn.</strong></span> <span class='ocrx_word' id='word_1_217' title='bbox 2012 3336 2070 3399; x_wconf 85' lang='lat'><strong>3.</strong></span> <span class='ocrx_word' id='word_1_218' title='bbox 2114 3336 2339 3397; x_wconf 76' lang='lat' dir='ltr'><strong>clarior</strong></span> <span class='ocrx_word' id='word_1_219' title='bbox 2368 3338 2781 3398; x_wconf 74' lang='lat' dir='ltr'><strong>erat-anxius</strong></span> <span class='ocrx_word' id='word_1_220' title='bbox 2819 3320 2965 3398; x_wconf 71' lang='lat' dir='ltr'><strong>erat.</strong></span> <span class='ocrx_word' id='word_1_221' title='bbox 3018 3345 3146 3412; x_wconf 66' lang='lat' dir='ltr'><strong>crat</strong></span> <span class='ocrx_word' id='word_1_222' title='bbox 3184 3338 3495 3420; x_wconf 84' lang='lat' dir='ltr'><strong>posteriore</strong></span> <span class='ocrx_word' id='word_1_223' title='bbox 3520 3340 3653 3398; x_wconf 84' lang='lat'><em>1000</em></span> <span class='ocrx_word' id='word_1_224' title='bbox 3688 3337 3940 3396; x_wconf 74' lang='lat' dir='ltr'><strong>omittunt</strong></span> 
     </span>
     <span class='ocr_line' id='line_1_26' title="bbox 1176 3439 3941 3527; baseline -0.004 -18"><span class='ocrx_word' id='word_1_225' title='bbox 1176 3443 1341 3509; x_wconf 59' lang='lat' dir='ltr'><strong>rabi.</strong></span> <span class='ocrx_word' id='word_1_226' title='bbox 1386 3448 1575 3527; x_wconf 77' lang='lat' dir='ltr'><strong>priore</strong></span> <span class='ocrx_word' id='word_1_227' title='bbox 1604 3466 1727 3506; x_wconf 85' lang='lat' dir='ltr'><strong>om.</strong></span> <span class='ocrx_word' id='word_1_228' title='bbox 1763 3442 1931 3502; x_wconf 84' lang='lat' dir='ltr'><strong>Grut.</strong></span> <span class='ocrx_word' id='word_1_229' title='bbox 1973 3442 2422 3504; x_wconf 80' lang='lat' dir='ltr'><strong>Wass.11averc.</strong></span> <span class='ocrx_word' id='word_1_230' title='bbox 2466 3444 2628 3503; x_wconf 79' lang='lat' dir='ltr'><strong>Leid.</strong></span> <span class='ocrx_word' id='word_1_231' title='bbox 2654 3465 2708 3502; x_wconf 88' lang='lat' dir='ltr'><strong>a.</strong></span> <span class='ocrx_word' id='word_1_232' title='bbox 2739 3442 2802 3501; x_wconf 91' lang='lat' dir='ltr'><strong>b.</strong></span> <span class='ocrx_word' id='word_1_233' title='bbox 2836 3465 2888 3503; x_wconf 86' lang='lat' dir='ltr'><strong>c.</strong></span> <span class='ocrx_word' id='word_1_234' title='bbox 2925 3442 2984 3501; x_wconf 86' lang='lat' dir='ltr'><strong>d.</strong></span> <span class='ocrx_word' id='word_1_235' title='bbox 3018 3463 3070 3503; x_wconf 85' lang='lat' dir='ltr'><strong>e.</strong></span> <span class='ocrx_word' id='word_1_236' title='bbox 3099 3443 3140 3501; x_wconf 85' lang='lat' dir='ltr'><strong>s.</strong></span> <span class='ocrx_word' id='word_1_237' title='bbox 3176 3464 3233 3525; x_wconf 86' lang='lat' dir='ltr'><strong>g.</strong></span> <span class='ocrx_word' id='word_1_238' title='bbox 3263 3440 3326 3502; x_wconf 90' lang='lat' dir='ltr'><strong>h.</strong></span> <span class='ocrx_word' id='word_1_239' title='bbox 3360 3441 3417 3501; x_wconf 84' lang='lat' dir='ltr'><strong>k.</strong></span> <span class='ocrx_word' id='word_1_240' title='bbox 3456 3441 3699 3503; x_wconf 74' lang='lat' dir='ltr'><strong>Bern.3.</strong></span> <span class='ocrx_word' id='word_1_241' title='bbox 3738 3439 3941 3500; x_wconf 75' lang='lat' dir='ltr'><strong>animm</strong></span> 
     </span>
     <span class='ocr_line' id='line_1_27' title="bbox 1178 3534 3981 3630; baseline -0.002 -21"><span class='ocrx_word' id='word_1_242' title='bbox 1178 3550 1389 3610; x_wconf 65' lang='lat' dir='ltr'><strong>anxius</strong></span> <span class='ocrx_word' id='word_1_243' title='bbox 1429 3551 1561 3609; x_wconf 70' lang='grc' dir='ltr'><strong>ΝΜ..</strong></span> <span class='ocrx_word' id='word_1_244' title='bbox 1605 3549 1897 3608; x_wconf 82' lang='lat' dir='ltr'><strong>Commol.</strong></span> <span class='ocrx_word' id='word_1_245' title='bbox 1941 3546 2117 3606; x_wconf 77' lang='lat' dir='ltr'><strong>Palat.</strong></span> <span class='ocrx_word' id='word_1_246' title='bbox 2146 3565 2200 3607; x_wconf 82' lang='lat'><strong>2.</strong></span> <span class='ocrx_word' id='word_1_247' title='bbox 2245 3546 2442 3606; x_wconf 79' lang='lat' dir='ltr'><strong>Peml).</strong></span> <span class='ocrx_word' id='word_1_248' title='bbox 2477 3545 2702 3607; x_wconf 82' lang='lat' dir='ltr'><strong>Arond.</strong></span> <span class='ocrx_word' id='word_1_249' title='bbox 2742 3546 2885 3630; x_wconf 85' lang='lat' dir='ltr'><strong>Reg.</strong></span> <span class='ocrx_word' id='word_1_250' title='bbox 2943 3548 3204 3614; x_wconf 84' lang='lat' dir='ltr'><strong>Mark.1·.</strong></span> <span class='ocrx_word' id='word_1_251' title='bbox 3234 3558 3305 3611; x_wconf 77' lang='lat' dir='ltr'><strong>A.</strong></span> <span class='ocrx_word' id='word_1_252' title='bbox 3345 3549 3569 3629; x_wconf 82' lang='lat' dir='ltr'><strong>atiquot</strong></span> <span class='ocrx_word' id='word_1_253' title='bbox 3588 3547 3803 3608; x_wconf 69' lang='lat' dir='ltr'><strong>W&#39;assii.</strong></span> <span class='ocrx_word' id='word_1_254' title='bbox 3856 3544 3941 3604; x_wconf 77' lang='lat' dir='ltr'><strong>Ac.</strong></span> <span class='ocrx_word' id='word_1_255' title='bbox 3969 3534 3981 3543; x_wconf 57' lang='grc'><strong><em>’</em></strong></span> 
     </span>
     <span class='ocr_line' id='line_1_28' title="bbox 1175 3648 3944 3734; baseline -0.003 -17"><span class='ocrx_word' id='word_1_256' title='bbox 1175 3655 1371 3717; x_wconf 72' lang='lat' dir='ltr'><strong>senat.</strong></span> <span class='ocrx_word' id='word_1_257' title='bbox 1403 3675 1452 3714; x_wconf 82' lang='grc' dir='ltr'><strong>ι.</strong></span> <span class='ocrx_word' id='word_1_258' title='bbox 1494 3654 1686 3713; x_wconf 79' lang='lat' dir='ltr'><strong>Guelf.</strong></span> <span class='ocrx_word' id='word_1_259' title='bbox 1717 3675 1765 3714; x_wconf 82' lang='grc' dir='ltr'><strong>ι.</strong></span> <span class='ocrx_word' id='word_1_260' title='bbox 1793 3675 1852 3734; x_wconf 83' lang='grc'><strong>9.</strong></span> <span class='ocrx_word' id='word_1_261' title='bbox 1914 3670 2025 3731; x_wconf 77' lang='lat' dir='ltr'><strong>qno</strong></span> <span class='ocrx_word' id='word_1_262' title='bbox 2062 3650 2287 3711; x_wconf 74' lang='lat' dir='ltr'><strong>clarior·</strong></span> <span class='ocrx_word' id='word_1_263' title='bbox 2319 3660 2374 3710; x_wconf 78' lang='lat' dir='ltr'><strong>et</strong></span> <span class='ocrx_word' id='word_1_264' title='bbox 2411 3652 2600 3732; x_wconf 74' lang='lat' dir='ltr'><strong>magis</strong></span> <span class='ocrx_word' id='word_1_265' title='bbox 2636 3651 2849 3712; x_wconf 74' lang='lat' dir='ltr'><strong>anoeae&#39;us</strong></span> <span class='ocrx_word' id='word_1_266' title='bbox 2873 3661 3001 3714; x_wconf 73' lang='lat' dir='ltr'><strong>erat</strong></span> <span class='ocrx_word' id='word_1_267' title='bbox 3061 3652 3230 3713; x_wconf 84' lang='lat' dir='ltr'><strong>Bern.</strong></span> <span class='ocrx_word' id='word_1_268' title='bbox 3265 3673 3315 3711; x_wconf 84' lang='lat'><strong>1.</strong></span> <span class='ocrx_word' id='word_1_269' title='bbox 3371 3651 3562 3711; x_wconf 81' lang='lat' dir='ltr'><strong>animi</strong></span> <span class='ocrx_word' id='word_1_270' title='bbox 3584 3652 3792 3713; x_wconf 74' lang='lat' dir='ltr'><strong>anxias</strong></span> <span class='ocrx_word' id='word_1_271' title='bbox 3823 3648 3944 3708; x_wconf 71' lang='lat' dir='ltr'><strong>Gott</strong></span> 
     </span>
     <span class='ocr_line' id='line_1_29' title="bbox 1180 3753 3941 3847; baseline -0.001 -26"><span class='ocrx_word' id='word_1_272' title='bbox 1180 3759 1411 3821; x_wconf 71' lang='lat' dir='ltr'><strong>animus</strong></span> <span class='ocrx_word' id='word_1_273' title='bbox 1435 3756 1552 3818; x_wconf 66' lang='lat' dir='ltr'><strong>cius</strong></span> <span class='ocrx_word' id='word_1_274' title='bbox 1593 3757 1714 3821; x_wconf 77' lang='lat' dir='ltr'><strong>Bas.</strong></span> <span class='ocrx_word' id='word_1_275' title='bbox 1740 3757 1796 3828; x_wconf 73' lang='grc'><strong>4.</strong></span> <span class='ocrx_word' id='word_1_276' title='bbox 1840 3756 2026 3836; x_wconf 75' lang='lat' dir='ltr'><strong>magis</strong></span> <span class='ocrx_word' id='word_1_277' title='bbox 2061 3756 2384 3817; x_wconf 71' lang='lat' dir='ltr'><strong>animosior·</strong></span> <span class='ocrx_word' id='word_1_278' title='bbox 2414 3767 2540 3816; x_wconf 77' lang='lat' dir='ltr'><strong>erat</strong></span> <span class='ocrx_word' id='word_1_279' title='bbox 2579 3757 2716 3847; x_wconf 77' lang='lat' dir='ltr'><strong>Tur.</strong></span> <span class='ocrx_word' id='word_1_280' title='bbox 2759 3780 2840 3817; x_wconf 88' lang='lat' dir='ltr'><strong>m.</strong></span> <span class='ocrx_word' id='word_1_281' title='bbox 2866 3779 2958 3840; x_wconf 85' lang='lat' dir='ltr'><strong>pr.</strong></span> <span class='ocrx_word' id='word_1_282' title='bbox 3001 3758 3167 3821; x_wconf 85' lang='lat' dir='ltr'><strong>Fabr.</strong></span> <span class='ocrx_word' id='word_1_283' title='bbox 3195 3779 3249 3823; x_wconf 83' lang='lat'><strong>1.</strong></span> <span class='ocrx_word' id='word_1_284' title='bbox 3291 3779 3371 3823; x_wconf 81' lang='lat' dir='ltr'><strong>m.</strong></span> <span class='ocrx_word' id='word_1_285' title='bbox 3393 3777 3482 3839; x_wconf 89' lang='lat' dir='ltr'><strong>pr.</strong></span> <span class='ocrx_word' id='word_1_286' title='bbox 3539 3765 3803 3818; x_wconf 71' lang='lat' dir='ltr'><strong>creseere!</strong></span> <span class='ocrx_word' id='word_1_287' title='bbox 3832 3753 3941 3812; x_wconf 64' lang='lat' dir='ltr'><strong>Ra-</strong></span> 
     </span>
     <span class='ocr_line' id='line_1_30' title="bbox 1182 3860 2870 3944; baseline -0.002 -19"><span class='ocrx_word' id='word_1_288' title='bbox 1182 3886 1334 3932; x_wconf 76' lang='lat' dir='ltr'><strong>vore.</strong></span> <span class='ocrx_word' id='word_1_289' title='bbox 1373 3864 1584 3936; x_wconf 71' lang='lat' dir='ltr'><strong>edidit,</strong></span> <span class='ocrx_word' id='word_1_290' title='bbox 1627 3863 1702 3921; x_wconf 77' lang='lat' dir='ltr'><strong>ita</strong></span> <span class='ocrx_word' id='word_1_291' title='bbox 1730 3883 1930 3921; x_wconf 83' lang='lat' dir='ltr'><strong>omues</strong></span> <span class='ocrx_word' id='word_1_292' title='bbox 1959 3862 2127 3921; x_wconf 79' lang='lat' dir='ltr'><strong>Paris.</strong></span> <span class='ocrx_word' id='word_1_293' title='bbox 2168 3860 2305 3944; x_wconf 77' lang='lat' dir='ltr'><strong>Tcg.</strong></span> <span class='ocrx_word' id='word_1_294' title='bbox 2347 3872 2664 3922; x_wconf 75' lang='lat' dir='ltr'><strong>crescerent</strong></span> <span class='ocrx_word' id='word_1_295' title='bbox 2707 3862 2870 3928; x_wconf 82' lang='lat' dir='ltr'><strong>Cort.</strong></span> 
     </span>
    </p>
   </div>
   <div class='ocr_carea' id='block_1_7' title="bbox 1189 3985 3939 4391">
    <p class='ocr_par' dir='ltr' id='par_1_7' title="bbox 1189 3985 3939 4391">
     <span class='ocr_line' id='line_1_31' title="bbox 1352 3985 3939 4075; baseline -0.004 -21"><span class='ocrx_word' id='word_1_296' title='bbox 1352 3992 1499 4075; x_wconf 80' lang='lat' dir='ltr'><strong>Cap.</strong></span> <span class='ocrx_word' id='word_1_297' title='bbox 1528 3993 1623 4052; x_wconf 76' lang='lat'><strong>50.</strong></span> <span class='ocrx_word' id='word_1_298' title='bbox 1663 3991 1784 4052; x_wconf 69' lang='lat' dir='ltr'><em>dol.</em></span> <span class='ocrx_word' id='word_1_299' title='bbox 1807 3992 2142 4071; x_wconf 63' lang='lat' dir='ltr'><strong>scuigatum</strong></span> <span class='ocrx_word' id='word_1_300' title='bbox 2183 3992 2356 4050; x_wconf 78' lang='lat' dir='ltr'><strong>multi</strong></span> <span class='ocrx_word' id='word_1_301' title='bbox 2375 3990 2539 4051; x_wconf 80' lang='lat' dir='ltr'><strong>Leid.</strong></span> <span class='ocrx_word' id='word_1_302' title='bbox 2575 3990 2751 4051; x_wconf 75' lang='lat' dir='ltr'><strong>addit</strong></span> <span class='ocrx_word' id='word_1_303' title='bbox 2787 3990 2879 4051; x_wconf 74' lang='lat' dir='ltr'><strong>his</strong></span> <span class='ocrx_word' id='word_1_304' title='bbox 2906 4012 3047 4053; x_wconf 69' lang='lat' dir='ltr'><strong>aux.</strong></span> <span class='ocrx_word' id='word_1_305' title='bbox 3071 3994 3349 4074; x_wconf 64' lang='lat' dir='ltr'><strong>perfugus</strong></span> <span class='ocrx_word' id='word_1_306' title='bbox 3382 3992 3519 4052; x_wconf 75' lang='lat' dir='ltr'><strong>vin.</strong></span> <span class='ocrx_word' id='word_1_307' title='bbox 3544 4012 3595 4051; x_wconf 83' lang='lat'><strong>2.</strong></span> <span class='ocrx_word' id='word_1_308' title='bbox 3636 4009 3779 4051; x_wconf 80' lang='lat' dir='ltr'><strong>unus</strong></span> <span class='ocrx_word' id='word_1_309' title='bbox 3793 3985 3939 4046; x_wconf 70' lang='lat' dir='ltr'><strong>mvii.</strong></span> 
     </span>
     <span class='ocr_line' id='line_1_32' title="bbox 1189 4094 3935 4182; baseline -0.003 -22"><span class='ocrx_word' id='word_1_310' title='bbox 1189 4098 1321 4182; x_wconf 67' lang='lat' dir='ltr'><strong>(aad</strong></span> <span class='ocrx_word' id='word_1_311' title='bbox 1348 4099 1393 4159; x_wconf 78' lang='lat' dir='ltr'><strong>is</strong></span> <span class='ocrx_word' id='word_1_312' title='bbox 1431 4118 1600 4178; x_wconf 78' lang='lat' dir='ltr'><strong>pron.</strong></span> <span class='ocrx_word' id='word_1_313' title='bbox 1632 4096 1788 4175; x_wconf 83' lang='lat' dir='ltr'><strong>om.)</strong></span> <span class='ocrx_word' id='word_1_314' title='bbox 1823 4117 1889 4156; x_wconf 81' lang='lat' dir='ltr'><strong>co</strong></span> <span class='ocrx_word' id='word_1_315' title='bbox 1919 4098 2076 4176; x_wconf 80' lang='lat' dir='ltr'><strong>quod</strong></span> <span class='ocrx_word' id='word_1_316' title='bbox 2095 4095 2319 4173; x_wconf 73' lang='lat' dir='ltr'><strong>fullero</strong></span> <span class='ocrx_word' id='word_1_317' title='bbox 2356 4094 2497 4178; x_wconf 81' lang='lat' dir='ltr'><strong>Teg.</strong></span> <span class='ocrx_word' id='word_1_318' title='bbox 2539 4097 2853 4177; x_wconf 73' lang='lat' dir='ltr'><strong>nequibant</strong></span> <span class='ocrx_word' id='word_1_319' title='bbox 2888 4098 3080 4157; x_wconf 67' lang='lat' dir='ltr'><strong>Guelf.</strong></span> <span class='ocrx_word' id='word_1_320' title='bbox 3108 4119 3161 4157; x_wconf 83' lang='lat'><strong>2.</strong></span> <span class='ocrx_word' id='word_1_321' title='bbox 3200 4098 3321 4163; x_wconf 84' lang='lat' dir='ltr'><strong>Bas.</strong></span> <span class='ocrx_word' id='word_1_322' title='bbox 3345 4119 3400 4158; x_wconf 88' lang='grc'><strong>3.</strong></span> <span class='ocrx_word' id='word_1_323' title='bbox 3421 4118 3611 4179; x_wconf 84' lang='lat' dir='ltr'><strong>m.pr.</strong></span> <span class='ocrx_word' id='word_1_324' title='bbox 3630 4100 3790 4173; x_wconf 73' lang='lat' dir='ltr'><strong>firm.</strong></span> <span class='ocrx_word' id='word_1_325' title='bbox 3814 4097 3935 4153; x_wconf 56' lang='lat' dir='ltr'><strong>em&amp;-</strong></span> 
     </span>
     <span class='ocr_line' id='line_1_33' title="bbox 1189 4190 3936 4283; baseline -0.004 -18"><span class='ocrx_word' id='word_1_326' title='bbox 1189 4215 1316 4267; x_wconf 64' lang='grc' dir='ltr'><strong>συί</strong></span> <span class='ocrx_word' id='word_1_327' title='bbox 1347 4225 1467 4265; x_wconf 82' lang='lat' dir='ltr'><strong>om.</strong></span> <span class='ocrx_word' id='word_1_328' title='bbox 1511 4203 1709 4262; x_wconf 65' lang='lat' dir='ltr'><strong>inec-rt.</strong></span> <span class='ocrx_word' id='word_1_329' title='bbox 1738 4222 1788 4266; x_wconf 85' lang='grc'><strong>3.</strong></span> <span class='ocrx_word' id='word_1_330' title='bbox 1846 4211 2014 4262; x_wconf 69' lang='lat' dir='ltr'><strong>semo!</strong></span> <span class='ocrx_word' id='word_1_331' title='bbox 2061 4222 2182 4260; x_wconf 86' lang='lat' dir='ltr'><strong>om.</strong></span> <span class='ocrx_word' id='word_1_332' title='bbox 2224 4199 2416 4260; x_wconf 76' lang='lat' dir='ltr'><strong>Guelf.</strong></span> <span class='ocrx_word' id='word_1_333' title='bbox 2446 4223 2497 4261; x_wconf 84' lang='grc' dir='ltr'><strong>ι.</strong></span> <span class='ocrx_word' id='word_1_334' title='bbox 2537 4212 2710 4262; x_wconf 71' lang='lat' dir='ltr'><strong>semet</strong></span> <span class='ocrx_word' id='word_1_335' title='bbox 2745 4203 2928 4283; x_wconf 75' lang='lat' dir='ltr'><strong>ipsum</strong></span> <span class='ocrx_word' id='word_1_336' title='bbox 2984 4204 3177 4262; x_wconf 80' lang='lat' dir='ltr'><strong>Guelf.</strong></span> <span class='ocrx_word' id='word_1_337' title='bbox 3205 4224 3293 4266; x_wconf 81' lang='grc' dir='ltr'><strong>ιο.</strong></span> <span class='ocrx_word' id='word_1_338' title='bbox 3333 4203 3521 4262; x_wconf 82' lang='lat' dir='ltr'><strong>senat.</strong></span> <span class='ocrx_word' id='word_1_339' title='bbox 3548 4222 3597 4260; x_wconf 75' lang='grc' dir='ltr'><strong>ι.</strong></span> <span class='ocrx_word' id='word_1_340' title='bbox 3637 4198 3792 4263; x_wconf 77' lang='lat' dir='ltr'><strong>Bern.</strong></span> <span class='ocrx_word' id='word_1_341' title='bbox 3818 4190 3936 4257; x_wconf 75' lang='grc' dir='ltr'><strong>ι.3·</strong></span> 
     </span>
     <span class='ocr_line' id='line_1_34' title="bbox 1189 4300 3921 4391; baseline -0.005 -17"><span class='ocrx_word' id='word_1_342' title='bbox 1189 4305 1382 4391; x_wconf 56' lang='lat' dir='ltr'><strong>iniquae</strong></span> <span class='ocrx_word' id='word_1_343' title='bbox 1401 4306 1703 4370; x_wconf 68' lang='lat' dir='ltr'><strong>-de&#39;smsse&#39;t</strong></span> <span class='ocrx_word' id='word_1_344' title='bbox 1742 4305 1933 4368; x_wconf 71' lang='lat' dir='ltr'><strong>Guols.</strong></span> <span class='ocrx_word' id='word_1_345' title='bbox 1959 4327 2014 4369; x_wconf 87' lang='grc'><strong>3.</strong></span> <span class='ocrx_word' id='word_1_346' title='bbox 2055 4303 2309 4367; x_wconf 49' lang='lat' dir='ltr'><strong>demit</strong></span> <span class='ocrx_word' id='word_1_347' title='bbox 2348 4308 2523 4368; x_wconf 78' lang='lat' dir='ltr'><strong>etiam</strong></span> <span class='ocrx_word' id='word_1_348' title='bbox 2549 4308 2689 4369; x_wconf 86' lang='lat' dir='ltr'><strong>Tur.</strong></span> <span class='ocrx_word' id='word_1_349' title='bbox 2728 4327 2803 4369; x_wconf 80' lang='lat' dir='ltr'><strong>ac</strong></span> <span class='ocrx_word' id='word_1_350' title='bbox 2826 4316 2959 4390; x_wconf 77' lang='lat' dir='ltr'><strong>post</strong></span> <span class='ocrx_word' id='word_1_351' title='bbox 2976 4307 3177 4386; x_wconf 82' lang='lat' dir='ltr'><strong>paullo</strong></span> <span class='ocrx_word' id='word_1_352' title='bbox 3225 4306 3394 4367; x_wconf 78' lang='lat' dir='ltr'><strong>Fabr.</strong></span> <span class='ocrx_word' id='word_1_353' title='bbox 3432 4305 3627 4368; x_wconf 83' lang='lat' dir='ltr'><strong>Vinar.</strong></span> <span class='ocrx_word' id='word_1_354' title='bbox 3664 4306 3773 4366; x_wconf 71' lang='lat' dir='ltr'><strong>ino.</strong></span> <span class='ocrx_word' id='word_1_355' title='bbox 3806 4300 3921 4359; x_wconf 70' lang='lat' dir='ltr'><strong>sm.</strong></span> 
     </span>
    </p>
   </div>
  </div>
 </body>
</html>
