4050 5009
1490 400 1563 481 555

164 584 274 664 tator,
299 573 407 655 haud
430 578 582 657 facilem
601 576 866 686 pugnantibut
887 575 1049 670 vadum,
1074 592 1214 655 cunata
1233 575 1332 655 horti
1351 604 1469 683 qnam
1485 580 1563 659 tuit

160 702 439 801 opportuniora
458 702 570 781 videt
593 749 646 767 ·-
669 701 728 779 55.
749 702 885 800 Quum
899 701 1086 779 Sertorina
1097 726 1223 807 neque
1237 718 1470 808 erumperet,
1481 720 1563 784 tam

158 816 233 897 lovi
259 825 372 933 copia
402 828 563 905 navibus
593 827 725 933 lingum
757 824 985 903 maturabat
1009 872 1062 889 -
1086 826 1144 922 54.
1169 828 1220 901 Et
1249 826 1402 905 numeri
1427 854 1563 909 aarum

156 943 337 1026 Metellae
363 976 434 1055 per
452 950 580 1027 literar
598 974 747 1057 gnarua
771 994 826 1013 -
849 947 908 1025 55.
930 952 1066 1054 Itaque
1088 950 1267 1027 Serviliae
1286 967 1471 1058 agrotum
1489 956 1563 1033 Ta·

157 1071 261 1147 nenti
276 1074 462 1180 collegam
481 1076 589 1180 prior
610 1092 875 1181 transgressus,
899 1074 973 1151 iter
991 1075 1109 1152 vortit
1123 1074 1174 1155 ad
1194 1078 1384 1181 Corycum
1411 1078 1562 1173 urbem,
1648 1150 1650 1157 .

157 1192 350 1273 inclutam
372 1224 489 1303 specu
520 1214 637 1303 atque
664 1224 843 1290 nemore,
866 1196 910 1275 in
935 1225 1015 1304 quo
1046 1226 1203 1277 crocum
1223 1199 1401 1307 gignitur.
1425 1246 1478 1267 ·-
1502 1202 1561 1281 56.

155 1318 219 1393 Ad
238 1319 453 1429 Olympum
468 1338 584 1427 atque
605 1320 811 1399 Phaaelida
836 1368 890 1387 -
913 1321 972 1424 57.
993 1324 1054 1401 Ad
1075 1327 1273 1430 Corycum.
1296 1370 1350 1387 -
1374 1323 1432 1401 58.
1444 1327 1561 1431 Apud

155 1441 277 1521 lethe
303 1446 515 1551 oppidum,
554 1430 620 1523 oui
644 1472 789 1524 nomen
816 1446 1020 1525 oblivionis
1049 1448 1309 1525 condiderant
1332 1494 1385 1511 -
1408 1446 1466 1546 59.
1490 1452 1562 1528 Re-

154 1566 292 1671 pulsus
324 1598 348 1645 a
384 1568 502 1647 Lethe
528 1569 680 1676 oppido.
710 1616 765 1633 -
799 1572 859 1645 6ο.
890 1569 1007 1675 Apud
1040 1572 1243 1649 Mutinam
1274 1616 1326 1635 -
1356 1572 1414 1647 61.
1446 1573 1562 1678 Apud

155 1694 345 1770 Praenette
368 1693 522 1771 locatur.
544 1741 598 1757 -
620 1695 680 1770 62.
703 1690 832 1769 Medio
858 1691 945 1769 diei
969 1738 1022 1757 -
1044 1694 1104 1769 63.
1128 1694 1311 1793 Quietum
1330 1722 1353 1769 a
1378 1694 1488 1774 bellio
1509 1698 1563 1774 ci-

153 1813 324 1893 vitaten
349 1864 401 1881 -
423 1821 482 1914 64.
508 1815 659 1893 Militia
687 1816 842 1921 per-iana
864 1862 918 1881 -
942 1815 1002 1893 65.
1027 1818 1237 1910 Sertorius,
1256 1817 1377 1923 portia
1406 1821 1562 1899 turbam

155 1940 400 2043 morantibus
423 1956 463 2017 et
483 1940 614 2030 nullo,
638 1954 686 2015 ut
706 1939 750 2017 in
763 1956 905 2017 terrore
922 1938 1034 2030 uolet,
1059 1940 1205 2045 genera
1226 1956 1295 2018 aut
1315 1941 1467 2047 imperii
1487 1944 1563 2021 dia-

155 2064 349 2156 crimine,
372 2090 442 2169 per
460 2064 642 2143 calonum
661 2088 845 2168 corpora,
871 2062 922 2139 ad
936 2062 1109 2139 medium
1126 2065 1234 2167 qnasi
1269 2064 1476 2171 deinauper
1495 2070 1562 2145 ad·

152 2187 347 2265 anutium
369 2187 548 2265 manibus
570 2187 614 2263 in
632 2213 790 2263 murum
820 2184 1030 2263 adtollitur.
1063 2232 1117 2251 -
1138 2188 1197 2263 66.
1222 2188 1355 2293 Neque
1386 2188 1561 2269 dottam

153 2312 391 2417 aliquotiena
412 2312 634 2389 deterretur.
660 2352 712 2369 ·-
735 2313 795 2410 67.
824 2309 1033 2387 Dubitarit
1060 2310 1141 2387 acie
1167 2336 1264 2415 para
1295 2352 1347 2372 -·
1370 2314 1429 2390 68.
1454 2316 1562 2414 Quor

153 2435 261 2515 inter
271 2462 460 2515 maxume.
481 2478 534 2502 -
558 2438 617 2535 69
628 2435 797 2513 Rumore
810 2434 948 2539 primo.
971 2480 1024 2501 -
1045 2460 1103 2534 7⁰·
1126 2434 1234 2512 Idem
1248 2432 1370 2513 feoene
1382 2437 1562 2517 Octavius

151 2578 192 2641 et
211 2560 263 2661 Q.
279 2562 406 2668 Cupio
422 2562 506 2640 aine
520 2559 625 2669 grati
649 2560 879 2665 auinquam
896 2560 1339 2666 exspectationemque
1364 2587 1456 2640 tane
1479 2590 1561 2641 am·

154 2795 206 2857 55.
228 2790 291 2854 hot
306 2792 348 2853 ita
362 2790 569 2876 coniungenda
586 2810 644 2853 arta
660 2790 773 2853 ornauit
782 2788 881 2851 Potrm
891 2787 1057 2854 oraverim.
1079 2786 1156 2849 Nam
1167 2808 1216 2873 up.
1232 2788 1364 2855 Serrium
1380 2791 1439 2870 (rd
1450 2790 1563 2873 dana,
1646 2866 1649 2873 ,

156 2898 250 2977 564.)
272 2898 316 2959 ia
330 2875 441 2981 rapui
459 2898 493 2957 u
514 2894 626 2958 cone
640 2894 779 2957 anama
798 2888 866 2954 con
885 2890 1032 2954 onorio
1052 2911 1143 2975 aaa
1167 2912 1307 2974 maor,
1336 2904 1364 2956 a
1382 2916 1425 2956 an
1440 2896 1564 2963 aava

151 3004 239 3085 pram
248 3000 357 3066 aedat.
376 3002 586 3081 eeoemfiagam
598 3000 767 3061 maturabat
781 2994 897 3058 abibat
918 2993 1011 3057 Corn.
1026 2995 1139 3057 Fronto
1155 3018 1178 3058 5.
1192 3020 1222 3061 v.
1242 3008 1370 3061 matura.
1389 3034 1432 3049 -
1453 3004 1502 3074 54.
1524 3003 1561 3065 c.

154 3108 272 3170 Fronto
286 3126 309 3167 5.
324 3129 354 3173 v.
366 3126 488 3187 planu.
506 3104 609 3167 Canio
625 3126 661 3165 ex
675 3123 728 3163 tuo
744 3101 823 3164 libro
841 3100 955 3162 itineris
973 3100 1084 3177 edidit,
1104 3102 1137 3161 in
1150 3102 1215 3162 aliia
1235 3104 1364 3165 murrar'is
1379 3108 1496 3189 legitur.
1518 3140 1561 3157 .-

157 3214 208 3275 55.
230 3212 414 3291 [ιι-455553.
435 3208 498 3273 hor
512 3212 599 3273 Prisc.
614 3211 650 3272 15
658 3251 670 3285 ‚
685 3229 720 3283 5,
735 3208 806 3272 656.
826 3215 919 3267 ottera
929 3204 1009 3266 Non.
1026 3206 1117 3267 Marc.
1132 3210 1170 3280 3,
1186 3226 1234 3288 75.
1255 3206 1316 3269 har
1329 3210 1562 3292 conglutinanda

157 3318 273 3381 tensuit
282 3314 401 3391 Carrio,
414 3315 447 3377 id
457 3314 540 3397 qnod
556 3314 640 3379 valde
651 3312 775 3374 dubitor
795 3308 875 3375 Non.
884 3310 964 3370 anim
981 3307 1092 3370 librum
1105 3311 1268 3373 urcundum
1284 3313 1394 3378 laudat.
1414 3332 1499 3393 aptou
1510 3326 1561 3376 at-

157 3442 215 3504 que
233 3421 356 3484 Hatera.
367 3420 495 3481 coniecit
505 3438 561 3501 pro
572 3426 726 3498 partusque
747 3414 830 3499 qnod
845 3418 933 3497 tulga
948 3416 1063 3497 legitur.
1084 3413 1118 3475 in
1134 3436 1192 3496 qun
1205 3436 1325 3478 erocum
1340 3418 1474 3501 gigratar
1480 3420 1559 3517 serv.

159 3525 317 3611 Georgi,
334 3525 400 3585 585.
420 3556 463 3572 -
488 3522 615 3583 56-61.
636 3522 722 3583 Prira.
744 3520 800 3595 15,
822 3539 862 3592 5,
882 3518 952 3580 658.
972 3519 1023 3579 oui
1046 3540 1153 3581 nonita
1180 3521 1331 3585 oblivionis
1351 3523 1560 3603 condiderant,

158 3631 241 3715 (qna
250 3652 301 3712 ap.
313 3628 392 3695 Serv.
407 3626 525 3688 rato.
539 3647 568 3699 5,
578 3626 648 3711 567.
663 3625 820 3711 legantur)
835 3626 1392 3691 oumoateritconinnxrruntl‘utrchina
1405 3628 1559 3693 atcania.

158 3728 474 3799 adflnmnnnhoe
486 3732 524 3792 td
540 3730 664 3793 fluvium
678 3732 822 3814 pertinere
840 3732 962 3790 ornauit.
983 3731 1038 3790 alr.
1052 3728 1207 3790 tdSueton
1224 3730 1325 3792 Graan.
1337 3755 1364 3794 c.
1377 3755 1473 3796 ιο.-
1492 3735 1531 3797 65
1542 3770 1561 3785 -

160 3843 212 3917 64.
232 3841 268 3902 C.
278 3846 324 3905 Fr.
337 3858 360 3899 5.
373 3836 498 3901 otum.
511 3836 599 3916 qm'at.
612 3856 676 3916 per.
693 3868 737 3885 -
763 3836 812 3897 65.
831 3834 910 3895 Non.
929 3835 1068 3908 Marad,
1091 3835 1205 3897 128.tt
1224 3856 1279 3911 12,
1293 3838 1347 3912 487
1373 3861 1429 3920 pro
1446 3841 1557 3921 pono,

153 3947 247 4027 ,fortis
263 3949 312 4011 rol
335 3942 455 4014 Rartltr‘a
474 3944 598 4025 legitur,
618 3962 674 4023 pro
701 3939 884 4002 normaton
908 3938 1107 4017 instantiam,
1135 3943 1182 4002 vel
1200 3940 1233 3999 in
1257 3943 1559 4021 alaimupautantium.

163 4054 328 4117 manisoetat
344 4050 523 4131 corruptelae
538 4048 645 4108 omitto
662 4048 716 4109 oft.
730 4046 809 4112 San.
825 4044 897 4110 lon.
910 4066 949 4126 9,
970 4046 1039 4107 558.
1059 4077 1101 4093 -
1121 4042 1170 4105 66.
1191 4048 1277 4108 Prior.
1296 4048 1348 4123 15,
1369 4049 1408 4124 4,
1429 4049 1499 4133 657.
1518 4084 1561 4100 -

163 4160 215 4244 67.
232 4158 276 4223 id.
289 4180 325 4242 7,
345 4154 479 4243 ι9,554.
497 4154 577 4217 Serv.
589 4150 696 4236 Goorg.
718 4172 753 4227 ι,
767 4150 835 4211 5ο8.
856 4148 941 4233 Prob'.
952 4148 1070 4210 cathol.
1086 4150 1172 4231 5489.
1192 4184 1235 4200 -
1255 4152 1303 4213 68.
1318 4151 1430 4215 charo.
1445 4162 1478 4241 Ρ.
1490 4176 1560 4217 an.

163 4294 206 4318 -.
223 4264 273 4353 69
292 4263 379 4349 669.
393 4281 459 4344 ¹9²·
477 4290 521 4310 -
540 4276 591 4342 70·
608 4254 820 4332 standand,
833 4252 953 4317 588-
971 4255 1194 4339 71.Strv.len.
1207 4276 1242 4337 5,
1257 4258 1326 4320 555.
1345 4268 1477 4336 raram,
1490 4280 1560 4343 anp-

1113 4401 1163 4476 29
