4050 5009
1591 396 1639 473 55

231 605 350 665 natum
377 594 572 684 significare
601 590 758 674 videtur,
791 588 1002 655 Mamercum
1039 587 1229 652 Aemilium
1255 588 1427 674 Lepidum
1445 589 1644 683 Liuianum,
1669 577 1674 605 '

228 705 421 793 patruelem
436 722 553 785 suum,
567 719 668 783 quem
685 697 731 762 ob
751 696 895 761 nimiam
913 693 1162 781 parsimoniam
1180 701 1278 760 notat
1292 695 1362 764 cic.
1373 700 1417 763 de
1427 696 1525 763 offic.
1535 703 1579 769 11.
1592 724 1640 783 ¹7·

227 832 311 877 nam
334 817 476 895 propter
497 806 651 873 avaritiae
673 802 903 889 suspicionem
925 802 1100 888 repulsam
1119 802 1159 865 in
1177 804 1359 869 consulatu
1380 808 1531 890 petendo
1556 807 1647 873 tule-

228 924 291 984 rat.
320 910 575 983 Lutatiorum.
603 913 773 997 collegam
798 908 981 993 intelligit,
1000 912 1042 993 Q.
1064 908 1242 973 Lutatium
1256 910 1434 990 Catulum,
1461 912 1647 979 clarissimi

226 1021 334 1108 patris
343 1020 475 1107 lilium,
501 1020 540 1085 in
555 1019 651 1099 cujus
665 1016 828 1081 laudibus
840 1011 1053 1077 celebrandis
1062 1014 1192 1080 multus
1205 1023 1255 1081 est
1267 1014 1387 1081 Cicero
1406 1016 1445 1081 in
1456 1018 1647 1085 Maniliana

227 1128 376 1211 aliisque
397 1128 495 1193 locis.
527 1126 589 1191 cfr.
616 1120 752 1187 Ernesti
776 1120 866 1183 clav.
895 1116 965 1183 Cic.
1002 1119 1160 1183 Ceterum
1185 1129 1314 1203 quanta
1334 1122 1504 1187 beneficia
1523 1126 1644 1209 iunia,

227 1234 378 1301 Aemilia
397 1244 430 1299 et
449 1232 588 1297 Lutetia
607 1248 691 1317 gens
703 1226 742 1292 in
756 1226 926 1312 populum
942 1228 1141 1290 Romanum
1154 1228 1359 1313 contulerit,
1371 1250 1561 1297 memorare
1571 1252 1644 1297 non

229 1356 318 1423 opus
346 1347 413 1415 estc
442 1332 567 1427 geniti
582 1334 775 1421 acl-triplex
795 1334 898 1416 hujus
930 1332 1094 1399 vocabuli
1123 1354 1179 1420 ap.
1201 1333 1389 1398 Salustium
1418 1337 1645 1423 constructio,

228 1442 289 1507 ct'r.
305 1442 430 1531 fragm.
450 1463 481 1524 9.
506 1436 653 1531 genitos
674 1462 748 1506 esse
775 1440 863 1525 qui,
891 1446 925 1505 et
943 1440 1145 1523 perdundae
1163 1436 1333 1525 pecunias
1358 1436 1507 1531 genitus
1527 1444 1644 1531 fragm.

226 1542 288 1611 111.
307 1552 358 1613 3ι.
378 1570 456 1614 suoe
475 1546 606 1631 cuique
622 1548 721 1613 sedes
745 1546 900 1611 clauae
918 1545 1008 1609 Hist.
1032 1568 1058 1607 a.
1079 1547 1127 1609 15.
1147 1566 1217 1609 sua
1239 1544 1366 1629 cuique
1386 1547 1536 1625 utilitas3
1555 1569 1646 1615 scoe·

229 1673 290 1717 vus
310 1647 379 1721 istc
401 1654 510 1723 Vatic.
536 1676 563 1717 r.
585 1662 619 1719 et
632 1656 723 1720 Serv.
746 1656 792 1721 ad
816 1651 937 1739 Virgil.
959 1652 1075 1737 Eclog.
1095 1652 1126 1717 3.
1150 1657 1199 1715 ι3.
1219 1660 1390 1736 peruerse
1413 1655 1589 1721 Menalca
1604 1688 1647 1705 —

226 1766 308 1835 ,aut
318 1780 478 1825 converse
491 1764 536 1823 ad
549 1754 816 1847 tupitudinem,
830 1767 889 1821 aut
900 1758 1137 1844 intelligamus
1146 1759 1330 1839 quemdam
1340 1758 1443 1825 luisse
1452 1759 1646 1823 Menalcam

226 1864 403 1950 nobilem,
423 1874 463 1929 ut
485 1866 589 1929 istum
606 1886 804 1950 perversum
824 1865 1017 1929 Menalcam
1041 1864 1168 1929 dixerit
1186 1866 1283 1931 illius
1303 1871 1574 1951 comparatione,
1594 1864 1645 1930 sic
1759 1936 1763 1945 ¹

226 1968 349 2035 Salust.
368 1972 509 2037 Scoevus
523 1968 592 2037 iste
608 1973 810 2037 Romulus»
832 1975 892 2035 sed
907 1972 971 2035 alii
987 1974 1096 2036 Codd.
1112 1994 1226 2039 soevus
1241 1975 1382 2062 legunt,
1401 1994 1515 2039 suevus
1529 1976 1604 2041 Vat.
1616 1990 1646 2036 a.

136 2104 142 2115 ·
227 2076 305 2137 iam
328 2075 458 2139 dicitur
476 2077 636 2158 quidem,
657 2078 732 2141 divi
748 2075 900 2162 sinistri,
922 2098 1024 2143 omen
1037 2079 1216 2143 sinistrum
1237 2081 1298 2143 cir.
1314 2081 1416 2143 Orid.
1438 2078 1582 2143 Heroid.
1599 2082 1647 2141 aa.

231 2192 292 2257 493
308 2178 388 2237 Tac.
405 2178 495 2237 Hist.
514 2182 541 2237 5.
568 2183 602 2251 53
621 2182 697 2239 Val.
716 2183 826 2241 Flacc.
845 2188 874 2242 3.
899 2187 978 2259 3035
999 2184 1232 2246 nihilominus
1252 2192 1368 2245 tamen
1385 2202 1519 2245 scaevus
1539 2182 1647 2243 Rom.

229 2300 251 2345 a
272 2278 407 2365 uulgari
425 2297 490 2341 usu
512 2276 683 2361 loquendi
703 2276 809 2339 nimis
830 2280 1019 2343 abhorrere
1040 2282 1195 2364 videtur,
1217 2282 1266 2342 ita
1288 2290 1327 2343 ut
1350 2300 1463 2345 soccus
1479 2302 1649 2366 reponen-

230 2389 315 2450 dum
341 2404 507 2449 censeam.
527 2388 614 2447 Nam
630 2385 725 2464 quod
746 2382 876 2463 aliquis
900 2382 1008 2467 dicat,
1031 2406 1109 2447 cum
1134 2406 1264 2450 nomen
1284 2386 1428 2451 Romuli
1456 2388 1495 2452 iu
1518 2390 1648 2453 bonam

227 2499 362 2577 partem
386 2490 516 2553 dictum
532 2488 595 2573 sit,
616 2487 770 2573 epitheto
790 2487 923 2567 adjecto
948 2488 1063 2553 laudis
1085 2490 1264 2553 notionem
1284 2512 1358 2556 esse
1378 2495 1586 2573 tollendam,
1610 2495 1649 2560 id

229 2597 358 2682 pariter
377 2596 454 2681 fiet,
474 2594 546 2661 sive
561 2615 675 2659 amous
684 2639 695 2673 ,
718 2594 789 2659 sive
807 2614 943 2659 scaevus
962 2594 1099 2682 legeris.
1119 2597 1290 2662 Romulus
1307 2598 1401 2663 enim
1417 2600 1514 2663 Sulla
1529 2602 1651 2685 appel·
1767 2582 1775 2591 ’

229 2704 320 2768 latus
342 2711 408 2801 est,
438 2703 493 2767 vel
512 2702 630 2788 potius
646 2703 792 2787 apellari
815 2704 948 2789 voluit,
982 2704 1082 2785 quasi
1101 2707 1190 2770 alter
1209 2706 1307 2771 urbis
1332 2706 1511 2792 conditor,
1541 2727 1647 2793 quam

231 2808 379 2894 gloriam
408 2818 549 2893 propter
579 2809 673 2893 leges
699 2811 877 2873 Cornelias
901 2809 1111 2890 adsectabat3
1138 2812 1211 2891 jam
1241 2813 1373 2875 saevitia
1402 2814 1546 2891 quidem
1573 2836 1646 2880 non
1690 2877 1695 2886 ,

223 2908 336 2995 ‘plane
361 2913 476 2977 aliena
492 2934 512 2975 a
533 2933 681 2997 persona
700 2914 845 2975 Romuli
865 2913 953 2992 suit,
973 2914 1023 2973 ita
1040 2923 1078 2972 ut
1095 2916 1162 2969 hoe
1182 2913 1361 2990 epitheton
1378 2932 1450 2972 non
1473 2935 1552 2977 curn
1574 2918 1647 2995 ejus

234 3024 357 3079 natura
368 3022 516 3098 pugnet,
538 3015 678 3091 vimque
690 3012 869 3071 antithesis
891 3010 1042 3088 minuat;
1065 3013 1125 3074 sed
1141 3011 1234 3076 idem
1247 3014 1377 3099 optime
1391 3016 1534 3103 ingenio
1544 3020 1648 3089 Sulla

234 3121 415 3203 convenit,
436 3118 539 3199 quale
555 3118 623 3178 hoc
636 3116 755 3201 locoa
779 3112 913 3195 Lepido
936 3113 1151 3199 depingitur,
1171 3125 1205 3181 et
1223 3123 1267 3181 ad
1289 3123 1378 3186 hanc
1399 3143 1556 3190 normam
1573 3128 1648 3193 leo-

233 3226 340 3293 tionis
354 3222 491 3288 bonitas
506 3229 555 3285 est
577 3220 755 3306 exigenda.
784 3221 942 3281 Ceterum
960 3220 1028 3281 hoc
1048 3226 1291 3289 antonomasia
1313 3246 1420 3309 genus
1437 3230 1564 3316 rarius,
1586 3232 1645 3296 cir.

235 3333 327 3398 infra
355 3330 508 3398 Declam.
533 3326 571 3389 in
600 3325 755 3389 Ciceron.
776 3326 933 3391 Romule
958 3321 1134 3408 Arpinas.
1154 3329 1264 3392 Catul.
1290 3332 1407 3417 Epigr.
1432 3336 1482 3396 25.
1500 3334 1648 3401 Cinoede

235 3440 392 3505 Romule
412 3445 445 3500 et
465 3438 512 3498 26.
534 3432 677 3497 Romuli
687 3431 878 3515 Remique3
899 3431 948 3495 ita
966 3434 1071 3498 Nero
1091 3454 1156 3519 pro
1176 3434 1321 3501 homine
1340 3427 1645 3525 crudeli,'Moeoe·

237 3562 306 3607 nos
323 3562 385 3624 pro
399 3542 613 3604 literatorum
627 3539 810 3605 hominum
824 3548 969 3623 patrono
981 3540 1117 3604 dicitur.
1137 3564 1213 3607 non
1230 3552 1289 3609 tot
1307 3542 1531 3610 exercituum
1544 3526 1662 3615 clade·

239 3647 299 3712 cfr.
312 3646 457 3731 Appian.
471 3650 506 3709 Β.
517 3646 585 3710 Cir.
595 3648 621 3708 Ι·.
632 3646 772 3726 84-943
786 3646 876 3710 Flor.
887 3652 917 3711 3.
931 3648 1235 3727 2150r0s.Hist.V.
1248 3666 1305 3729 203
1319 3652 1408 3713 Plut.
1418 3653 1514 3727 Sulla
1527 3675 1555 3717 c.
1564 3673 1646 3736 27-

238 3759 296 3835 ³⁰3
318 3756 437 3836 Pomp.
448 3756 558 3815 3-13,
574 3756 660 3815 Cum
672 3752 735 3814 alii
750 3752 862 3831 multi,
881 3762 952 3816 tum
967 3754 1096 3835 Carbo,
1118 3754 1266 3833 Marius,
1286 3758 1466 3822 Norbanus
1480 3763 1647 3847 consules,

239 3857 572 3941 PubliusAntistius,
587 3858 744 3944 Papirius
753 3860 883 3945 Carbo,
894 3860 1022 3923 Mucius
1029 3860 1188 3946 Scaevola,
1197 3864 1322 3927 Lucius
1331 3864 1505 3932 Domitius
1514 3870 1645 3950 aliique

239 3966 334 4031 bello
352 3964 542 4051 absumpti,
563 3964 641 4028 ride
653 3966 690 4028 ll.
701 3966 739 4030 ll.
754 3974 911 4031 caeterum
923 3986 963 4030 ex
974 3966 1208 4051 superioribus
1216 3970 1434 4035 manifestum
1443 3973 1646 4056 est,lectio·

238 4091 323 4135 nem
334 4070 493 4136 consulis
510 4092 581 4135 esse
596 4070 872 4159 improbandam,
884 4076 1073 4138 consulum
1084 4083 1134 4139 est
1147 4074 1185 4138 in
1199 4077 1379 4143 Valicanis.
1387 4072 1646 4163 postfuturos,

242 4197 367 4263 nempe
377 4178 842 4265 inproscriptorumliberos3
861 4180 941 4243 vide
951 4186 1017 4247 Cat.
1027 4185 1077 4262 37.
1091 4190 1124 4245 et
1137 4182 1302 4267 Quinctil.
1310 4185 1367 4245 Xl.
1381 4186 1496 4262 rstica
1505 4180 1644 4246 Plautus

244 4295 457 4371 ante-parta
467 4288 534 4351 Cic.
547 4290 573 4357 l.
586 4290 628 4353 de
644 4288 775 4354 Invent.
789 4282 1011 4379 ante-facta.
1028 4288 1326 4376 virguncula.
1345 4305 1421 4367 ²0¹3
1442 4292 1530 4351 onte
1543 4289 1644 4352 mala
