4050 5009
487 442 539 518 9⁰

486 597 629 675 honori
644 597 815 690 ducitur,
838 599 1026 704 Iugurtha
1042 600 1149 676 foret.
1181 600 1283 679 Dein
1296 619 1439 695 tamen,
1464 617 1510 679 ut
1522 602 1625 679 aetati
1645 596 1888 681 concederet,

485 722 666 829 fatigatus
677 749 700 800 a
712 723 841 815 fratre,
858 723 921 800 rix
931 724 975 799 in
991 741 1141 831 partem
1157 727 1316 803 alteram
1334 727 1575 804 transductus
1596 742 1659 802 eet
1688 723 1748 798 Ibi
1763 743 1888 825 quum

486 849 610 925 multa
629 848 677 924 dc
693 847 998 925 administrando
1018 849 1179 954 imperio
1195 850 1435 941 dissererent,
1455 849 1642 956 Iugurtha
1664 849 1767 924 inter
1795 843 1891 918 alias

488 997 545 1048 res
563 972 675 1048 iacitz
694 989 896 1077 opportere
914 972 1146 1077 quinquenii
1165 975 1337 1050 consulta
1354 989 1393 1050 et
1408 974 1558 1050 decreta
1572 973 1701 1050 omnia
1714 965 1889 1046 rescindi.

485 1097 584 1171 Nam
613 1124 683 1201 per
707 1123 751 1173 ea
780 1113 952 1200 tempora
978 1097 1196 1173 confectum
1227 1099 1340 1174 annis
1366 1099 1567 1204 Micipsam
1596 1124 1734 1204 pamm
1759 1092 1892 1169 animo

485 1220 654 1298 valuisse.
698 1224 800 1334 'lum
823 1219 927 1297 idern
943 1221 1138 1326 Hiempsal
1169 1223 1320 1327 placere
1336 1223 1409 1298 sibi
1442 1221 1637 1328 respondit
1664 1255 1672 1296 :
1707 1221 1808 1296 Nam
1833 1214 1893 1318 ip-

485 1371 572 1422 sum
588 1346 702 1422 illum
723 1344 785 1421 bis
801 1346 924 1421 tribus
943 1346 1140 1449 proxumis
1163 1347 1274 1422 annis
1299 1347 1546 1450 adoptatione
1564 1348 1607 1422 in
1628 1369 1790 1450 regnum
1806 1365 1894 1444 per·

485 1472 638 1547 venisse.
684 1469 803 1568 Quod
828 1468 988 1547 verbum
1022 1469 1063 1544 in
1097 1485 1228 1574 pectus
1252 1469 1447 1576 Iugurthae
1468 1471 1607 1562 altius,
1643 1495 1762 1572 quam
1791 1463 1895 1568 quis·

484 1617 604 1699 quarn
631 1610 736 1670 ratus
766 1609 865 1683 erat,
890 1593 1093 1669 descendit.
1139 1596 1273 1696 Itaque
1299 1619 1345 1669 ex
1365 1622 1408 1670 eo
1437 1611 1607 1698 tempore
1627 1595 1684 1669 ira
1716 1607 1755 1667 et
1784 1607 1894 1664 metu

485 1721 622 1796 anxius
642 1718 790 1809 moliri,
815 1743 969 1822 parare,
994 1733 1112 1820 atque
1130 1743 1174 1792 ea
1197 1717 1311 1792 modo
1342 1745 1432 1794 cum
1464 1720 1593 1794 animo
1620 1717 1783 1807 babere,
1807 1713 1896 1818 qui-
2014 1689 2015 1738 t

484 1845 557 1920 bus
576 1841 771 1947 Hiempsal
791 1867 861 1945 per
879 1841 1015 1916 dolum
1033 1856 1239 1944 caperetur.
1280 1842 1377 1938 Quae
1399 1842 1467 1917 ubi
1492 1841 1637 1918 tardius
1665 1837 1894 1947 procedunt,

485 1995 613 2072 neque
627 1967 775 2042 lenitur
792 1964 945 2040 animus
961 1963 1084 2057 fero13
1106 1964 1239 2038 statuit
1262 1965 1394 2068 quovis
1420 1964 1534 2042 modo
1557 1966 1754 2071 inceptum
1778 1961 1894 2068 perfi-

447 2119 584 2169 12cere.
621 2091 751 2166 Primo
773 2104 983 2177 conventu,
1010 2113 1127 2191 quem
1144 2087 1194 2162 ab
1214 2088 1352 2192 regulis
1372 2088 1518 2164 lactum
1532 2115 1647 2194 supra
1667 2085 1896 2172 memorati,

486 2233 646 2322 propter
667 2213 936 2290 dissensionem
966 2211 1163 2314 placuerat
1186 2211 1305 2286 dividi
1332 2209 1523 2288 thesauros
1553 2212 1717 2316 finisque
1742 2205 1895 2315 imperii

486 2341 646 2445 singulis
665 2337 856 2414 constitui.
894 2340 1029 2438 Itaque
1054 2349 1203 2439 tempus
1227 2335 1277 2410 ad
1308 2351 1512 2441 utramque
1536 2365 1617 2414 rem
1644 2334 1895 2420 decernitur,

487 2467 554 2546 sed
569 2465 757 2542 mattarios
775 2462 826 2538 ad
849 2459 1054 2565 pecuniam
1073 2457 1384 2538 distribuendam.
1419 2461 1553 2567 Reguli
1573 2461 1718 2537 interea
1747 2459 1792 2536 in
1814 2451 1900 2533 loca'

489 2669 798 2733 etiamoateocoram
814 2665 948 2727 omnebus
964 2663 1005 2742 ig.
1035 2661 1164 2725 tems.
1184 2667 1254 2724 oute
1278 2663 1340 2724 Bas.
1355 2683 1380 2724 ι.
1395 2662 1424 2737 Δ.
1452 2665 1568 2726 Gruter.
1581 2665 1675 2728 wan.
1694 2685 1800 2726 omncs
1815 2661 1904 2724 Lot.
2015 2649 2016 2656 ἵ

490 2787 581 2838 anteo
599 2776 666 2840 llir.
686 2772 769 2834 Cort.
790 2768 1013 2852 dchincssumn
1033 2769 1117 2828 ilem.
1132 2788 1158 2833 ι.
1177 2769 1237 2828 inc.
1250 2788 1277 2827 1.
1296 2767 1392 2829 Gucll.
1408 2769 1437 2830 6.
1455 2789 1500 2829 ιι.
1520 2770 1602 2831 Leid.
1614 2770 1642 2831 k.
1665 2769 1788 2830 Merseb.
1811 2767 1897 2830 nisit.

492 2883 575 2942 retati
599 2880 667 2958 orn!¹
680 2878 778 2939 Guell.
795 2877 824 2943 5.
844 2885 877 2935 ut
890 2885 938 2936 αἱ.
966 2875 1030 2938 Bas.
1044 2895 1070 2934 r.
1091 2872 1175 2936 bem.
1192 2893 1217 2931 ι.
1238 2873 1397 2933 translatus
1409 2885 1452 2934 cst
1470 2874 1567 2935 Guell.
1580 2875 1608 2934 5.
1630 2877 1711 2940 trad.
1721 2883 1764 2934 cst
1783 2871 1902 2939 Istat.

491 2986 523 3046 b.
545 2985 588 3045 rbi
597 3005 667 3045 eum
680 2985 762 3047 mlo.
775 3002 805 3042 u.
819 2980 839 3039 ἰ.
857 2979 914 3040 du.
929 2977 991 3039 bac
1004 2980 1109 3039 desunt
1126 2979 1159 3037 in
1171 2976 1268 3036 Guelf.
1286 2977 1313 3037 5.
1333 2977 1447 3038 Fabric.
1464 2999 1491 3039 ι.
1513 2979 1764 3039 amatimhtroudo
1783 2979 1846 3041 Bas.
1871 2995 1895 3034 1.

492 3112 538 3152 res
551 3090 633 3152 iacit.
652 3091 694 3150 sic
707 3088 787 3148 Ririi
803 3087 946 3149 meliores.
966 3085 1072 3144 Luctat
1089 3080 1127 3142 ad
1146 3081 1218 3142 Stat.
1239 3079 1332 3148 Theb.
1348 3103 1373 3142 ι.
1386 3085 1455 3153 41¹·
1476 3084 1538 3144 Bas.
1554 3105 1580 3143 ι.
1601 3083 1685 3144 Rem.
1704 3103 1730 3143 ι.
1752 3079 1852 3143 Guell.
1872 3099 1897 3138 r.

493 3217 524 3256 a.
542 3194 656 3260 Leidl.
677 3193 747 3252 Naz.
767 3213 809 3250 m.
818 3209 865 3272 pr.
886 3187 931 3248 ait
949 3190 1046 3252 ceteri.
1070 3207 1150 3248 com.
1171 3197 1198 3246 ct
1214 3189 1294 3247 decr.
1308 3187 1419 3247 omnrh.
1446 3187 1547 3248 omru‘n
1560 3210 1621 3248 om.
1640 3187 1756 3249 Fabric.
1769 3207 1799 3247 ι.
1819 3187 1897 3246 decr.

492 3321 571 3363 cons.
586 3318 669 3361 omn.
688 3297 751 3362 Bas.
762 3295 792 3364 Δ.
813 3311 894 3354 coru.
909 3301 937 3351 et
951 3293 1032 3351 cleer-
1047 3309 1118 3351 νοω.
1136 3309 1217 3351 omn.
1239 3289 1323 3356 Bern.
1338 3311 1362 3350 ι.
1384 3301 1503 3352 etomn.
1522 3293 1605 3354 decr.
1628 3293 1728 3353 lleuss.
1750 3291 1854 3353 omnia
1873 3295 1899 3346 ct

492 3408 602 3467 decret.
621 3404 703 3466 Vrat.
715 3421 740 3459 ι.
761 3399 922 3461 coortu.
943 3394 1024 3455 Cort.
1045 3395 1135 3455 tribus
1151 3396 1196 3455 bia
1208 3417 1296 3476 pror.
1317 3400 1430 3478 aliquot
1444 3396 1541 3456 Guell.
1563 3399 1623 3458 inc.
1642 3397 1744 3458 Vinar.
1760 3417 1790 3458 a.
1811 3394 1897 3461 lead.

492 3512 581 3572 Rem.
593 3531 619 3568 ι.
641 3507 688 3566 his
698 3505 767 3564 trah.
794 3501 875 3561 leid.
887 3523 914 3560 c.
924 3503 944 3560 i.
957 3500 985 3559 t.
1013 3499 1126 3559 Arond.
1155 3498 1256 3560 Pemb.
1283 3499 1345 3559 Bas.
1365 3521 1390 3558 ι.
1419 3500 1503 3560 Bern.
1524 3520 1550 3560 1.
1566 3501 1595 3561 5.
1624 3501 1670 3562 tut
1684 3504 1771 3562 omis.
1787 3502 1898 3562 Gruter.

492 3615 586 3674 ww.
600 3622 630 3671 et
642 3614 742 3690 plures
749 3605 847 3670 codd.
860 3605 1051 3685 adoptatione
1070 3604 1137 3662 Seu.
1149 3623 1176 3668 ι.
1197 3605 1256 3668 inc.
1275 3625 1300 3664 1.
1321 3605 1383 3664 Bas.
1398 3627 1423 3670 r.
1436 3605 1517 3666 Leid.
1530 3609 1550 3664 l.
1562 3627 1602 3664 m.
1611 3627 1657 3687 pr.
1680 3605 1809 3667 Arrond.
1830 3605 1898 3686 neg.

494 3716 628 3779 Marta.
641 3725 677 3776 Δ.
699 3711 799 3774 Pemb.
819 3709 977 3788 adoptione
989 3707 1092 3767 ceteri.
1115 3717 1196 3767 ratus
1213 3717 1286 3768 crat.
1307 3719 1372 3769 erat
1390 3730 1452 3770 om.
1468 3709 1555 3770 Palat.
1567 3713 1598 3772 8.
1618 3714 1716 3791 plures
1728 3711 1843 3774 Wassii.
1861 3717 1900 3770 est

494 3820 620 3880 Rerum.
641 3817 730 3876 modo
743 3815 845 3874 arumo
860 3813 967 3872 habere
985 3811 1053 3871 Nar.
1074 3811 1133 3870 Pal.
1148 3813 1179 3872 5.
1192 3832 1237 3872 ιο.
1257 3812 1369 3876 Fabric.
1385 3835 1412 3874 a.
1434 3813 1536 3874 Gucll.
1553 3836 1579 3875 ι.
1594 3817 1623 3876 5.
1635 3817 1665 3881 6.
1679 3838 1727 3878 ιι.
1749 3816 1897 3892 ἰηιαιιίιιιο

495 3925 584 4009 ponci
601 3922 756 3982 deteriores
769 3917 848 3977 libri.

579 4048 653 4129 Cap.
676 4068 724 4106 ιι.
760 4046 912 4125 placuerat
928 4040 986 4100 iltis
1014 4040 1134 4102 Eccard.
1168 4042 1264 4106 Gucll.
1290 4066 1334 4105 ιι.
1364 4045 1428 4106 Bas.
1444 4044 1476 4119 A.
1504 4046 1601 4127 raquo
1618 4049 1812 4129 odlutrnruq.
1831 4067 1898 4108 rem.
1966 4075 1974 4090 =

497 4171 584 4233 temp.
603 4154 722 4211 decern.
753 4148 813 4210 boc
836 4147 939 4208 ordine
955 4147 1086 4226 plerique
1100 4145 1193 4205 Cortii
1210 4148 1290 4208 libri.
1309 4149 1357 4209 sed
1379 4171 1480 4210 omncs
1499 4153 1579 4212 Leid.
1601 4152 1663 4213 Bas.
1692 4153 1779 4214 Rern.
1808 4153 1900 4214 Turis.

497 4261 646 4340 vulgatam
664 4256 800 4315 retinent.
841 4253 885 4310 ita
904 4249 1058 4309 Fabrici.
1079 4249 1235 4310 Thirmida
1255 4255 1387 4314 meliores
1404 4255 1482 4315 libri.
1526 4255 1670 4318 Tur-mida
1688 4257 1751 4319 Bes.
1769 4281 1794 4319 ι.
1835 4257 1899 4317 Tir-

499 4362 610 4436 mrtta,
638 4360 738 4420 Tum.
767 4357 939 4427 Tamuda,
973 4352 1145 4425 Tamuda,
1174 4353 1315 4418 Tirmudo
1326 4397 1338 4430 ,
1370 4359 1516 4424 Ttrtnuda
1535 4364 1633 4425 ceteri.
1662 4358 1898 4448 acceptusqnci
