4050 5009
1539 419 1587 494 79

282 572 389 648 Falso
415 576 590 676 queritur
612 576 660 650 de
684 592 822 652 natura
843 599 911 652 sua
933 599 1050 680 genus
1072 573 1311 666 humanum,
1340 571 1444 678 quod
1467 573 1584 650 imbe-

194 693 271 766 cilla
295 713 411 798 atque
437 700 505 773 aevi
526 700 662 790 brevis,
688 699 786 774 forte
809 699 937 804 potius
960 725 1078 802 quam
1107 699 1247 774 virtute
1271 715 1430 806 regatur.
1489 699 1588 774 Nam

195 835 341 909 contra,
366 823 607 924 reputando,
641 850 766 926 neque
795 823 917 900 maius
951 823 1060 898 aliud
1094 849 1219 926 neque
1252 824 1513 926 praestabilius·
1529 825 1588 898 in-

195 943 337 1032 venias,
373 947 566 1051 magisque
598 964 746 1022 naturae
776 947 1004 1022 industriam
1038 946 1243 1024 bominum
1275 977 1393 1052 quam
1413 949 1491 1026 vim
1522 967 1590 1022 aut

196 1084 334 1172 tempus
350 1071 480 1145 deesse.
524 1071 596 1146 Sed
617 1072 696 1146 dux
719 1089 834 1174 atque
853 1071 1060 1176 imperator
1084 1071 1169 1146 vitae
1194 1073 1415 1148 mortalium
1440 1074 1591 1150 animus

196 1210 264 1266 est:
288 1197 374 1296 qui,
409 1196 478 1270 ubi
505 1195 555 1270 ad
584 1195 744 1300 gloriam
771 1196 922 1271 virtutis
947 1195 1006 1270 via
1030 1213 1242 1300 grassatur,
1270 1197 1425 1274 abunde
1445 1196 1591 1300 pollens

195 1335 396 1421 potensque
418 1337 456 1394 et
479 1320 603 1394 clarus
628 1337 698 1408 est,
723 1347 848 1422 neque
863 1321 1018 1396 fortuna
1047 1339 1153 1425 eget:
1178 1323 1323 1427 quippe
1340 1323 1592 1426 probitatem,

197 1441 416 1519 industriam
440 1443 607 1546 aliasque
632 1444 722 1518 artis
750 1443 869 1518 bonas
891 1471 1016 1546 neque
1037 1443 1129 1521 dare
1165 1471 1289 1550 neque
1321 1447 1467 1550 eripere
1509 1447 1590 1520 cui-

196 1595 306 1668 quam
326 1585 456 1671 potest
485 1569 553 1644 Sin
570 1584 703 1672 captus
725 1567 849 1671 pravis
863 1567 1110 1672 cupidinibus
1132 1569 1182 1644 ad
1202 1571 1379 1646 inertiam
1397 1587 1435 1645 et
1456 1571 1593 1674 volup-

199 1708 283 1766 tates
311 1693 481 1795 corporis
510 1718 659 1795 pessum
692 1693 802 1767 datus
815 1707 896 1781 est,
934 1693 1143 1794 perniciosa
1179 1692 1354 1768 lubidine
1385 1694 1595 1798 paullisper

198 1841 294 1908 usus,
321 1817 390 1890 ubi
414 1843 482 1920 per
501 1816 712 1891 socordiam
732 1815 844 1905 vires,
870 1831 1036 1920 tempus,
1063 1817 1260 1918 ingenium
1280 1817 1502 1906 diffluxere,
1528 1845 1596 1891 na·

201 1957 287 2014 turae
307 1941 510 2016 infirmitas
529 1959 744 2034 accusatum
775 1967 885 2016 suam
904 1941 1067 2043 quisque
1088 1941 1243 2044 culpam
1267 1958 1438 2016 auctores
1460 1942 1509 2015 ad
1532 1969 1596 2015 ne-

199 2065 291 2166 gotia
314 2065 558 2140 transferunt.
592 2065 738 2162 Quodsi
759 2063 981 2139 hominibus
1009 2065 1201 2140 bonarum
1230 2092 1358 2142 rerum
1378 2081 1483 2138 tanta
1504 2091 1595 2140 cura
1658 2065 1664 2074 ’

201 2206 299 2276 esset,
325 2207 473 2290 quanto
495 2188 621 2264 studio
645 2187 768 2262 aliena
797 2215 841 2262 ac
874 2186 973 2262 nihil
995 2189 1196 2292 profutura
1219 2190 1460 2292 multumque
1482 2190 1597 2264 etiam

201 2314 403 2414 periculosa
424 2330 581 2416 petunt3
607 2339 731 2416 neque
751 2329 970 2417 regerentur
993 2314 1109 2417 magis
1126 2340 1253 2416 quam
1280 2331 1449 2420 regerent
1468 2339 1599 2403 casus,

259 2543 330 2624 Cap.
356 2568 380 2602 ι.
402 2555 513 2602 natztra
531 2564 592 2605 nea.
615 2542 661 2601 sui
678 2546 777 2622 plures
797 2542 913 2600 Gruteri
934 2553 963 2601 et
982 2540 1075 2602 Cottii
1094 2542 1170 2602 libri.
1192 2546 1293 2604 locum
1306 2554 1399 2604 mutat
1415 2546 1447 2603 in
1460 2556 1528 2604 octo
1545 2545 1601 2604 Pa-

204 2654 247 2707 lat.
268 2671 405 2730 prcuom.
428 2653 515 2729 plane
533 2651 675 2707 omittunt
693 2647 839 2706 Conrmcl.
860 2647 956 2705 Gucll.
979 2648 1004 2706 5.
1038 2649 1162 2708 retinent
1184 2659 1286 2729 praeler
1304 2646 1401 2707 Godd.
1423 2647 1547 2709 Chariss.
1570 2672 1601 2730 p.

208 2778 267 2834 ¹79·
288 2755 395 2814 Donat.
413 2756 449 2813 ad
465 2755 555 2814 Andr.
570 2758 597 2814 3.
615 2775 641 2812 2.
660 2755 705 2811 25.
729 2753 853 2812 Cledon.
871 2773 956 2832 ¹9²¹·
977 2755 1056 2814 Serv.
1074 2753 1111 2812 ad
1127 2753 1225 2824 demi
1236 2794 1246 2824 ,
1259 2753 1327 2824 4ιὸ,
1346 2775 1397 2828 ιι,
1423 2755 1491 2814 58ι.
1521 2755 1602 2816 inve-

206 2861 261 2918 nies
279 2864 337 2920 inc.
358 2861 461 2920 Franc.
482 2859 576 2919 Strur.
598 2857 681 2918 Rern.
698 2879 722 2916 ι.
744 2857 833 2916 dead.
854 2859 954 2916 Vinnr.
969 2879 996 2922 ι.
1018 2859 1074 2918 Erl.
1097 2857 1180 2916 Rern.
1193 2857 1222 2918 3.
1240 2879 1264 2916 ι.
1292 2857 1394 2938 band.
1415 2859 1481 2920 Ecc.
1504 2857 1602 2919 Guell.

206 2967 231 3034 4.
245 2966 272 3023 6.
286 2989 314 3045 7.
328 2967 356 3024 8.
372 2988 403 3044 9.
422 2986 467 3023 ιο.
485 2986 528 3022 ιι.
548 2985 592 3022 ιι.
622 2963 702 3026 Leid.
719 2985 746 3022 c.
766 2964 796 3020 d.
816 2963 843 3020 t.
867 2982 898 3020 n.
933 2973 1058 3042 quatuor
1071 2963 1185 3022 Wassii.
1204 2963 1331 3022 induslr.
1348 2951 1428 3023 bom.
1450 2965 1604 3050 bominum

206 3071 278 3129 abest
293 3093 309 3128 a
323 3072 414 3151 llegio
432 3069 545 3128 Wasaii.
566 3079 659 3127 mutat
677 3071 775 3128 locum
793 3067 875 3130 Boni.
894 3089 919 3125 1.
938 3072 965 3132 3.
994 3067 1045 3128 vio
1062 3089 1154 3148 grass.
1176 3067 1226 3127 via
1244 3071 1340 3126 omiss.
1356 3069 1423 3128 Ecc.
1448 3081 1605 3148 potensque

207 3176 299 3236 clarus
311 3176 371 3234 Bas.
382 3177 411 3246 Δ.
425 3175 540 3237 Leidk.
555 3175 692 3250 fortuna
705 3183 767 3251 eget
788 3175 846 3236 inc.
860 3193 888 3232 a.
910 3173 1005 3234 Strnv.
1019 3183 1048 3232 et
1064 3196 1103 3232 ιιι.
1114 3195 1158 3254 pr.
1180 3172 1277 3233 Guoll.
1293 3173 1321 3233 3.
1332 3175 1359 3244 4.
1370 3175 1398 3238 o.
1419 3173 1489 3256 fleg.
1511 3176 1603 3234 Marlr.

209 3296 239 3344 Λ.
260 3283 356 3343 Psmb.
378 3281 497 3344 Laida.
514 3279 543 3343 h.
574 3299 648 3338 unus
663 3279 750 3338 llivii.
768 3279 880 3358 aliquot
896 3278 980 3336 Paris.
1002 3278 1102 3358 quippe
1121 3297 1193 3356 qum
1223 3297 1286 3356 quta
1307 3281 1390 3338 omis.
1411 3277 1496 3338 Febr.
1519 3278 1602 3343 Rem.

212 3409 235 3446 ι.
254 3389 318 3450 Sen,
335 3411 359 3444 ι.
380 3386 479 3448 Guell.
495 3391 521 3447 3.
542 3406 586 3443 ιο.
608 3383 674 3443 Ecc.
694 3381 755 3442 llas.
776 3404 801 3441 1.
821 3381 937 3443 Leid.1.
960 3382 1043 3444 Paris.
1062 3405 1087 3442 c.
1109 3383 1237 3462 aliasque
1255 3393 1333 3443 artes
1354 3384 1453 3443 bonas.
1476 3403 1529 3461 qua
1543 3405 1603 3442 orn.

209 3494 296 3552 Strur.
317 3495 407 3552 bonas
428 3493 505 3550 delet
518 3489 628 3550 l'abric.
648 3511 673 3548 ι.
694 3489 782 3547 artois
804 3486 901 3547 Codd.
916 3486 1050 3547 exhibere
1070 3487 1169 3548 llirius
1185 3491 1259 3548 testis
1277 3501 1327 3548 cst.
1356 3489 1428 3562 ortis
1441 3487 1605 3549 llscemian.

210 3598 279 3656 Cod.
299 3601 365 3658 bon.
378 3608 437 3660 ort.
459 3597 519 3654 duo
536 3596 651 3676 Popmae
665 3594 743 3658 libri.
765 3593 849 3652 Bern.
871 3615 895 3652 ι.
917 3593 1055 3671 cuiquam
1070 3603 1171 3672 potest.
1204 3596 1339 3673 cuiquam
1365 3616 1424 3654 orn.
1457 3593 1553 3655 Guell.
1576 3597 1604 3654 6.

212 3705 306 3782 οιιίᾳιω
324 3705 382 3762 ΕιΙ.
403 3701 473 3782 Teg.
492 3699 589 3760 Turio.
606 3722 631 3758 ι.
652 3698 808 3778 voluptatis
828 3695 915 3756 habet
934 3697 1031 3758 Guell.
1050 3700 1089 3774 l„
1104 3699 1180 3758 vires
1196 3709 1313 3778 tempus.
1325 3703 1446 3782 glossam
1469 3711 1540 3761 oatcs
1561 3705 1611 3760 vel

212 3809 298 3867 oetctir
316 3809 417 3868 decem
438 3804 530 3864 Curtii
547 3805 615 3864 libri
631 3803 755 3862 addunt.
778 3805 847 3862 item
867 3805 996 3884 quinque
1012 3804 1093 3864 Lcid.
1115 3805 1174 3863 duo
1190 3803 1313 3884 Poprna.
1336 3805 1395 3866 Erl.
1417 3804 1502 3866 Bern.
1526 3805 1554 3864 3.
1581 3828 1605 3865 ι.
1693 3883 1699 3896 ι

214 3915 356 3990 (diffluxere
372 3914 478 3994 optimi
497 3912 573 3970 llivii
589 3921 617 3970 et
632 3909 749 3968 Gruteri
763 3909 839 3969 libri.
858 3908 918 3968 Bas.
939 3931 963 3967 ι.
984 3909 1054 3992 Tcg.
1076 3910 1134 3974 inc.
1150 3929 1176 3968 2.
1196 3909 1292 3968 Sonat.
1308 3931 1333 3968 ι.
1355 3909 1439 3968 Fabr.
1456 3931 1480 3975 1.
1503 3911 1564 3970 Bas.
1581 3934 1605 3976 ι.
1647 3955 1650 3962 ,

215 4018 303 4079 Guell.
314 4041 341 4079 2.
353 4019 382 4079 ὅ.
403 4018 483 4078 Leid.
496 4021 516 4076 l.
537 4019 691 4094 (leffium
706 4016 801 4078 ceteri.
823 4015 940 4092 quisque
953 4014 1029 4093 culp.
1050 4013 1134 4072 Fabr.
1153 4035 1176 4073 ι.
1199 4016 1256 4073 inc.
1272 4037 1295 4078 1.
1310 4015 1375 4074 San.
1388 4035 1413 4073 2.
1432 4015 1530 4076 Heuss.
1549 4017 1606 4076 Erl.

215 4106 304 4184 Guell.
317 4125 343 4185 3.
353 4125 383 4196 4,
394 4147 405 4182 ι
415 4145 439 4182 ι.
452 4143 497 4181 ιι.
513 4106 593 4180 laid.
607 4143 635 4202 g.
643 4141 673 4179 n.
688 4138 763 4178 unus
774 4119 886 4180 Wnssii.
902 4120 1109 4198 quebrwceteri.
1125 4129 1258 4180 auctores
1268 4139 1328 4182 om.
1339 4117 1436 4178 Guell.
1456 4143 1480 4180 ι.
1495 4131 1608 4183 actores

218 4227 308 4295 etbl.
329 4231 414 4290 multi
430 4228 530 4288 Codd.
542 4227 660 4285 babent.
683 4224 860 4301 multumque
878 4225 965 4282 etiam
980 4222 1144 4303 periculoso
1157 4223 1300 4284 vaurts.
1322 4225 1419 4284 Guell.
1432 4226 1460 4297 Δ.
1477 4227 1504 4286 5.
1525 4227 1607 4290 Leid.

218 4357 242 4392 a.
251 4334 280 4396 b.
288 4358 312 4398 c.
321 4339 350 4396 d.
358 4338 379 4397 l.
391 4335 422 4396 h.
436 4335 495 4395 Erl.
511 4328 571 4394 Bas.
585 4335 613 4403 4.
625 4343 653 4392 et
667 4331 739 4410 (om.
755 4329 860 4410 ctiam),
876 4331 942 4390 San.
953 4349 982 4389 a.
997 4322 1093 4395 Gucll.
1103 4351 1131 4409 9.
1143 4329 1241 4394 Herus,
1264 4330 1409 4409 intuitoque
1424 4331 1485 4392 Bas.
1499 4353 1524 4389 ι.
1539 4330 1605 4390 San.
