4050 5009
1611 375 1658 454 ¹9

328 551 459 615 Eodem
475 568 568 613 anno
587 550 620 611 C.
638 544 762 632 Citrio,
780 542 970 613 Proconsul
993 564 1072 609 cum
1091 542 1242 609 exercitu
1260 544 1300 609 in
1317 544 1559 613 Macedoniam
1576 571 1659 634 pro.

250 656 372 743 fectus,
394 678 474 722 cum
486 656 638 723 militum
649 652 857 723 seditionem
875 652 1055 719 severitate
1070 651 1339 737 compressisset,
1371 692 1389 731 ς
1405 655 1659 723 adtentatarum

248 763 425 851 superiore
450 765 546 831 bello
563 762 718 853 gentium
745 760 818 827 vim
840 760 1038 842 declinans,
1065 759 1105 824 in
1125 759 1334 823 Dardaniam
1355 778 1452 825 arma
1469 762 1658 849 convertit,

249 890 392 955 umque
401 872 604 957 superavit*
618 870 790 951 clr.„0,ros.
802 870 830 933 5.
842 874 890 933 ab.
904 868 978 933 Liv.
988 866 1076 953 Epit.
1089 884 1139 948 9²·
1148 866 1359 947 95.Frontin.
1372 866 1556 953 stratege.
1568 890 1594 929 r.
1605 872 1657 949 433
1766 864 1770 869 “

249 977 435 1043 Curionem
461 978 568 1045 Dacia
598 986 696 1043 tenus
715 956 856 1041 benisse
874 978 935 1041 sed
967 975 1125 1040 tenebras
1145 974 1296 1039 saltuum
1319 973 1508 1060 expavisse,
1534 972 1658 1040 Florus

193 1318 198 1328 .
248 1310 326 1351 cum
345 1290 469 1374 saepius
492 1308 547 1352 res
571 1288 730 1373 pluribus
752 1287 854 1353 annis
877 1294 987 1374 gestas
1007 1284 1214 1367 confundat,
1235 1286 1303 1349 boc
1329 1267 1468 1369 quoque
1487 1288 1583 1365 loco,
1602 1290 1656 1371 ut,

246 1401 372 1475 quanta
389 1394 429 1456 in
447 1394 599 1475 Sertorio
615 1394 719 1460 fuerit
734 1394 869 1481 ingenii
884 1393 1108 1479 magnitudo,
1128 1392 1306 1457 luculento
1327 1392 1485 1476 exemplo
1509 1395 1658 1469 doceret,

244 1498 559 1565 inconsiderantius
587 1500 695 1589 egisse
713 1501 861 1569 ridetur.
882 1504 966 1587 Quae
989 1500 1130 1582 quidem
1154 1498 1351 1577 conjectura
1363 1497 1445 1566 satis
1464 1506 1515 1563 est
1530 1499 1659 1583 proba·

245 1604 350 1683 bilis,
371 1615 566 1691 comparato
580 1608 670 1673 Livii
681 1610 893 1693 testimonio,
909 1608 971 1691 qui
993 1605 1136 1691 quidem
1157 1589 1252 1669 idem
1275 1604 1365 1689 lere,
1385 1607 1481 1693 quod
1503 1606 1659 1667 adhunc

245 1728 385 1776 annum·
402 1712 507 1777 refert
532 1713 751 1801 Plutarchus,
771 1723 910 1801 postero
929 1722 1064 1801 gestum
1084 1731 1157 1777 esse
1176 1711 1293 1777 tradit.
1321 1713 1389 1777 Sed
1402 1714 1470 1777 boc
1490 1711 1583 1776 inter
1600 1724 1660 1775 eos

245 1818 423 1897 convenit,
446 1820 654 1905 Sertorium,
674 1821 797 1907 prmlio
821 1822 928 1903 iacto,
948 1820 987 1884 in
1006 1820 1186 1886 castellum
1215 1836 1288 1885 sese
1311 1817 1499 1901 recepisse,
1517 1816 1578 1879 ubi
1597 1832 1661 1897 per

244 1920 387 2001 aliquod
411 1931 545 2008 tempus
571 1906 727 1991 obsessus
745 1926 861 1993 luerit.
892 1927 951 1993 clr.
975 1928 1050 1993 Lir.
1069 1928 1159 2012 Epit.
1189 1927 1291 1990 XCII.
1314 1925 1508 2000 ,obsessus
1533 1920 1663 1987 deinde

244 2026 374 2093 clunia
401 2029 589 2109 Sertorius,
618 2032 760 2099 assiduis
784 2034 1023 2119 eruptionibus
1041 2054 1117 2101 non
1134 2032 1269 2098 leviora
1288 2034 1415 2096 damna
1427 2026 1662 2092 obsidentibus

246 2126 403 2193 intulit.»
437 2135 515 2193 lam
536 2157 614 2197 cum
639 2138 727 2201 belli
749 2141 1021 2219 sequentianno
1050 2140 1138 2224 gesti
1166 2138 1239 2202 lere
1274 2142 1395 2202 eadem
1423 2133 1531 2199 fuerit
1550 2131 1660 2227 ratio,

248 2231 376 2315 (ΙῑῑῖΡΡθ
396 2235 492 2315 quod
513 2234 684 2307 Sertorius
704 2238 870 2321 Gulaguri
893 2262 971 2299 cum
990 2241 1144 2301 exercitu
1160 2241 1330 2317 inclusus,
1350 2243 1468 2299 hostes
1485 2238 1528 2295 ab
1551 2252 1662 2315 oppu-

245 2335 411 2421 gnatione
435 2340 594 2420 depulsos
616 2342 736 2407 cedere
763 2340 932 2425 coegerit,
961 2340 1065 2405 facile
1094 2340 1173 2405 lieri
1192 2340 1321 2425 potuit,
1342 2346 1382 2403 ut
1401 2338 1605 2403 Plutarchus
1620 2336 1661 2400 in
1752 2388 1761 2397 .

246 2460 399 2507 errorem
412 2424 750 2511 incurreret.‹Simili
763 2446 855 2531 capti
867 2466 1000 2532 errore,
1019 2446 1191 2532 Sigonius,
1213 2444 1492 2531 Freinsbcimius,
1510 2445 1662 2508 Debros·

245 2547 331 2625 sius,
351 2550 544 2615 Sertorium
559 2560 637 2637 post
656 2554 789 2619 cladem
808 2557 852 2619 ad
872 2555 1065 2641 Saguntum
1079 2561 1255 2639 acceptam
1268 2552 1451 2638 Calagurin
1466 2549 1661 2634 confugisse

245 2661 416 2737 statuunt,
438 2678 518 2721 cum
541 2658 642 2723 Livio
666 2667 749 2727 teste
776 2646 916 2727 Cluniae
937 2663 1094 2727 obsessus
1122 2660 1183 2747 sit,
1204 2661 1290 2726 urbe
1317 2659 1355 2723 in
1373 2642 1567 2722 Celtiberiae
1589 2654 1662 2719 fine

246 2758 327 2845 sita,
346 2766 439 2827 unde
461 2766 641 2831 Glunensis
659 2775 843 2835 conventus
855 2768 1049 2854 appellatus
1070 2776 1131 2833 est.
1151 2769 1242 2832 Plin.
1259 2769 1305 2829 H.
1318 2770 1359 2829 N.
1371 2770 1402 2829 3.
1418 2782 1450 2841 s.
1470 2760 1610 2827 Accedit
1625 2764 1660 2825 et

246 2865 395 2949 Appiani
415 2872 651 2937 testimonium
672 2878 709 2940 Β.
731 2874 803 2939 civ,
821 2877 847 2938 Ι.
870 2892 940 2939 rra.
962 2875 1027 2957 qui
1042 2875 1164 2952 etipse
1179 2871 1376 2949 Calagurrim
1391 2867 1658 2943 sequentianno

248 2980 482 3051 oppugnatam
499 2978 622 3054 tradit,
650 2988 684 3035 et
710 2978 818 3057 ipsius
837 2980 935 3037 urbis
955 2980 1060 3049 situs,
1089 2971 1216 3045 Quippe
1246 2988 1323 3043 ‘1¹²ae
1348 2983 1487 3049 fflmPOs
1512 2968 1576 3030 ubi
1592 2990 1659 3053 PU·

248 3079 392 3157 gnatum
413 3082 478 3157 est,
497 3075 641 3159 propi„
665 3074 727 3141 sit,
747 3089 850 3141 quarn
866 3063 1054 3146 calaguris.
1087 3066 1166 3128 Non
1181 3065 1290 3151 igitur
1304 3071 1372 3133 boc
1389 3092 1482 3135 anno
1497 3074 1660 3138 Metellus

246 3175 287 3239 in
306 3176 452 3239 Galliam
477 3177 527 3233 est
553 3164 725 3251 repulsus,
746 3164 873 3250 quippe
895 3166 957 3247 qui
976 3167 1136 3252 superior
1160 3191 1202 3235 ex
1224 3194 1340 3258 pugna
1359 3162 1572 3254 discesserit,
1592 3200 1658 3245 nec

247 3265 316 3344 nisi
333 3282 399 3343 bac
417 3276 533 3341 bieme
546 3275 590 3337 de
609 3272 763 3337 victoriis
776 3272 820 3337 ab
836 3276 935 3338 hoste
950 3275 1133 3360 reportatis
1151 3278 1321 3343 exsultare
1337 3283 1500 3363 potuerit.
1519 3283 1659 3347 Nihilo-

248 3392 356 3450 minus
365 3392 478 3449 tamen
488 3389 578 3447 recte
589 3380 660 3445 dici
668 3380 789 3465 potuit,
809 3380 946 3446 Metello
959 3384 1121 3449 exGallia
1134 3382 1347 3449 frumentum
1360 3387 1560 3453 subvectum
1570 3388 1658 3455 fuis-

250 3509 297 3555 se.
319 3494 405 3555 Cum
419 3490 512 3554 enim
526 3490 564 3553 in
579 3487 775 3557 citeriorem
785 3486 989 3571 Hispaniam
1000 3491 1200 3579 transiisset,
1220 3501 1294 3557 crat
1308 3491 1431 3576 utique
1443 3514 1590 3581 necesse,
1608 3511 1657 3581 nt,
1705 3483 1709 3492 ¹

250 3616 329 3661 cum
344 3595 448 3673 hujus
458 3595 645 3679 provinciae
662 3596 815 3661 civitates
836 3598 993 3685 Pompeii
1006 3599 1193 3662 exercitum
1215 3610 1409 3665 commeatu
1426 3601 1656 3678 sublevarent,

250 3700 351 3768 alteri
378 3700 542 3763 exercitui
568 3710 775 3767 commeatus
794 3702 939 3768 aliunde
957 3712 1150 3787 peteretur,
1170 3704 1209 3768 id
1235 3709 1330 3788 quod
1347 3702 1525 3773 'Ciceronis
1542 3710 1656 3776 verbis

250 3806 477 3887 confirmatur
487 3825 551 3888 pro
562 3808 702 3887 Fontejo
717 3826 744 3873 c.
760 3825 789 3875 a.
807 3828 970 3897 ,magnas
986 3809 1151 3895 pecunias
1167 3815 1213 3875 ad
1223 3812 1447 3897 stipendium,
1467 3818 1655 3881 maximum

251 3912 418 3979 frumenti
437 3932 620 3979 numerum
646 3917 691 3977 ad
710 3915 938 4003 Hispaniense
967 3916 1101 3981 bellum
1122 3917 1340 3983 tolerandum
1363 3920 1546 4006 imperavit
1565 3922 1654 4005 (scil.

252 4019 413 4099 Fonteius
436 4019 559 4086 Gallia
577 4024 789 4108 propretor.)
809 4026 895 4089 Cum
909 4022 1005 4089 enim
1026 4024 1132 4109 paulo
1153 4031 1229 4109 post
1244 4025 1401 4112 Pompeji
1417 4027 1603 4093 exercitum
1613 4012 1670 4087 in'

253 4124 368 4189 Gallia
392 4126 590 4193 hibernasse
617 4127 756 4213 dixerit,
777 4130 935 4197 omittere
969 4149 1041 4195 non
1065 4139 1218 4217 poterat,
1258 4134 1364 4198 etiam
1390 4132 1571 4199 Metellum
1599 4128 1654 4195 ibi

253 4229 373 4315 fuisse,
393 4236 488 4312 quod
509 4235 553 4299 ad
574 4232 752 4313 Fonteium
773 4241 1003 4305 excusandum
1025 4237 1216 4323 plurimum
1232 4238 1324 4304 fecit.
1397 4301 1400 4306 ,

1328 4348 1353 4395 a
