4050 5009
405 379 456 473 46

406 559 534 668 gnita,
559 559 601 634 in
620 559 775 634 vincula
798 558 1029 650 coniecerat;
1056 560 1146 634 item
1165 559 1207 634 in
1229 558 1411 634 ulteriore
1431 559 1559 634 Gallia
1576 563 1614 636 C.
1636 563 1810 652 Murena,
1864 583 1871 588 ·

357 684 475 788 aqui
496 683 531 760 ei
553 682 759 785 provinciae
781 683 922 786 legatus
948 699 1116 785 praeerat.
1153 689 1203 758 At
1229 687 1357 756 Romae
1380 683 1565 758 Lentulus
1598 712 1689 758 cum
1714 703 1810 760 cete·

405 808 473 900 ris,
510 805 579 910 qui
611 806 803 910 principes
827 805 1102 880 coniurationis
1129 824 1256 897 eraut,
1292 807 1453 911 paratis,
1492 824 1536 880 ut
1559 808 1808 898 ridebantur,

405 931 553 1037 magnis
573 930 708 1033 copiir,
733 929 1027 1019 constituerant,
1052 931 1128 1020 uti,
1148 958 1238 1005 oum
1252 932 1417 1008 Catilina
1438 931 1479 1004 in
1501 959 1634 1034 agrum
1647 933 1810 1006 Faesula-

407 1083 506 1132 num
527 1080 617 1130 cum
644 1053 812 1128 exercitu
837 1052 1010 1143 venisset,
1046 1058 1085 1128 L.
1105 1056 1224 1130 Bestia
1255 1056 1432 1130 tribunus
1461 1055 1602 1158 plebis,
1627 1056 1811 1134 concione

406 1179 556 1268 habita,
584 1195 807 1281 quereretur
839 1177 888 1252 de
917 1179 1132 1254 actionibus
1163 1180 1370 1271 Ciceronis,
1395 1180 1568 1282 bellique
1592 1181 1811 1283 gravissumi

406 1304 593 1382 invidiam
623 1319 781 1406 optumo
808 1301 964 1377 Consuli
987 1303 1225 1406 imponeret;
1260 1329 1304 1380 eo
1324 1304 1448 1408 signo,
1483 1330 1670 1407 proxuma
1697 1322 1810 1380 nocte

407 1445 529 1506 cetera
552 1427 762 1503 multitudo
788 1427 1063 1501 coniurationis
1092 1428 1390 1530 unumquisque
1416 1428 1612 1531 negotium
1635 1454 1811 1531 exseque-

405 1571 521 1632 retur.
558 1552 630 1628 Sed
650 1578 692 1626 ea
715 1550 832 1626 divisa
851 1549 927 1627 hoc
948 1550 1063 1626 modo
1086 1549 1339 1626 dicebantur:
1370 1551 1541 1626 Statilius
1565 1568 1603 1626 et
1622 1551 1812 1628 Gabinius

407 1678 467 1753 uti
494 1703 584 1752 cum
607 1701 745 1780 magna
767 1701 887 1748 manu
916 1674 1118 1749 duodecim
1140 1674 1254 1749 simul
1275 1691 1491 1778 opportuna
1515 1675 1598 1750 loca
1619 1677 1727 1751 urbis
1751 1679 1812 1751 in-

324 1885 326 1890 .
409 1801 638 1890 uenderent,
677 1825 754 1903 quo
791 1797 965 1872 tumultu
999 1796 1150 1872 facilior
1182 1797 1306 1872 aditus
1336 1797 1386 1872 ad
1421 1799 1624 1874 Consulem
1656 1816 1815 1875 ceteros·

408 1951 500 2031 que,
525 1924 665 2028 quibus
690 1917 837 1998 insidtae
850 1922 1105 2025 parabantur,
1133 1919 1258 1994 lieret:
1286 1919 1470 2026 Cethegus
1490 1923 1680 1998 Ciceronis
1701 1924 1814 1999 ianu-

409 2079 473 2126 am
493 2048 701 2138 obsideret,
730 2072 894 2149 eumque
919 2045 957 2120 vi
988 2043 1276 2148 adgrederetur5
1300 2043 1398 2118 alius
1420 2063 1549 2120 autem
1571 2047 1718 2140 alium3
1749 2049 1815 2124 sed

409 2174 480 2249 lilii
499 2171 753 2260 familiarum,
777 2196 945 2272 quorum
966 2194 1012 2243 ex
1035 2167 1235 2242 nobilitate
1251 2194 1429 2243 maxuma
1448 2196 1535 2272 pars
1554 2187 1651 2260 erat,
1675 2198 1816 2275 paren.

409 2315 461 2376 tes
491 2294 767 2386 interficerent3
790 2293 921 2381 simul,
948 2291 1049 2366 ooede
1073 2308 1110 2365 et
1139 2291 1318 2367 incendio
1341 2293 1521 2396 perculsis
1543 2294 1737 2384 omnibus,
1764 2297 1816 2372 ad

409 2421 618 2500 Catilinam
647 2432 899 2520 erumperent.
937 2419 1043 2489 Inter
1065 2413 1145 2488 haec
1165 2430 1297 2518 parata
1320 2431 1435 2518 atque
1455 2417 1604 2492 decreta
1630 2418 1818 2525 Cethegus

409 2572 559 2649 semper
578 2542 809 2645 querebatur
831 2539 879 2614 de
905 2538 1054 2642 ignavia
1076 2538 1293 2612 sociorum:
1326 2540 1411 2614 illos
1436 2541 1651 2617 dubitando
1674 2559 1714 2617 et
1735 2543 1816 2618 dier

410 2665 640 2774 prolatando
661 2689 815 2769 magnas
831 2661 1137 2766 opportunitates
1150 2689 1411 2766 corrumpere5
1434 2664 1551 2755 facto,
1575 2693 1654 2741 non
1666 2668 1820 2742 oonsul-

411 2898 480 2958 vin.
496 2917 520 2955 ι.
540 2893 607 2955 Son.
620 2913 649 2954 a.
668 2891 738 2952 Tur.
755 2913 781 2956 r.
804 2889 837 2950 in
858 2889 992 2950 ulteriori
1008 2887 1116 2949 Gattta.
1136 2887 1205 2948 Tur.
1226 2911 1252 2948 1.
1273 2892 1325 2972 qui
1350 2911 1425 2950 nous
1448 2894 1582 2952 omnium
1604 2892 1702 2955 adhue
1721 2899 1821 2956 eolla-

413 3015 511 3063 torttm
531 2997 610 3060 bano
631 2999 787 3058 lectionem
803 2993 936 3056 exhibeto
954 2995 1078 3059 ridetur.

476 3127 549 3210 0⁰1²·
568 3125 669 3200 tt-ut
686 3127 870 3187 videbantur.
891 3124 959 3190 Nat.
981 3123 1127 3183 Commol.
1148 3123 1247 3184 Guelf.
1262 3125 1292 3184 8.
1310 3145 1355 3184 ιο.
1377 3125 1439 3185 Bas.
1454 3125 1483 3185 3.
1504 3127 1725 3189 constituerant.
1745 3129 1821 3192 Nu,

413 3237 559 3300 Commel.
581 3232 677 3293 Guett.
694 3254 718 3291 ι.
732 3233 760 3290 5.
777 3251 817 3290 m.
828 3251 874 3311 pr.
896 3231 955 3289 inc.
972 3250 997 3293 r.
1018 3228 1103 3287 Fabr.
1124 3249 1148 3287 ι.
1170 3227 1240 3289 Tur.
1255 3250 1281 3288 ι.
1308 3229 1393 3295 Bern.
1415 3253 1440 3291 r.
1454 3251 1481 3294 a.
1493 3229 1522 3291 3.
1549 3251 1616 3292 cum
1634 3229 1723 3291 Catil.
1743 3253 1820 3294 cum

413 3345 497 3405 omis.
518 3341 616 3402 Guetr.
634 3339 661 3397 5.
680 3337 708 3396 6.
730 3356 774 3394 ιι.-
795 3336 828 3394 in
841 3334 982 3398 Guettt.
1010 3335 1192 3393 interlineas
1218 3333 1380 3416 adpictum.
1412 3357 1501 3416 quaro
1519 3334 1601 3400 Cort.
1632 3355 1698 3397 cum
1719 3340 1824 3417 prior„

413 3453 482 3510 loco
503 3457 533 3506 et
545 3443 675 3504 exercitu
693 3443 786 3505 eiecit.
806 3440 914 3500 venua
925 3459 993 3500 cum
1010 3457 1106 3498 utero.
1127 3437 1249 3498 Bermd.
1271 3437 1306 3497 L.
1324 3437 1422 3498 Bestia
1438 3442 1560 3500 tandem
1572 3441 1704 3502 Romani
1717 3445 1826 3521 populi

376 3545 381 3554 ¹
414 3551 566 3614 mucione.
587 3547 683 3608 Guett.
698 3567 724 3608 ι.
744 3545 847 3617 lectio,
866 3553 900 3603 ut
912 3564 1017 3624 supra.
1036 3564 1071 3601 ex
1085 3543 1305 3622 compendiaria
1316 3543 1462 3603 scribendi
1475 3546 1587 3604 ratione
1600 3545 1665 3624 [Tr.
1673 3547 1732 3625 Pl.)
1743 3559 1823 3608 orta.

416 3661 455 3717 de
473 3654 583 3714 actibus
599 3647 661 3710 Cic.
682 3650 766 3710 Rom.
783 3669 808 3707 1.
829 3648 890 3706 Bas.
905 3667 933 3710 2·
971 3647 1068 3705 Guelf.
1091 3667 1117 3706 a.
1132 3645 1162 3705 3.
1176 3648 1205 3716 l..
1222 3648 1250 3705 6.
1267 3647 1296 3706 8.
1325 3646 1411 3706 Bern.
1428 3669 1455 3713 2.
1476 3651 1514 3709 dc
1530 3651 1647 3711 octium
1670 3652 1766 3717 senat,
1790 3673 1821 3714 2,

417 3759 538 3838 bellique
547 3755 750 3837 gravissimam
763 3753 824 3812 inv.
854 3753 973 3822 incerti,
988 3751 1072 3810 Rem.
1089 3771 1114 3809 t.
1134 3751 1230 3814 Struv.
1251 3750 1313 3809 Bas.
1326 3771 1355 3810 a.
1377 3751 1473 3812 Guell.
1491 3775 1518 3814 2.
1536 3757 1565 3825 4.
1580 3757 1608 3814 6.
1623 3777 1652 3836 9.
1672 3777 1718 3821 ta.
1737 3757 1823 3824 md·

417 3889 445 3929 e.
457 3867 518 3926 cs.
535 3862 565 3927 h.
580 3863 607 3920 t.
625 3859 655 3918 ιι.
676 3858 760 3917 Bern.
777 3878 802 3921 1.
821 3856 906 3936 siguo
925 3858 1007 3916 dato.
1033 3858 1094 3916 inc.
1114 3877 1138 3914 ι.
1159 3853 1256 3915 Guels.
1269 3857 1298 3915 8.
1319 3855 1381 3919 Bes.
1397 3857 1429 3916 3.
1449 3857 1545 3919 Strur.
1566 3862 1633 3920 vin.
1648 3881 1675 3926 a.
1694 3862 1775 3920 Iaeid.
1787 3863 1822 3922 b,

419 3993 446 4035 c-
467 3971 552 4030 Btm.
570 3987 597 4028 2.
608 3965 636 4026 3.
656 3984 689 4024 σο
705 3965 776 4022 dado
795 3961 890 4040 tigno.
910 3959 990 4020 [eid.
1005 3959 1035 4018 d.
1064 3979 1147 4019 sturm
1161 3979 1278 4037 quaque
1291 3961 1449 4038 mgoffflm,
1480 3963 1565 4022 Rem·
1580 3985 1608 4024 2·
1628 3964 1690 4024 Bm
1705 3988 1730 4030 ι.
1750 3967 1823 4033 sm·
1884 4026 1890 4036 .

419 4089 513 4157 uterq.
535 4072 646 4133 Fabric.
660 4091 684 4127 1.
706 4067 802 4127 Guelt.
815 4087 842 4129 r.
859 4087 885 4124 2.
898 4067 926 4138 l.
941 4067 968 4128 5.
980 4087 1009 4145 9.
1031 4085 1071 4122 m.
1084 4083 1130 4143 pr.
1156 4063 1217 4122 duo
1233 4062 1327 4135 llirii,
1344 4063 1490 4126 Commel.
1514 4072 1635 4129 Palatia.
1652 4090 1679 4130 a.
1695 4071 1727 4131 3.
1744 4073 1773 4131 5,
1786 4073 1825 4157 6.

420 4181 489 4264 Teg.
517 4177 587 4237 Tur.
604 4197 629 4235 ι.
654 4193 736 4234 suum
758 4190 904 4250 quemque.
924 4169 992 4234 Naz.
1013 4168 1075 4226 Bas.
1088 4187 1116 4227 a.
1146 4177 1377 4245 exsequemur.
1397 4169 1535 4230 Guelfia.
1557 4196 1598 4232 m.
1613 4193 1659 4254 pr.
1687 4175 1827 4242 Statilius

421 4284 702 4366 diminutumpula
718 4279 820 4338 omissa
835 4276 956 4359 plurimi
971 4274 1087 4334 Gruteri
1102 4283 1131 4332 et
1143 4271 1237 4354 Cottii
1256 4271 1334 4332 libri.
1355 4295 1457 4336 omnes
1469 4275 1531 4336 ua.
1551 4279 1728 4342 tumere.
1746 4281 1824 4354 fab.
