4050 5009
439 413 463 485 8

412 611 549 673 asuma
568 613 612 664 ac
625 589 927 698 flagitiosissuma
948 591 1048 667 lacta
1065 593 1133 684 sit,
1157 592 1341 671 disseram.
1380 593 1523 670 Urbem
1534 596 1710 687 Romam,
1725 594 1833 671 sicuti

436 739 507 820 ego
533 717 680 820 accepi,
706 715 911 793 condidere
939 732 1056 819 atque
1076 716 1245 795 habuere
1274 719 1386 793 initio
1398 719 1577 812 Troiani,
1610 719 1680 822 qui
1713 723 1834 796 Aenea

439 839 563 936 duce,
587 840 759 945 profugi,
784 842 934 917 sedibus
955 840 1109 916 incertis
1127 843 1391 948 vagabantur:
1423 868 1589 944 cumque
1616 841 1676 917 his
1703 844 1835 920 Abori·

438 963 566 1068 gines,
589 989 707 1069 genus
729 957 933 1040 hominum
953 980 1111 1069 agreste,
1127 964 1209 1040 sine
1231 965 1395 1068 legibus,
1425 965 1507 1040 sine
1535 965 1713 1069 imperio,
1746 968 1835 1042 lihe-

439 1115 529 1162 rum
553 1103 669 1190 atqire
691 1088 869 1164 solutum
904 1089 957 1163 Hi
981 1104 1183 1192 postquam
1199 1088 1240 1169 in
1264 1098 1343 1162 una
1360 1089 1504 1162 moenia
1528 1115 1748 1181 convenere,
1767 1091 1837 1166 dis-

439 1213 524 1317 pari
550 1239 705 1318 genere,
743 1212 916 1288 dissimili
938 1211 1088 1316 lingua,
1112 1211 1209 1284 alius
1230 1210 1307 1284 alio
1329 1237 1435 1286 more
1460 1211 1650 1288 viventes:
1676 1213 1837 1290 incredi-

439 1336 516 1412 bile
533 1353 747 1411 memoratu
766 1353 834 1426 est,
860 1363 979 1437 quam
994 1335 1106 1408 facile
1126 1333 1347 1408 coaluerint
1386 1333 1458 1409 Sed
1481 1353 1685 1438 postquam
1702 1365 1760 1413 res
1778 1367 1837 1414 eo-

438 1465 528 1536 rnm
563 1461 723 1551 civibus,
757 1461 944 1550 moribus,
970 1456 1068 1561 agris
1092 1473 1221 1544 aucta,
1256 1456 1344 1530 satis
1369 1484 1546 1561 prospera
1568 1460 1736 1563 satisque
1758 1463 1838 1566 pol·

439 1584 521 1660 lens
542 1583 743 1659 videbatur
750 1617 760 1679 3
783 1583 908 1677 sicuti„
926 1582 1109 1685 pleraque
1137 1578 1361 1656 mortalium
1389 1578 1605 1671 habentur,
1631 1583 1776 1659 invidia
1795 1612 1839 1661 ex

440 1709 637 1813 opulentia
656 1727 739 1784 orta
759 1725 821 1784 est
872 1706 993 1810 Igitur
1014 1729 1114 1807 reges
1133 1703 1346 1806 populique
1368 1703 1538 1779 finitumi
1555 1705 1657 1781 bello
1682 1723 1839 1813 tempta·

440 1861 503 1909 re:
528 1833 642 1938 pauci
668 1860 713 1908 ex
733 1831 864 1906 amicis
884 1829 1029 1904 anxilio
1056 1853 1147 1916 esse,
1173 1855 1264 1905 nam
1282 1829 1395 1902 ceteri
1415 1846 1521 1903 metu
1541 1829 1705 1933 perculsi
1730 1859 1753 1906 a
1775 1861 1838 1937 pe-

440 1958 572 2034 riculis
596 1958 766 2032 aberant.
814 1959 865 2030 At
892 1951 1055 2028 Romani
1091 1948 1195 2030 domi
1223 1950 1445 2052 militiaeque
1472 1953 1612 2027 intenti
1637 1953 1838 2047 festinare,

440 2109 596 2190 parare,
628 2082 727 2156 alius
759 2079 881 2154 alium
913 2075 1079 2161 hortari,
1113 2074 1284 2152 hostibus
1318 2074 1470 2156 obviam
1499 2075 1571 2164 ire,
1610 2076 1839 2170 libertatem,

441 2209 626 2314 patriam,
651 2221 901 2310 parentesque
920 2200 1034 2306 armis
1054 2218 1183 2306 tegere.
1209 2204 1314 2288 Post,
1335 2197 1405 2270 ubi
1417 2196 1587 2300 pericula
1599 2199 1742 2276 virtute
1753 2229 1840 2306 pro-

442 2333 641 2438 pulerant,
666 2330 774 2404 sociis
792 2345 908 2430 atque
926 2324 1057 2399 amicis
1074 2325 1217 2400 auxilia
1235 2321 1461 2426 portabant:
1487 2320 1680 2426 magisque
1692 2323 1841 2417 dandis,

442 2427 561 2559 quain
585 2453 822 2558 accipiundis
848 2447 1040 2524 beneficiis
1063 2448 1247 2526 amicitias
1275 2445 1472 2549 parabant.
1519 2447 1731 2549 Imperium
1753 2448 1842 2555 legi-

444 2597 616 2671 tumum,
650 2605 790 2660 nomen
826 2571 978 2684 imperii
1004 2574 1152 2678 regium
1174 2570 1394 2648 habebant:
1420 2567 1574 2659 delecti,
1600 2571 1741 2674 quibus
1762 2599 1843 2656 001.

445 2825 473 2884 7.
490 2805 518 2867 8.
546 2823 591 2867 10.
611 2823 656 2865 11.
679 2821 723 2866 ιι.
760 2801 840 2865 Laid.
860 2822 900 2865 m.
923 2823 955 2867 n.
979 2800 1131 2883 Angustia.
1165 2795 1475 2878 Civ.fDei.a.18.et
1497 2817 1544 2860 αι.
1569 2799 1657 2858 etiam
1679 2798 1844 2864 Panchai

444 2917 564 2988 mserpt.
585 2907 655 2965 addi
673 2907 776 2970 voluit.
795 2905 997 2985 pulcherrima
1017 2917 1104 2984 atque
1124 2903 1243 2985 optima.
1265 2903 1531 2968 Paris.e.Bem.1.
1550 2903 1619 2968 Τιιι.
1636 2924 1666 2968 a.
1683 2901 1763 2966 hanc
1782 2909 1844 2968 leo-

444 3013 518 3073 h'ou.
532 3033 649 3092 quoque
666 3021 785 3090 mscrpt.
805 3010 942 3070 Escnrial.
957 3011 1091 3072 exhibere
1106 3010 1253 3072 videntur.
1270 3007 1393 3088 pessima
1407 3006 1685 3086 etflagiliosnaima.
1700 3009 1762 3077 Bm.
1779 3033 1807 3078 1.

509 3139 582 3222 Cup.
598 3141 626 3205 6.
647 3140 730 3204 sicut.
742 3139 801 3204 Erl.
824 3139 892 3221 Teg.
907 3139 1003 3206 Turio.
1023 3162 1050 3206 ι.
1071 3139 1105 3199 in
1120 3137 1215 3203 initio.
1229 3135 1310 3201 Laid.
1328 3157 1368 3200 ιιι.
1388 3134 1418 3200 h.
1431 3135 1454 3200 l.
1467 3133 1498 3200 h.
1512 3135 1573 3200 Bas.
1590 3135 1618 3207 l.
1632 3137 1712 3204 Serv.
1725 3138 1798 3207 Aen.
1816 3165 1844 3224 7.

445 3249 494 3320 48.
513 3258 542 3307 ot
564 3248 604 3308 ila
622 3247 784 3326 saepissime
805 3247 852 3304 rel
875 3247 982 3326 optimi
1007 3245 1104 3309 codd.
1125 3239 1794 3311 inemendatas.1aeid.m.lrondel.n.1.
1815 3246 1846 3313 3.

445 3353 531 3418 Bern.
552 3373 577 3416 1.
599 3372 626 3415 2.
648 3349 800 3432 Angustia.
814 3349 848 3415 G.
861 3349 898 3414 D.
914 3350 943 3414 3.
962 3374 990 3432 7.
1011 3371 1080 3410 cum
1095 3349 1142 3408 his
1154 3347 1234 3412 leid.
1247 3345 1277 3412 h.
1292 3351 1314 3412 l.
1335 3346 1410 3406 alius
1423 3346 1492 3411 alio.
1505 3344 1585 3411 laid.
1601 3346 1671 3430 (hg.
1689 3348 1803 3418 Fahric.
1818 3375 1846 3418 ι.

445 3455 530 3522 llam.
547 3479 574 3522 a.
592 3458 658 3521 Sen.
678 3476 705 3520 a.
723 3456 784 3519 Bas.
802 3477 827 3526 ι,
846 3477 886 3520 m.
902 3433 1073 3520 scalleuss.
1091 3455 1192 3518 Vinar.
1206 3465 1301 3534 uterq.
1317 3444 1415 3516 Guelf.
1435 3472 1459 3515 ι.
1472 3471 1500 3515 a.
1512 3452 1545 3515 ·5.
1563 3449 1632 3534 Τις.
1647 3455 1733 3520 Mart.
1745 3455 1845 3524 Pemb.

444 3571 510 3643 post
529 3561 701 3624 coaluerant.
717 3559 798 3624 Leid.
814 3559 843 3626 d.
855 3581 883 3643 g.
896 3561 996 3625 Vinar.
1013 3580 1041 3634 a.
1056 3569 1086 3619 et
1099 3559 1176 3624 Edit.
1194 3569 1251 3622 vet.
1274 3557 1386 3618 Cottii:
1408 3558 1448 3615 ita
1466 3554 1548 3616 brevi
1567 3560 1728 3622 multitudo
1748 3562 1847 3626 diver·

445 3687 477 3726 aa
492 3675 579 3746 atqua
596 3687 667 3747 vaga
688 3664 846 3725 concordia
872 3666 970 3725 civitas
994 3667 1069 3725 lacta
1093 3676 1163 3728 erat.
1182 3683 1238 3744 pro
1262 3671 1337 3728 erut
1361 3662 1442 3726 Laid.
1460 3683 1489 3744 g.
1513 3672 1562 3726 eal.
1591 3663 1701 3743 legibrn
1721 3667 1849 3730 mon'bm

447 3771 530 3851 agris
541 3780 640 3834 oracla.
654 3769 773 3852 August.
793 3769 828 3833 C.
843 3769 881 3832 D.
901 3769 930 3834 3.
953 3787 998 3834 ιο.
1008 3768 1154 3846 fitutnmr'.
1167 3767 1229 3832 Bas.
1249 3767 1278 3832 3.
1297 3768 1370 3827 bello
1391 3766 1454 3828 illos
1475 3776 1625 3848 temptare.
1642 3768 1723 3834 Laid.
1741 3791 1782 3837 m.
1802 3792 1849 3837 eoa

425 3887 428 3896 ’
448 3884 571 3940 lmtara
584 3873 703 3956 August.
716 3873 796 3948 ul),
806 3873 835 3938 5.
853 3894 899 3938 ro.
920 3874 1039 3956 reptare.
1053 3874 1115 3939 Bas.
1130 3895 1156 3938 1.
1169 3872 1266 3936 Turio.
1281 3893 1306 3931 ι.
1315 3870 1390 3931 Bam
1408 3892 1433 3937 ι.
1448 3871 1477 3936 3.
1491 3871 1720 3952 lougenbemnt.
1730 3874 1849 3963 Augure.

449 3981 486 4046 G.
501 3981 539 4046 D.
559 3979 588 4045 3.
608 4000 654 4044 ιο.
685 3976 902 4042 adversantibus
923 3978 1064 4039 omnihus
1086 3977 1183 4044 codd.
1209 3976 1345 4059 percallai.
1370 3997 1472 4037 omnes
1489 3975 1570 4036 Laid.
1586 3979 1608 4037 l.
1626 3989 1655 4038 et
1668 3999 1697 4061 g.
1714 3985 1847 4064 exceptis.

451 4087 513 4146 un.
534 4105 559 4151 ι.
575 4105 603 4150 a.
619 4082 687 4166 Teg.
702 4083 762 4148 Erl.
779 4081 849 4147 Tur.
868 4103 894 4147 1.
909 4103 936 4148 a.
957 4083 1044 4148 Bern.
1061 4103 1087 4147 1.
1099 4081 1129 4153 3.
1150 4082 1270 4147 Eccard.
1285 4083 1442 4141 confirmat
1456 4101 1575 4162 quoqne
1592 4081 1654 4148 Bas.
1669 4086 1699 4155 4.
1713 4087 1767 4167 qui
1776 4109 1850 4168 pm-

449 4189 537 4274 palii.
555 4187 693 4272 porcensi,
707 4188 789 4254 Laid.
802 4189 822 4253 l.
835 4187 933 4253 Guell.
953 4186 983 4259 6.
1007 4209 1054 4253 ιο.
1067 4188 1162 4252 Strui.
1178 4187 1240 4252 Ba.
1261 4186 1291 4250 3.
1304 4187 1367 4251 Ine.
1380 4207 1408 4246 2.
1422 4187 1518 4250 Sonat.
1532 4206 1560 4246 a.
1585 4185 1678 4248 armis
1687 4201 1849 4272 protegen.

451 4298 534 4390 quod
549 4307 619 4362 ante
631 4294 771 4360 Ciaccon.
786 4295 819 4356 in
833 4304 911 4356 natu
929 4303 1004 4374 erat,
1017 4292 1129 4363 habent
1142 4291 1223 4358 laid.
1235 4293 1263 4358 k.
1273 4291 1369 4358 Guell.
1381 4312 1407 4352 ι.
1429 4291 1533 4354 mea
1543 4291 1610 4357 aaa.
1621 4293 1702 4353 laid.
1716 4293 1748 4360 h.
1769 4297 1851 4359 accl-
