4050 5009
1592 340 1617 421 5

220 558 412 621 correctns
430 556 506 629 est,
530 556 569 617 et
599 537 800 643 aliquoties
823 536 1002 615 lectiones
1028 536 1194 615 aliorum
1219 537 1328 615 codd
1351 554 1513 635 notatae3
1542 566 1626 619 ver·

218 663 359 737 borum
383 658 476 734 ordo
499 656 699 762 saepissime
726 656 911 732 turbatus.
944 658 1086 732 Paucas
1109 655 1288 733 lectiones
1307 673 1522 735 memoratu
1540 656 1624 767 dig·

218 804 289 854 nas
310 800 495 879 exscripsi.

302 919 368 979 Cat
384 938 410 975 ι.
432 916 539 977 Omnis
553 923 652 973 nostra
666 916 721 977 ris.
745 922 782 979 ἰ.
801 923 852 973 aut
875 911 960 973 bonae
977 914 1045 973 artis
1077 912 1181 994 (quem
1202 913 1336 974 ordinem
1357 916 1421 975 aliis
1444 918 1517 978 locis
1538 920 1626 979 mulli

219 1018 309 1081 oodd.
325 1015 473 1093 retinent.)
495 1012 524 1073 3.
540 1012 785 1073 adulescentulus.
806 1011 834 1083 4.
851 1013 971 1092 incepto
984 1011 1082 1071 studio
1097 1032 1153 1071 me.
1177 1012 1204 1071 5.
1217 1010 1300 1071 domi
1312 1012 1422 1073 militiae
1434 1048 1451 1061 -
1471 1015 1624 1096 quomodo

221 1118 304 1197 (quie
321 1136 361 1174 m.
377 1134 432 1173 see.
449 1110 591 1187 addidit).
614 1110 642 1169 6.
655 1110 693 1169 ab
711 1112 826 1193 origine
842 1128 933 1193 genos
953 1141 971 1157 -
991 1120 1072 1169 motu
1092 1113 1227 1190 pereuni.
1249 1111 1277 1169 8.
1294 1110 1345 1191 qui
1361 1112 1452 1171 secere
1472 1134 1514 1172 ea.
1536 1136 1566 1195 9.
1580 1120 1627 1193 jus

216 1215 334 1275 bonum
353 1208 434 1293 apud
450 1230 509 1270 eos.
535 1230 580 1268 ro.
594 1207 686 1267 bones
702 1219 784 1270 artes.
810 1229 855 1290 ¹9·
869 1209 902 1267 ln
919 1208 1082 1289 provincia.
1114 1228 1161 1267 no.
1180 1208 1213 1267 ni
1232 1209 1348 1267 animus
1370 1210 1444 1269 sorte
1466 1210 1550 1271 fallit.
1573 1210 1625 1273 30.

219 1314 396 1373 missisunt.
427 1309 552 1387 Utrique
573 1306 666 1385 (nom
685 1327 727 1365 m.
747 1326 802 1368 sce.
828 1305 1056 1387 superscripsit).
1085 1306 1133 1376 43.
1157 1308 1201 1366 nti
1226 1328 1293 1368 oum
1316 1305 1442 1366 Catilina
1462 1308 1494 1367 in
1520 1328 1625 1391 agrum

216 1409 396 1471 Fesulanum
414 1408 545 1469 venisset.
566 1416 617 1487 47.
632 1402 784 1465 abdicatus
802 1405 981 1487 magistratu.
1013 1404 1063 1476 48.
1079 1416 1211 1466 senatum
1233 1406 1345 1467 edocet.
1379 1406 1427 1466 55.
1448 1404 1501 1466 nbi
1519 1410 1630 1490 paulu·

217 1512 283 1569 lum
297 1504 469 1567 ascenderis.

300 1626 454 1709 Jugarsta
468 1626 497 1685 6.
521 1634 618 1685 exacta
638 1645 690 1683 sua
708 1634 806 1699 auu,
826 1626 923 1705 paruis
937 1624 1037 1685 liberis
1051 1626 1106 1702 (oe
1122 1646 1163 1690 m.
1180 1644 1237 1685 sec.
1254 1627 1478 1708 superscripsit).
1503 1650 1530 1709 7.
1546 1626 1632 1689 facile

218 1748 393 1790 occasurum
415 1726 499 1805 (cum
517 1746 557 1791 m,
578 1723 651 1801 sec.)
677 1742 723 1782 rr.
739 1722 831 1782 tribus
850 1724 992 1804 proximis
1010 1724 1105 1782 annis.
1127 1722 1192 1802 (his
1212 1744 1254 1781 nr.
1267 1744 1322 1787 see.
1335 1724 1564 1807 superscripsit).
1581 1708 1634 1788 2⁰.

218 1822 526 1887 abllsrieadisoessere
545 1856 559 1869 -
584 1821 697 1883 invasit.
725 1820 770 1881 23.
791 1821 829 1879 ad
847 1820 985 1881 virtutem
1006 1822 1123 1903 erigere.
1150 1834 1199 1893 24.
1221 1821 1425 1881 mamanibus
1447 1822 1503 1901 (ex
1518 1844 1559 1881 nr.
1574 1843 1631 1883 seo.

218 1923 446 2005 superscripsit).
468 1922 517 1981 3ι.
534 1940 633 2002 neque
653 1920 769 2001 eosqui
790 1920 882 1979 iecere
905 1919 959 1996 (eo
981 1940 1022 1977 m.
1048 1938 1103 1979 seo.
1126 1919 1262 1997 adjecit).
1284 1918 1332 1979 33.
1347 1920 1371 1978 si
1388 1940 1489 1979 rerum
1507 1922 1630 2002 aperiat.

219 2022 270 2083 36.
280 2022 407 2080 Romam
430 2020 565 2079 discessit.
586 2018 635 2079 38.
651 2019 743 2092 same,
760 2018 835 2077 serso
850 2021 981 2077 clausum
997 2026 1084 2075 tenet.
1107 2016 1155 2095 39.
1173 2018 1290 2076 animus
1306 2016 1435 2079 ardebat.
1457 2016 1507 2089 40.
1526 2022 1630 2101 negle-

161 2173 169 2192 ,
219 2122 304 2201 gisset
318 2120 376 2197 (m.
387 2116 449 2199 pr.)
471 2131 520 2189 4ι.
536 2117 648 2176 mittere
663 2117 721 2195 (m.
743 2117 807 2196 pr.)
837 2115 887 2187 44.
902 2116 964 2195 spei
980 2113 1075 2173 bonae.
1096 2128 1145 2195 47.
1162 2126 1381 2195 comportarent
1403 2116 1462 2195 (m.
1480 2116 1556 2193 sec.)
1580 2116 1628 2177 50.

217 2217 424 2276 Romanorum
441 2213 535 2272 turba.
560 2214 608 2284 54.
624 2214 779 2273 inimicum
793 2248 812 2261 -
831 2235 926 2295 neque
938 2214 1009 2272 acie.
1032 2212 1080 2271 60.
1097 2215 1252 2293 paululum
1270 2213 1371 2272 modo.
1394 2235 1442 2295 71.
1454 2213 1586 2289 audivit,
1597 2234 1632 2274 ex

219 2312 442 2374 consuetudine.
465 2312 515 2392 75.
539 2331 574 2370 eo
594 2312 731 2390 imponit.
763 2312 811 2392 76.
827 2311 942 2370 duobus
954 2312 987 2369 in
1004 2310 1086 2369 locis.
1110 2309 1158 2391 78.
1176 2312 1251 2391 leges
1269 2314 1431 2391 cultusque.
1453 2310 1502 2370 80.
1524 2308 1632 2375 adver·

218 2432 285 2471 sum
303 2409 392 2468 Rom.
414 2410 462 2479 84.
479 2410 597 2470 volente
615 2407 701 2489 plebe
716 2410 829 2468 militia.
852 2409 901 2489 95.
915 2408 1026 2489 pudeat
1044 2430 1083 2467 an
1098 2409 1196 2489 pigeat
1221 2410 1312 2490 magis
1330 2410 1474 2469 disserere.
1507 2431 1574 2471 roo.
1598 2412 1631 2471 iu

219 2506 345 2566 hiberna
364 2526 428 2587 quae
448 2538 467 2552 -
487 2515 516 2564 et
533 2526 601 2564 sane
620 2506 727 2564 Marius
749 2507 803 2565 illo
823 2508 887 2565 aliis
904 2505 1095 2586 temporibus.
1128 2526 1193 2571 ιοι.
1210 2515 1238 2565 et
1257 2507 1288 2564 in
1305 2528 1454 2587 percussos
1471 2510 1565 2568 aerius
1581 2510 1633 2569 in·

219 2605 331 2666 cedere.
358 2624 423 2663 roa.
439 2602 519 2662 unde
540 2600 718 2684 Jognrtbam
732 2606 864 2683 populus
883 2602 1036 2662 Romanus
1052 2606 1212 2683 expulerat.
1238 2604 1304 2667 108.
1319 2616 1401 2686 pater
1422 2638 1441 2652 -
1461 2617 1542 2665 ortus
1559 2617 1631 2667 erat.

223 2725 290 2764 ιιο.
306 2700 453 2762 deberem.
468 2701 573 2759 Hercle
592 2701 674 2759 Silla.
710 2722 776 2760 ιιι.
794 2702 902 2761 lenitur
924 2722 958 2761 ex
977 2704 1138 2764 voluntate.
1163 2700 1327 2762 113.vullu
1340 2704 1440 2764 colore
1460 2714 1545 2765 motu
1561 2724 1631 2766 cor-

220 2802 312 2881 poris.
343 2799 515 2870 tristamus
530 2808 559 2858 et
577 2799 613 2864 ei.
1554 2783 1559 2789 ’

322 2956 413 3034 Ced.
436 2956 512 3028 III.
563 2953 637 3051 (H.
658 2954 765 3052 202.)
815 2953 887 3028 Sal.
910 2952 1181 3029 catilinarium
1208 2951 1355 3028 bellum
1378 2970 1416 3029 et
1437 2980 1560 3059 pauca
1583 2982 1630 3031 ex

219 3072 465 3179 Jugurthino.
498 3061 624 3147 Codex
643 3070 803 3173 antiqua
831 3070 1040 3176 scriptura,
1067 3070 1262 3175 adspersus
1286 3072 1385 3146 notis
1404 3073 1628 3185 nonnullis.
1717 3116 1722 3125 -

220 3192 359 3266 Forma
388 3188 594 3291 quadrata,
627 3187 669 3261 in
697 3186 822 3292 prima
857 3187 997 3292 pagina
1023 3188 1185 3292 picturoe
1217 3204 1254 3264 et
1290 3186 1458 3265 hominis
1485 3188 1627 3296 imago;

219 3307 353 3382 multae
374 3306 501 3409 glossa:
517 3305 559 3379 in
581 3320 727 3381 textum
744 3321 922 3407 receptae,
946 3330 1089 3408 paucas
1102 3304 1281 3380 lectiones
1295 3304 1406 3379 bonae
1422 3305 1523 3412 frugi
1536 3332 1628 3385 con-

221 3440 325 3499 trnet.

301 3564 375 3646 (inp.
394 3586 423 3631 2.
443 3564 528 3624 bona
545 3567 613 3624 artis
634 3565 753 3628 tamam.
784 3561 813 3632 4.
830 3562 949 3641 incepto
970 3560 1067 3621 studio
1090 3583 1145 3626 me.
1176 3583 1204 3643 9.
1227 3564 1259 3620 in
1286 3583 1358 3643 paee
1373 3562 1448 3640 [roro
1469 3563 1629 3627 beneficiis.

224 3684 271 3723 ro.
288 3661 380 3722 bonas
397 3674 480 3727 artes.
506 3663 551 3732 18,
565 3662 712 3721 Kalendas
729 3660 862 3718 Januarii
881 3691 901 3705 -
920 3659 1022 3718 urbem
1039 3659 1164 3718 Romam
1186 3670 1245 3718 tam
1263 3662 1431 3740 pessimum.
1456 3664 1504 3723 25.
1520 3668 1630 3745 psalle-

220 3782 273 3835 re,
292 3763 414 3834 saltare,
435 3760 552 3820 'eantare
564 3792 583 3804 -
596 3758 766 3817 dicerneres.
789 3758 838 3818 35.
853 3780 921 3819 eum
934 3761 1037 3819 alienis
1051 3758 1233 3820 nominibus.
1256 3758 1305 3830 43.
1325 3760 1455 3821 Statilius
1470 3760 1624 3822 Gabinius.

221 3859 273 3939 47.
292 3860 337 3919 nti
350 3857 535 3917 abdicatura
556 3856 725 3935 magistratu
741 3858 786 3913 sit.
810 3870 859 3936 49.
874 3857 1055 3917 exercebant.
1078 3858 1127 3920 52.
1149 3859 1236 3919 refert
1255 3856 1330 3918 mihi
1348 3868 1436 3942 atque
1454 3858 1547 3925 robis.
1575 3860 1625 3928 55.

219 3956 393 4021 ascenderis.
415 3955 463 4035 59.
479 3965 508 4015 et
523 3976 541 4015 a
558 3954 657 4013 dextra
677 3974 751 4034 rupe
769 3974 878 4037 aspera.

321 4136 411 4210 cod.
437 4138 508 4212 IV.
542 4136 759 4214 Membran.
777 4134 877 4241 brec.
896 4162 966 4210 xrv.
1013 4132 1073 4209 De
1105 4133 1206 4211 bello
1236 4134 1492 4241 Jugurthin0‚
1526 4132 1630 4213 foliis

219 4250 441 4356 majoribus.
473 4255 615 4327 Insunt
638 4268 820 4355 praeterea
855 4249 946 4326 libri
975 4250 1022 4327 de
1041 4250 1150 4328 bellis
1176 4253 1351 4329 civilibus
1383 4252 1485 4331 inter
1509 4254 1628 4332 (18388-
