4050 5009
305 838 385 945 uus
408 837 445 903 r.
464 838 506 902 u.
527 836 632 903 urus
651 833 710 899 ιιι
725 818 845 899 surio
865 828 1054 909 norum
1073 830 1112 899 o.
1133 832 1169 896 c.
1190 830 1336 921 ospes
1354 831 1410 899 ιι
1429 833 1545 900 ocxc
1565 834 1650 901 ιιιι
1692 809 1698 819 ’
1762 919 1766 928 ¹

793 960 938 1027 annos
957 960 1165 1031 mosne

272 1292 382 1372 Ἀιιιιί
396 1290 640 1373 DCLXXVI
649 1316 683 1367 ι.
701 1314 737 1368 o.
749 1310 778 1365 e.
793 1290 969 1367 Οοιιιιιίιι
986 1290 1042 1369 M.
1056 1289 1238 1368 Aemilius
1250 1290 1427 1391 Lepidus,
1450 1292 1498 1395 Q.
1515 1292 1682 1375 Medus

155 1437 161 1446 ’
899 1442 1058 1519 Catulus.

354 1622 473 1688 Sulla·
462 1644 500 1688 ιιι
515 1626 669 1691 Cumano
682 1624 825 1691 decessit
837 1557 1061 1709 bonosque
1030 1644 1064 1691 ιι
1075 1643 1096 1687 a
1108 1632 1227 1689 senatu
1235 1632 1286 1690 est
1297 1624 1447 1704 babitus,
1459 1625 1521 1689 ut
1509 1645 1549 1689 ιιι
1561 1646 1682 1712 campo

276 1728 403 1794 Martio
421 1728 634 1816 sepeliretur.
655 1730 730 1801 Lis.
747 1732 834 1817 Epit.
854 1732 920 1797 XC.
942 1732 1032 1800 Plut.
1047 1730 1152 1795 Sulla
1168 1753 1197 1794 c.
1214 1736 1264 1813 37.
1304 1734 1395 1794 Tum
1413 1732 1460 1794 M
1479 1732 1602 1797 Aemil.
1618 1733 1684 1797 Le·
1804 1808 1811 1818 ⁴

11 1910 15 1921 ,
144 1896 153 1909 ,
273 1834 378 1921 pidus
396 1838 471 1907 Cos.
489 1838 551 1919 qui
563 1840 638 1919 jam
657 1846 755 1905 antea
774 1838 912 1923 plebem
929 1841 973 1901 ad
993 1837 1227 1925 recipiendam
1245 1836 1442 1903 libertatem
1462 1836 1681 1923 accendisset,

271 1941 378 2007 Sulla
393 1942 497 2009 funus
510 1943 637 2010 frustra
650 1944 842 2011 disturbare
856 1953 1015 2029 conatus,
1035 1952 1110 2009 acta
1128 1942 1201 2023 ejus
1215 1943 1410 2009 rescindere
1420 1942 1564 2027 paravit.
1589 1942 1680 2005 Plut.

274 2046 391 2131 Pomp.
412 2070 441 2113 c.
457 2052 505 2118 15.
528 2052 572 2113 ι6.
592 2050 737 2137 Appian.
753 2054 788 2114 B.
813 2049 884 2115 civ.
906 2054 933 2113 1.
955 2052 1023 2113 105.
1045 2070 1113 2132 107.
1134 2051 1207 2114 Lis.
1224 2052 1248 2115 l.
1264 2052 1289 2119 l.
1309 2049 1472 2113 Turbidae
1490 2049 1563 2128 ejus
1581 2068 1682 2133 roga-

274 2150 398 2215 tiones.
420 2156 500 2215 Tac.
520 2157 607 2222 Anu.
636 2160 665 2218 ὅ.
689 2174 739 2237 ι7.
768 2157 857 2223 Flor.
883 2158 914 2218 5.
935 2160 983 2223 ι3.
1026 2154 1131 2233 Cujus
1156 2154 1287 2217 conatis
1314 2174 1393 2215 cum
1421 2154 1509 2215 alter
1535 2152 1683 2232 Consul,

146 2244 151 2260 ’
276 2252 436 2337 Catulus,
457 2250 596 2317 obviam
613 2256 694 2330 iret,
716 2258 806 2336 (Cic.
821 2278 885 2337 pro
906 2258 1013 2318 Gaelio
1032 2280 1060 2317 c.
1081 2275 1130 2331 ις.
1151 2260 1219 2316 Act.
1240 2256 1278 2314 in
1294 2260 1390 2317 Verr.
1406 2258 1431 2311 1.
1454 2274 1502 2311 ιο.
1521 2255 1560 2314 in
1583 2252 1683 2315 Catil.

274 2360 304 2420 ³.
320 2356 397 2441 103)
420 2364 557 2422 senatus
577 2364 748 2441 metuens,
767 2377 813 2421 ne
838 2377 879 2421 ex
896 2354 1022 2419 studiis
1041 2353 1202 2418 civilibus
1222 2374 1351 2417 norum
1372 2354 1506 2420 bellum
1523 2357 1683 2439 oriretur,

275 2462 365 2529 Coss.
380 2461 608 2543 jurejurando
626 2461 826 2539 obstrinxit,
849 2459 953 2523 armis
968 2459 1060 2522 inter
1076 2478 1113 2523 se
1134 2478 1206 2521 non
1228 2480 1299 2524 csse
1320 2470 1517 2527 certaturos.
1536 2464 1682 2549 Appiau.

190 2577 201 2600 ‘
273 2568 300 2637 1.
326 2568 351 2631 l.
379 2570 547 2635 Praeterea
569 2568 765 2656 provincias
788 2565 906 2633 sortiri
927 2572 961 2631 et
980 2564 1126 2629 decretis
1153 2564 1358 2649 exercitibus
1379 2569 1582 2633 maturrime
1600 2587 1683 2653 pro-

274 2672 381 2739 ficisci
399 2676 496 2755 jussi.
514 2676 635 2743 salust.
659 2676 701 2745 ir.
722 2679 749 2740 1.
774 2695 823 2744 ιο.
859 2672 981 2739 Catulo
999 2671 1117 2759 Italia,
1146 2672 1279 2759 Lepido
1312 2672 1428 2739 Gallia
1454 2674 1683 2761 Transalpina

274 2782 426 2847 obvenit.
436 2782 474 2866 ⁶)

354 3090 462 3174 *flea
482 3092 599 3157 statuit
619 3092 887 3167 Freinshemius,
907 3086 1076 3168 supplem.
1099 3084 1173 3149 Lir.
1195 3090 1245 3156 55.
1270 3112 1299 3153 c.
1323 3109 1370 3160 ιι.
1390 3102 1546 3174 secutus,
1565 3098 1682 3183 credo,

269 3195 470 3319 Appianum
493 3198 686 3275 auctorem,
714 3192 806 3275 apud
828 3208 932 3272 quem
954 3196 1018 3254 est:
1044 3177 1298 3291 κληρωσάμενος
1316 3186 1352 3267 (li
1371 3184 1563 3282 uimine
1524 3228 1579 3287 την
1595 3188 1681 3281 duit

269 3282 408 3380 Altum
417 3294 597 3371 Γιιλιιτιιιν
610 3306 743 3377 Contra
752 3332 906 3399 pugnare
923 3308 1061 3375 videtur
1073 3314 1296 3400 Plutarchus,
1316 3316 1434 3400 qniV.
1435 3323 1565 3443 Pomp
1582 3344 1610 3390 c.
1630 3326 1677 3390 ιθ.

276 3420 478 3506 Pompejum
496 3428 615 3485 contra
634 3420 802 3505 Lepidum
816 3422 938 3483 ducem
953 3419 1098 3483 electum
1115 3440 1186 3485 esse
1205 3429 1340 3507 narrat,
1360 3408 1413 3510 τῆι
1432 3406 1516 3505 ἕως
1527 3410 1683 3501 ’Ἂλπιω

277 3528 448 3601 remeius
465 3511 655 3616 »orizam
672 3509 799 3595 td'
746 3540 782 3621 Bp
784 3550 872 3596 ιυτιυ
890 3552 932 3621 cp
916 3508 1106 3625 ριιτιῦμιιτι.
1145 3546 1264 3626 Neque
1289 3553 1403 3610 same„
1429 3548 1519 3611 hanc
1542 3548 1576 3611 01
1601 3569 1682 3634 pro.

278 3647 429 3712 vinciam
447 3650 616 3713 decretam
632 3646 735 3711 fuisse
751 3646 947 3727 confirmat3
967 3648 1005 3710 id
1023 3646 1140 3729 quod
1126 3669 1201 3725 Jam
1220 3668 1261 3713 eo
1281 3670 1406 3735 parum
1423 3662 1472 3717 est
1488 3656 1681 3741 probabile,

278 3756 373 3851 quod
387 3754 583 3838 Lepidus,
573 3776 611 3818 ιιι
631 3751 711 3839 ipsis
730 3754 837 3819 Italiae
856 3746 984 3817 finibus
1003 3754 1192 3817 Proconsul
1207 3776 1286 3818 cum
1306 3756 1455 3823 exercitu
1467 3761 1681 3843 constitutus,

278 3842 366 3925 belli
392 3859 504 3926 civilis
534 3861 696 3944 reliquias
717 3860 853 3943 facilius
877 3860 1023 3924 excitare
1054 3860 1178 3945 potuit.
1220 3861 1371 3926 Alteram
1399 3865 1616 3950 provinciam
1641 3864 1681 3927 iu

277 3977 405 4034 sortem
414 3966 602 4047 conjectam
618 3967 753 4030 Italiam
765 3966 886 4051 fuisse,
909 3964 1053 4053 Pighius
1076 3973 1167 4031 recte
1188 3974 1336 4032 statuere
1357 3968 1513 4050 videtur,
1534 3972 1630 4053 quod
1646 3974 1681 4033 et

279 4072 422 4155 relique
435 4072 621 4159 provincis
637 4073 715 4137 aliis
728 4076 870 4137 decretu
882 4081 995 4160 egani,
1016 4079 1050 4137 et
1065 4072 1214 4137 Sullanae
1228 4070 1388 4137 factionis
1405 4078 1488 4159 dux,
1510 4084 1580 4137 tam
1599 4091 1680 4157 per-

279 4179 416 4242 turbata
435 4178 628 4263 republica,
649 4180 692 4241 ab
708 4180 809 4245 ltalia
826 4178 948 4263 procul
960 4178 1077 4242 abesse
1095 4198 1169 4241 non
1189 4180 1314 4263 potuit.
1334 4183 1493 4245 Ceterum
1508 4182 1552 4241 de
1569 4178 1680 4244 causis

228 4269 234 4286 ’
278 4284 366 4353 belli
385 4306 406 4349 a
427 4286 558 4373 Lepido
579 4282 716 4354 excitati
734 4284 793 4351 cir.
810 4284 941 4373 Ampel.
968 4282 1045 4353 Lib.
1063 4285 1174 4369 Mem..
1190 4305 1223 4387 c..
1241 4300 1309 4363 io:
1327 4286 1520 4351 secuudum
1543 4282 1678 4387 bellum

1354 4396 1379 4444 ᾗ
1725 4398 1733 4417 .
