4050 5009
320 2390 327 2421 i

389 406 414 479 8

459 594 526 657 Tot
544 590 698 656 victoriis
724 591 833 655 elatus
861 591 1033 656 Sertorius
1055 612 1098 657 eo
1128 596 1276 662 audacie
1300 592 1486 681 processit,
1507 604 1547 661 ut
1569 575 1797 696 eRomanis,
1826 603 1828 606 ’

379 699 440 785 qui
465 699 534 778 ejus
557 704 671 781 p'artes
690 699 937 779 sequebantur,
957 700 1102 783 electos,
1122 711 1277 764 senatum
1290 704 1485 801 Romanum
1502 705 1709 795 appellaret,
1733 735 1794 779 ne·
1826 734 1829 739 ·

380 825 450 889 que
470 826 534 888 pro
556 800 655 868 cuule¹
682 806 742 867 sed
768 804 916 887 publicas
945 804 1117 870 libertatis
1140 807 1279 872 vindice
1305 815 1427 895 ageret.
1462 808 1552 881 Plut.
1581 812 1708 879 Sertor.
1736 822 1797 899 233

379 910 525 996 Appian.
544 910 626 973 Bell.
655 910 727 971 civ.
755 931 781 972 1.
804 911 873 973 108.

461 1019 550 1079 Dum
569 1016 666 1088 haec
655 1037 692 1078 rn
714 1015 880 1099 Hispania
901 1024 1076 1101 geruntur,
1094 1020 1130 1081 P.
1146 1018 1321 1100 Servilius,
1334 1037 1399 1101 pro
1417 1018 1557 1083 consule
1577 1020 1618 1083 13
1633 994 1814 1090 Ciliciam·

381 1124 522 1206 missus,
550 1143 629 1185 cum
651 1122 743 1184 leves
765 1131 799 1184 et
824 1121 884 1207 fug
865 1144 960 1185 fraces
981 1124 1173 1206 piratarum
1199 1125 1374 1187 naviculas
1394 1145 1465 1188 uon
1486 1129 1664 1189 incruenta
1682 1128 1792 1192 ricto-

380 1227 434 1293 ria
450 1236 655 1311 superasset,
676 1230 760 1290 mari
782 1246 840 1289 eos
863 1230 1073 1290 submovisse
1101 1249 1172 1291 non
1192 1230 1418 1313 contentus,'
1408 1250 1448 1291 sn
1469 1239 1594 1295 terram
1621 1234 1774 1297 escendit

381 1332 580 1399 3113133313
600 1332 825 1397 validissimas
839 1333 941 1395 urbes
960 1341 993 1395 et
1012 1332 1275 1417 diutiuapraeda
1291 1337 1515 1418 abundantes,
1535 1338 1709 1421 Phaselin,
1724 1300 1796 1402 Co·-⁹

377 1459 500 1522 rycum
525 1448 558 1501 et
582 1440 767 1521 Olympum
787 1422 926 1513 euertit,
948 1441 1188 1521 Isauronque
1177 1460 1288 1524 ipsam
1307 1460 1422 1505 arcem
1443 1441 1575 1506 Ciliciae
1601 1441 1703 1526 cepit.
1728 1434 1807 1516 cfr,

379 1544 471 1608 3333.
491 1549 519 1606 3.
541 1547 570 1605 3.
591 1550 658 1608 nv.
682 1544 770 1627 spir.
792 1546 907 1605 xcur.
921 1542 959 1627 3)
1802 1522 1824 1547 ’

457 1650 586 1712 Eodem
614 1669 706 1713 anno
736 1649 972 1726 Mithridates,
1000 1669 1082 1715 cum
1103 1649 1206 1710 Sullae
1233 1656 1267 1709 et
1293 1655 1429 1716 senatus
1446 1647 1544 1723 jussu
1568 1648 1786 1729 cappadocia

381 1754 548 1838 cessisset,
568 1757 698 1842 legatos
726 1758 840 1823 denuo
862 1756 1008 1832 Romam
1035 1751 1130 1823 misit
1152 1755 1197 1846 ad
1222 1751 1360 1819 13313313
1381 1752 1476 1841 leges
1496 1750 1703 1835 scribendas.
1724 1753 1793 1830 Sed

386 1976 922 2011 *b-*r-r

274 2124 278 2131 -
380 2099 459 2171 cunr
473 2102 596 2166 magna
614 2083 762 2144 militum
780 2104 882 2145 manu
901 2085 946 2145 ad
965 2082 1244 2147 frumentandum
1265 2081 1425 2166 emissus,
1443 2101 1506 2166 per
1522 2079 1659 2150 iusidias
1676 2080 1788 2153 3833.

378 2184 470 2247 13313
491 2206 685 2269 oppressus,
707 2208 784 2249 cum
811 2188 931 2271 paucis
952 2184 1083 2272 cffugit.
1105 2191 1202 2252 Unde
1223 2188 1351 2252 factum
1374 2198 1438 2263 est,
1465 2195 1504 2249 ut
1521 2187 1626 2270 paulo
1650 2192 1725 2268 post
1750 2190 1785 2247 31

376 2288 532 2369 reliquus
553 2290 718 2353 exercitus
735 2292 913 2353 Lusitania
938 2296 1101 2355 excedere
1124 2289 1312 2377 cogeretur.
1333 2296 1417 2377 Quae
1436 2292 1577 2374 quidem
1592 2290 1785 2356 omniathoe

378 2412 470 2457 anno
499 2410 632 2479 peracta
653 2416 742 2480 3333,
771 2396 887 2456 Livius
916 2396 972 2457 his
991 2399 1104 2458 verbis
1135 2398 1330 2481 significare
1355 2396 1502 2457 ridetur.
1529 2398 1592 2478 «ρ.
1617 2395 1784 2457 Sertorius

377 2500 590 2583 proscriptus
603 2501 641 2561 in
657 2500 821 2564 ulteriore
831 2499 1000 2583 Hispania
1024 2500 1146 2585 ingens
1164 2503 1297 2563 bellum
1311 2498 1476 2562 excitavit.
1498 2501 1535 2561 L.
1549 2498 1697 2561 Manlius
1706 2519 1789 2582 pro·

380 2605 502 2665 consul
518 2615 550 2665 ct
571 2608 618 2665 M.
641 2606 811 2687 Domitius
835 2607 977 2689 legatus¹
991 2605 1035 2667 ab
1051 2607 1225 2684 Hirtulcjo
1245 2596 1413 2691 quaestore
1430 2604 1551 2690 praelio
1576 2602 1657 2664 victi
1680 2611 1791 2666 sunt.»

379 2707 527 2789 Reliqua
549 2709 690 2787 quidem
712 2730 784 2772 non
799 2720 1058 2794 commemorat,
1079 2722 1199 2808 utpote
1221 2712 1352 2787 1331333
1361 2754 1372 2786 ,
1401 2731 1496 2792 quam
1522 2730 1597 2791 quae
1628 2709 1667 2770 ln
1691 2706 1792 2770 brevi

273 2836 275 2843 ’
379 2822 578 2895 argumento
598 2811 702 2877 fusius
721 2827 978 2899 enarrarentur3
998 2821 1059 2882 sed
1079 2818 1232 2904 quamvis
1252 2820 1455 2881 Plutarchus
1472 2818 1509 2879 in
1533 2835 1649 2878 rerum
1668 2812 1792 2875 ordine
1826 2808 1829 2812 ’

378 2937 490 3003 perum
509 2917 552 2980 Sll
569 2919 732 2999 diligens,
757 2932 887 2994 iatum,
906 2946 978 2975 curn
996 2928 1066 2977 beer.
1077 2943 1156 2976 autc
1171 2923 1328 2999 Porsrpeji
1344 2926 1529 2989 adventum
1545 2935 1577 2986 et
1594 2918 1697 2983 iniiio
1714 2914 1793 2996 qul·-

380 3025 460 3085 dem
474 3020 561 3082 belli
583 3030 677 3103 gesta
693 3038 763 3082 esse
781 3018 956 3093 adfirmet,
977 3022 1051 3083 haec
1074 3022 1197 3101 codem
1216 3029 1369 3103 tempore
1382 3003 1572 3084 sertorium
1588 3034 1707 3087 contra
1720 3021 1793 3083 Me-

379 3116 503 3191 tellum
522 3125 660 3209 gessisse
683 3132 809 3211 statuo,
830 3149 895 3211 quo
917 3130 987 3191 duo
1008 3128 1208 3190 Consulares
1232 3126 1414 3197 exercitus,
1436 3124 1470 3179 ei
1491 3124 1622 3178 auxilio
1645 3122 1752 3199 missi,
1773 3142 1791 3177 a

380 3229 523 3295 Sertorii
537 3229 657 3315 legatis
672 3232 794 3317 proelio
811 3232 963 3313 superati
984 3233 1074 3283 sunt.
1094 3219 1249 3296 Accedit,
1270 3220 1364 3295 quod
1378 3225 1541 3295 praeterea
1555 3216 1645 3275 nibil
1662 3218 1703 3277 de
1720 3220 1793 3281 Me-

378 3336 456 3402 33111
472 3337 572 3400 rebus
589 3340 655 3399 1100
675 3356 767 3394 anno
788 3331 890 3412 gestis
908 3330 1056 3401 constat,
1076 3321 1146 3381 ntsi
1169 3321 1262 3412 quod
1279 3317 1463 3413 Eutropius
1482 3324 1601 3379 auctor
1623 3326 1694 3383 est:
1716 3321 1792 3385 Me-

378 3442 502 3509 tellum
519 3442 615 3504 vario
633 3443 756 3499 eventu
774 3438 892 3491 contra
909 3421 1102 3487 Sertorium
1123 3404 1314 3498 (1131133333.

462 3544 498 3629 ⁶)
520 3548 601 3609 Haec
625 3540 763 3619 quoque
786 3529 959 3612 expeditio
992 3533 1044 3588 tot
1069 3527 1237 3612 tantisque
1268 3528 1419 3593 tenebris
1453 3530 1632 3593 obscurata
1654 3539 1722 3609 est,
1749 3541 1788 3595 ut

355 3648 498 3716 'omnia
512 3642 679 3712 illustrari
698 3641 753 3704 vix
766 3639 906 3721 possint.
926 3634 1028 3719 Quod
1039 3632 1146 3719 igitur
1166 3628 1371 3700 Debrossius
1384 3636 1536 3719 primum
1553 3638 1788 3702 escensionem

379 3754 419 3819 in
449 3754 613 3814 Rhodum
641 3746 791 3808 insulam
810 3740 947 3818 factam,
973 3739 1094 3825 ibique
1118 3743 1235 3827 plures
1263 3762 1367 3806 naves
1393 3750 1506 3825 captas
1531 3742 1664 3826 statuit,
1686 3742 1723 3804 id
1746 3762 1788 3807 ex

380 3856 508 3939 quibus
530 3852 644 3915 Suidae
668 3849 783 3912 rerbis
818 3837 1026 3933 collegerit,
1047 3847 1162 3912 nescio
1187 3849 1248 3912 cfr.
1278 3848 1368 3912 Hist.
1396 3847 1495 3931 Reip.
1523 3849 1621 3909 Rom.
1653 3847 1728 3914 Vol.
1760 3850 1787 3913 1.
1890 3922 1895 3930 ,
1991 3851 1992 3858 ’

380 3984 416 4046 p.
435 3960 503 4019 551.
526 3958 623 4018 Oros.
638 3955 725 4019 Η131.
746 3958 785 4021 V.
810 3960 859 4018 23.
881 3958 924 4019 de
946 3957 1011 4018 hoc
1030 3954 1124 4017 bello
1137 3954 1185 4016 ita
1203 3952 1359 4038 exponit:
1379 3956 1437 4029 «Ρ.
1451 3974 1531 4017 vero
1544 3950 1725 4034 Servilius,
1747 3972 1788 4017 ex

381 4060 536 4146 consule,
563 4061 722 4124 Ciliciam
752 4068 786 4124 31
808 4060 1048 4145 Pamphyliam
1076 4060 1311 4125 crudelissime
1341 4064 1495 4137 adortus,
1528 4061 1613 4120 dum
1641 4059 1788 4124 subdere

381 4168 511 4245 studet,
531 4188 628 4253 paene
651 4166 787 4231 delevit.
814 4166 955 4249 Lyciam
977 4174 1011 4228 et
1033 4166 1135 4228 urbes
1154 4167 1307 4229 obsessas
1326 4186 1555 4252 oppresasque
1574 4164 1673 4248 cepit.
1697 4166 1788 4227 Prae-

381 4280 474 4347 terea
494 4278 683 4363 Olympum
709 4280 864 4341 montem
884 4280 1104 4357 pervagatus,
1123 4271 1298 4337 Phaselim
1318 4273 1458 4356 evertit,
1477 4274 1648 4356 Corycum
1661 4267 1788 4349 ditarit,
