4050 5009
1510 409 1581 482 nt

191 580 342 684 pecunia
366 597 551 688 empna
570 581 765 687 bellique,
795 583 903 686 quoa
926 561 1237 676 ruminamus,
1260 582 1499 690 npeaanm
1523 576 1579 660 ο.-

190 705 332 783 tendere
344 709 481 813 coepit:
504 708 656 784 animus
670 731 769 812 teger
782 707 941 784 avaritia
956 709 1069 785 facilc
1084 715 1286 786 convorsus
1303 725 1367 784 est
1402 711 1579 785 Ceterum

188 828 299 906 socius
340 847 380 908 ct
411 832 637 909 administer
672 830 849 906 omnium
877 831 1124 908 consiliorum
1154 831 1369 908 adsumitur
1395 834 1577 914 Scaurus:

189 953 250 1054 qni
274 954 420 1032 tametsi
449 984 473 1031 a
506 954 727 1061 principio,
766 954 957 1059 plerisque
989 982 1035 1032 ex
1065 956 1230 1034 iactione
1258 955 1338 1032 eius
1372 958 1578 1061 corruptis,

189 1102 374 1156 acerrume
403 1107 530 1186 regem
562 1079 885 1184 impugnaverat,
916 1095 1045 1155 tamen
1073 1077 1339 1184 magnitudine
1362 1079 1577 1184 pecuniata

190 1199 281 1278 bono
299 1201 534 1307 honestoque
552 1204 593 1279 in
612 1229 774 1307 pravum
794 1201 1004 1279 abstractus
1020 1219 1081 1279 est.
1116 1203 1188 1278 Sed
1205 1201 1390 1308 Iugurtha
1406 1205 1578 1308 primum

190 1327 447 1404 tantummodo
462 1327 555 1404 belli
570 1353 718 1402 moram
730 1325 1216 1418 redimebat,existumans,
1232 1351 1308 1402 sese
1319 1325 1471 1430 aliquid
1482 1328 1578 1404 inte·

190 1448 256 1526 rim
272 1453 399 1528 Romae
414 1451 536 1556 pretio
550 1467 619 1528 aut
638 1451 758 1554 gratia
778 1450 1023 1527 effecturume
1040 1469 1166 1556 postea
1185 1477 1273 1526 vero
1287 1477 1405 1553 quam
1423 1453 1577 1555 partici-

189 1597 269 1674 pem
289 1576 431 1681 negotii
450 1577 638 1652 Scaurum
656 1572 827 1677 accepitz
853 1574 895 1647 in
907 1601 1128 1649 maxumam
1143 1600 1248 1680 spem
1267 1575 1455 1651 adductus
1472 1599 1579 1652 recu·-

189 1699 356 1799 pcrandae
364 1699 483 1804 pacis,
499 1699 634 1774 statuit
645 1724 736 1774 cnm
751 1696 804 1772 eis
815 1697 864 1772 dc
878 1697 1056 1772 omnibus
1070 1697 1312 1802 pactionibus
1323 1723 1485 1804 praesens
1496 1727 1580 1804 agc-

190 1845 233 1896 rc
258 1824 432 1899 Ceterum
448 1823 591 1898 interca
606 1820 694 1898 fidei
706 1845 835 1896 caussa
854 1821 1025 1896 mittitur
1037 1849 1060 1896 a
1073 1821 1236 1898 Consule
1246 1823 1393 1898 Sextius
1405 1822 1581 1921 Quoestor

190 1945 228 2020 in
258 1947 442 2053 oppidum
472 1943 668 2051 Iugurthae
693 1947 881 2022 Vacsam:
915 1945 1025 2021 cuius
1063 1945 1118 2022 rei
1140 1945 1279 2050 species
1301 1963 1384 2030 erat
1410 1947 1578 2052 acceptio

188 2068 382 2162 frumenti,
407 2070 514 2174 quod
535 2069 767 2174 Calpurnius
790 2067 921 2171 palam
937 2069 1067 2174 legatis
1086 2069 1360 2174 imperaverat:
1392 2072 1579 2174 quoniam

188 2193 381 2271 deditionis
407 2221 515 2271 mora
546 2191 716 2268 inducite
737 2190 993 2296 rgiahanmr.
1046 2193 1169 2298 Igitur
1187 2219 1269 2282 rex,
1294 2192 1354 2270 uti
1374 2195 1579 2272 constitue·

189 2334 258 2409 rat,
281 2319 321 2394 in
343 2335 466 2396 castra
484 2317 615 2411 venit,
639 2343 685 2391 ac
702 2343 826 2420 pauca
858 2317 1034 2420 praesenti
1060 2317 1219 2394 consilio
1241 2317 1393 2394 locutus
1411 2319 1459 2395 de
1482 2321 1578 2397 invi-

189 2441 246 2516 dia
267 2442 356 2519 sacti
379 2441 440 2519 sui
467 2457 584 2546 atque
608 2440 667 2516 uti
689 2440 732 2515 in
759 2439 994 2516 deditionem
1023 2441 1277 2546 acciperetur,
1310 2442 1457 2546 reliqua
1487 2471 1577 2524 cum

189 2568 298 2644 Bestia
317 2583 356 2644 ct
375 2568 519 2643 Scauro
534 2579 675 2642 secreta
695 2563 894 2672 transigit:
918 2564 1010 2642 dein
1032 2581 1181 2670 postero
1202 2565 1283 2659 die,
1307 2567 1416 2671 quasi
1431 2594 1501 2674 per
1519 2595 1578 2650 sa.

188 2705 305 2768 turam
323 2691 518 2796 exquisitis
536 2688 753 2780 sententiis,
774 2687 818 2764 in
835 2687 1072 2766 deditionem
1100 2690 1296 2795 accipitur.
1335 2689 1408 2768 Sed
1422 2695 1481 2770 uti
1506 2719 1578 2799 pro

188 2816 336 2893 consilio
359 2817 592 2920 imperatum
617 2829 723 2904 crat,
755 2809 950 2916 elephanti
977 2813 1160 2919 triginta,
1193 2839 1308 2919 pecus
1338 2831 1454 2920 atque
1486 2819 1578 2922 eqni

189 2940 316 3032 multi,
340 2966 431 3016 cum
449 2965 566 3044 parvo
587 2936 734 3044 argenti
762 2935 932 3041 pondere
952 2937 1140 3036 Quoestcri
1161 2936 1377 3014 traduntur.
1413 2941 1578 3048 Calpur-

190 3137 302 3206 laeid.h.
331 3137 506 3200 mutter
525 3138 621 3205 cctsti·
640 3137 739 3218 priano
758 3133 844 3199 rasa.
862 3135 959 3200 strar.
987 3138 1047 3198 inc.
1065 3156 1091 3201 ι.
1116 3135 1176 3200 Erl.
1204 3135 1265 3204 Bas.
1277 3135 1307 3209 A.
1326 3137 1396 3199 Tur.
1421 3158 1451 3200 ss
1463 3139 1577 3221 ⁶112de

189 3244 291 3308 fabric.
308 3245 405 3309 Strnr.
424 3243 494 3327 Teg-
513 3242 583 3302 Tur.
603 3251 755 3323 acceperet
774 3241 921 3304 Commcl.
939 3244 1053 3324 aliquot
1063 3241 1181 3318 iiam,
1200 3243 1363 3304 trnGuelt.
1390 3243 1503 3310 Fabric.
1525 3245 1576 3308 Ac·

190 3349 273 3412 Stmv.
292 3347 401 3432 accipit
418 3349 488 3411 vin.
504 3369 532 3409 2.
551 3346 663 3430 accepit
681 3348 779 3408 ceteri.
797 3367 866 3408 eum
876 3347 917 3410 eia
932 3367 993 3408 οιιι.
1006 3345 1104 3412 Gnsli.
1117 3347 1145 3418 4.
1166 3365 1234 3409 cum
1247 3345 1293 3408 tis
1308 3346 1376 3412 Tur.
1391 3345 1492 3410 Vacca
1506 3349 1575 3433 Τις.

191 3452 318 3529 Brund.
337 3454 407 3520 Tur.
428 3452 514 3514 ch.
528 3473 554 3512 1.
569 3456 598 3517 ὅ.
621 3449 709 3532 Vaga
727 3451 816 3512 Pelet.
835 3451 977 3512 meliores.
997 3448 1124 3512 Sartitts.
1143 3451 1181 3531 Q.
1201 3451 1305 3514 Sextus
1330 3450 1415 3513 Febr.
1431 3474 1459 3514 2.
1478 3453 1577 3523 Struv.

190 3558 286 3627 Sena.
305 3561 406 3622 Herus.
427 3557 526 3620 Gucli.
539 3578 585 3618 ιι.
605 3558 665 3618 inc.
684 3556 780 3618 Stmr.
799 3555 905 3617 Frsnc.
924 3553 1063 3636 trmssfit
1081 3555 1151 3617 Nar.
1177 3555 1291 3618 utun
1311 3555 1372 3617 Bes.
1385 3580 1411 3619 ι.
1432 3557 1530 3622 Guelf.
1546 3581 1576 3623 2.

191 3663 261 3727 leid.
270 3687 296 3728 c.
306 3670 328 3732 l.
340 3687 373 3728 ιι.
393 3665 478 3726 Bcrn.
495 3685 522 3724 ι.
535 3662 566 3724 3.
585 3659 728 3742 mangi
742 3662 839 3723 ceteri.
858 3669 966 3722 &creto
985 3657 1072 3720 rubr.
1083 3679 1110 3725 2.
1130 3661 1211 3724 Vrat.
1222 3682 1249 3722 2.
1276 3661 1345 3724 vin.
1357 3683 1384 3724 2.
1403 3664 1456 3728 dc·
1477 3665 1576 3728 Gnelf.

193 3772 218 3832 Ξ.
236 3791 263 3836 ι.
283 3794 323 3838 ιιι.
335 3791 392 3834 sec.
417 3767 555 3850 presenti
572 3767 627 3829 loc.
647 3765 750 3828 comil-
774 3765 845 3826 Tur.
864 3764 949 3825 ch.
967 3785 994 3826 1.
1020 3763 1159 3843 miserti
1183 3767 1268 3828 Bcrn.
1286 3788 1313 3826 ι.
1339 3767 1464 3830 satiram
1482 3771 1575 3852 legem
1692 3765 1696 3772 ’

192 3871 250 3941 {cc
268 3877 363 3940 Genii.
376 3899 405 3959 7.
417 3897 449 3957 9.
466 3895 512 3935 ιο.
528 3895 575 3940 ιι.
593 3893 641 3934 ta.
660 3872 729 3933 vin.
746 3889 774 3933 2.
801 3871 882 3932 Vnt.
893 3889 923 3936 2.
935 3873 963 3935 3.
982 3869 1080 3934 strnv.
1100 3871 1159 3932 inc.
1171 3889 1200 3932 2.
1224 3869 1309 3932 Rem.
1324 3893 1350 3933 1.
1369 3872 1473 3936 Franc.
1492 3873 1574 3936 Leid.

194 3979 334 4044 imdrl.
362 3979 488 4044 ch.3.
519 3978 574 4039 ιι.
598 3975 680 4038 Leid.
694 3974 725 4035 b.
738 3973 771 4035 h.
800 3973 924 4036 Berna-
955 3972 1086 4055 imp.cst.
1114 3974 1199 4036 nem.
1213 3995 1239 4036 1.
1267 3974 1353 4043 Bam.
1370 3998 1396 4038 1.
1428 3997 1573 4041 roncum

191 4102 281 4165 parco.
293 4097 344 4152 ant
354 4106 383 4152 c.
397 4105 428 4153 ιι,
435 4106 470 4169 ρ.
488 4081 685 4168 Gneltpmt.
700 4099 747 4150 ι2.
767 4079 834 4144 Ecc.
853 4079 950 4150 ὅσοι.
970 4080 1074 4152 inccrt
1094 4079 1249 4147 vnctus.
1269 4081 1383 4148 Fahn'c.
1395 4102 1423 4147 2.
1442 4082 1527 4148 Ram.
1546 4105 1572 4151 ι.

1209 4221 1253 4311 ι5
