4050 5009
482 423 534 498 90

481 577 623 656 honori
638 577 810 670 ducitur,
832 579 1019 684 Iugurtha
1036 580 1143 659 foret.
1175 581 1277 660 Dein
1290 599 1432 676 tamen,
1458 599 1504 660 ut
1516 583 1618 660 aetati
1639 577 1880 664 concederet,

481 703 660 810 fatigatus
671 731 694 779 a
706 703 837 796 fratre·
852 704 915 780 vix
926 704 969 782 in
985 721 1135 811 partem
1151 691 1309 784 alteram
1328 707 1569 783 transductus
1590 723 1653 783 est
1682 705 1742 781 Ibi
1756 725 1880 806 quum

482 829 604 904 multa
623 829 671 905 de
687 828 992 906 administrando
1011 829 1172 935 imperio
1189 831 1429 922 dissererent,
1449 829 1636 937 Iugurtha
1658 831 1760 905 inter
1789 825 1882 900 alias
1987 921 1993 925 -

482 978 539 1029 ret
558 953 669 1029 iacit:
688 969 890 1058 opportere
908 953 1139 1057 quinquenii
1159 957 1331 1031 consulta
1349 970 1387 1030 et
1403 956 1551 1032 decreta
1566 954 1694 1031 omnia
1707 947 1880 1030 rescindi.

460 1078 579 1152 'Nam
607 1105 677 1182 per
701 1104 745 1154 ea
774 1094 945 1181 tempora
971 1078 1190 1154 consectum
1221 1081 1347 1156 unnis¹
1361 1080 1561 1186 Micipsam
1589 1106 1728 1184 parum
1753 1074 1884 1150 animo
2007 1129 2008 1150 .

481 1201 647 1279 valuisse.
692 1205 794 1314 Tum
817 1202 920 1278 idem
938 1202 1132 1306 Hiempsal
1163 1202 1314 1308 placere
1330 1204 1403 1279 sibi
1436 1203 1666 1310 respondit:
1700 1201 1799 1277 Nam
1824 1196 1884 1300 ip-
2007 1209 2008 1286 1

479 1351 566 1403 sum
582 1327 697 1404 illum
717 1325 778 1402 his
795 1327 917 1403 tribus
937 1327 1133 1431 proxumis
1157 1327 1268 1404 annis
1293 1327 1540 1432 adoptatione
1558 1329 1600 1403 in
1621 1351 1783 1432 regnum
1798 1347 1885 1427 per·
2007 1391 2008 1418 p

481 1453 632 1528 venisse.
678 1450 796 1549 Quod
821 1452 982 1526 verbum
1015 1451 1056 1527 in
1090 1467 1221 1555 pectus
1246 1451 1441 1558 Iugurthae
1461 1453 1600 1543 altius,
1637 1477 1755 1554 quam
1784 1444 1885 1550 quis·
2007 1453 2008 1500 ἓ

479 1598 598 1680 quam
626 1592 730 1652 ratus
760 1589 858 1665 erat,
885 1575 1087 1651 descendit.
1132 1578 1267 1677 Itaque
1293 1601 1339 1650 ex
1359 1602 1403 1652 eo
1431 1591 1601 1680 tempore
1620 1577 1676 1650 ira
1709 1589 1747 1649 et
1762 1589 1884 1646 -metu
2007 1627 2008 1630 ,

479 1702 616 1778 anxius
636 1700 783 1791 moliri,
809 1725 963 1805 parare,
988 1715 1105 1802 atque
1124 1726 1167 1774 ea
1190 1699 1303 1774 modo
1336 1727 1426 1776 curn
1457 1701 1587 1776 animo
1613 1699 1775 1789 babere,
1799 1695 1886 1800 qui·-
2007 1729 2008 1796 g

479 1827 551 1920 ltus
571 1824 764 1928 Hiempsal
784 1849 855 1928 per
873 1822 1008 1898 dolum
1026 1839 1233 1927 caperetur.
1274 1823 1371 1920 Quae
1393 1824 1461 1900 urbi
1486 1823 1630 1900 tardius
1658 1819 1884 1928 procedunt,

480 1977 607 2054 neque
623 1949 769 2024 lenitur
786 1947 938 2023 animus
954 1945 1077 2040 ferox3
1100 1945 1234 2021 statuit
1255 1948 1388 2049 quovis
1414 1946 1527 2024 modo
1550 1949 1747 2052 inceptum
1770 1943 1884 2051 perli-
2007 1935 2008 1998 Ϊ

441 2101 578 2151 tacere.
615 2073 744 2149 Primo
767 2087 977 2160 conventu,
1004 2096 1120 2174 quem
1138 2070 1188 2145 ab
1208 2071 1345 2174 regulis
1366 2071 1510 2147 factum
1526 2097 1641 2176 supra
1660 2067 1887 2155 memorari,
2007 2085 2008 2122 t

481 2216 639 2304 propter
661 2197 929 2274 dissensionem
959 2193 1157 2297 placuerat
1180 2192 1299 2268 dividi
1326 2192 1517 2270 thesauros
1546 2195 1710 2298 finisque
1735 2189 1887 2297 imperii
2007 2201 2008 2212 ¹

481 2323 640 2427 singulis
659 2321 849 2397 constitui.
887 2323 1022 2421 Itaque
1047 2332 1196 2422 tempus
1221 2318 1271 2392 ad
1301 2333 1506 2423 utramque
1529 2347 1610 2394 rem
1637 2316 1888 2403 decernitur,
2007 2297 2008 2374 l

482 2449 548 2528 sed
563 2447 751 2525 maturius
769 2444 819 2521 ad
842 2443 1048 2548 pecuniam
1066 2440 1378 2520 distribuendam.
1413 2444 1547 2550 Reguli
1567 2443 1710 2520 interea
1739 2440 1782 2517 iu
1804 2435 1894 2514 loca¹

483 2654 574 2715 ctiam
585 2652 791 2713 antearoram
808 2648 941 2710 omnibus
957 2646 998 2726 ig.
1028 2645 1114 2706 Bern.
1128 2645 1157 2708 5.
1178 2649 1248 2707 unte
1272 2645 1374 2708 Basa.
1389 2645 1418 2720 d.
1445 2648 1562 2709 Gruter.
1574 2648 1668 2711 wass.
1687 2629 1794 2709 omnes
1805 2643 1900 2706 Leitl.v

484 2770 575 2820 antea
593 2759 659 2823 ttiv.
681 2756 763 2816 Cort.
783 2752 1006 2836 dehinc1tamcn
1025 2751 1151 2816 lierni.
1170 2753 1230 2812 inc.
1244 2773 1269 2811 1.
1289 2751 1386 2812 Gucll.
1402 2753 1431 2812 6.
1449 2773 1494 2812 ιι.
1514 2753 1595 2814 Leid.
1608 2753 1636 2813 t.
1658 2751 1779 2812 Merseb.
1801 2750 1892 2812 ltu-ii.
2007 2769 2008 2832 ι

486 2866 569 2925 retati
593 2863 660 2942 om.'⁸
673 2861 772 2922 Guell.
789 2860 817 2926 5.
837 2869 870 2919 ut
883 2869 931 2920 cet.
959 2859 1023 2920 Bas.
1037 2879 1063 2918 ι.
1085 2857 1168 2921 Rern.
1185 2875 1211 2915 ι.
1231 2857 1391 2916 translatus
1403 2868 1445 2917 est
1464 2857 1560 2918 Guelt.
1574 2857 1601 2917 5.
1623 2859 1703 2923 trad.
1714 2855 1898 2928 estleiddx

486 2969 518 3029 h.
539 2968 581 3028 rbi
591 2988 660 3028 eum
674 2968 756 3030 mu.
769 2987 798 3024 a.
812 2964 833 3024 ἰ.
850 2964 907 3024 dit.
922 2961 984 3024 lucc
997 2963 1103 3023 desunt
1120 2963 1153 3021 in
1164 2960 1261 3020 Guell.
1279 2961 1306 3021 5.
1327 2961 1440 3023 Fabric.
1457 2983 1485 3023 ι.
1506 2962 1756 3022 amministranda
1774 2961 1838 3024 Bas.
1865 2979 1892 3018 ι.
2007 2993 2008 3056 q

486 3094 533 3135 rat
546 3074 627 3134 iacit.
646 3075 687 3134 sic
702 3071 780 3132 llirii
796 3071 938 3134 meliores.
959 3070 1064 3128 Luctat
1082 3067 1120 3126 ad
1139 3065 1211 3126 Stat.
1233 3063 1326 3132 Theb.
1341 3087 1366 3125 ι.
1379 3069 1449 3137 dtr.
1469 3067 1532 3127 Bas.
1547 3089 1572 3127 ι.
1594 3066 1677 3127 Rern.
1696 3087 1723 3126 t.
1744 3063 1844 3126 Guell.
1866 3084 1893 3122 t.
2007 3059 2008 3120 l

488 3199 518 3239 ι.
536 3179 650 3243 Leidt.
670 3177 741 3237 Nat.
760 3193 858 3258 nupt.
878 3171 924 3233 ait
942 3173 1040 3237 ceteri.
1063 3192 1144 3233 cons.
1164 3173 1287 3232 etdeer.
1301 3171 1413 3232 omnib.
1440 3171 1540 3232 omnia
1553 3193 1614 3231 om.
1633 3169 1748 3232 Fabrio.
1760 3190 1789 3230 a.
1811 3170 1893 3229 decr.
2007 3129 2008 3224 l

486 3304 566 3346 cons.
580 3302 662 3344 omn.
682 3279 785 3348 ΒΜ.
806 3296 886 3338 coru.
902 3286 929 3337 et
944 3278 1025 3336 decr.
1039 3294 1111 3335 resc.
1130 3295 1210 3336 omn.
1232 3274 1316 3340 Bern.
1332 3297 1356 3335 ι.
1378 3285 1497 3338 etomn.
1516 3277 1597 3337 decr.
1621 3276 1721 3336 Heuss.
1742 3273 1846 3336 omnia
1867 3283 1896 3332 et
2007 3239 2008 3328 l

487 3392 596 3451 decret.
614 3387 697 3448 Vrat.
709 3407 733 3444 ι.
755 3383 853 3443 Guell.
868 3403 914 3446 ιι.
936 3380 1017 3441 Cort.
1038 3381 1128 3440 tribus
1144 3381 1190 3440 bb
1201 3401 1290 3461 prox.
1311 3383 1424 3462 aliquot
1437 3380 1535 3440 Guell.
1557 3383 1615 3442 inc.
1635 3381 1736 3441 vinar.
1752 3400 1781 3441 a.
1802 3379 1894 3447 dead.

487 3495 575 3556 Rem.
587 3515 613 3552 ι.
635 3490 762 3550 tristrtln
787 3487 868 3546 Leid.
879 3488 937 3546 c.i.
949 3485 977 3545 k.
1006 3483 1119 3544 drond.
1148 3483 1249 3544 Pcmb.
1277 3483 1340 3544 Bas.
1359 3506 1383 3543 ι.
1413 3485 1497 3545 Bern.
1518 3505 1543 3544 ι.
1559 3485 1588 3545 δ’.
1617 3484 1663 3546 tut
1678 3487 1764 3545 omis.
1778 3485 1895 3546 Gruter.

487 3598 579 3657 wast.
594 3606 624 3655 et
636 3598 735 3674 plures
743 3591 840 3656 Codd.
853 3589 1045 3670 adoptatione
1063 3589 1170 3653 Sena,
1191 3590 1250 3653 ine.
1269 3611 1294 3648 1.
1315 3589 1377 3648 Bas.
1391 3611 1416 3654 t.
1429 3590 1511 3651 leid.
1523 3593 1543 3649 1.
1555 3611 1595 3648 m.
1603 3611 1649 3671 pr.
1672 3589 1801 3650 Arrond.
1823 3590 1895 3674 lleg.
2007 3585 2008 3636 l

489 3700 622 3763 untr.
635 3709 671 3760 Δ.
693 3696 792 3759 Pemb.
812 3694 970 3775 adoptione
988 3692 1084 3752 ceteri.
1108 3701 1190 3753 ratus
1207 3702 1280 3752 crat.
1301 3703 1366 3754 erat
1384 3715 1444 3754 om.
1461 3693 1548 3754 Palat.
1561 3697 1592 3756 8.
1611 3699 1708 3775 plures
1721 3692 1836 3758 Wassii.
1857 3706 1899 3758 cst
2007 3639 2008 3718 l

489 3804 575 3864 Bam.
587 3824 614 3862 1.
635 3803 724 3861 modo
737 3799 838 3860 animo
854 3799 960 3858 habere
978 3797 1046 3856 Nat.
1067 3797 1126 3856 Pal.
1142 3798 1173 3858 5.
1186 3819 1231 3858 to.
1250 3797 1363 3861 Fabric.
1380 3818 1406 3859 a.
1428 3797 1529 3860 Guell.
1547 3821 1572 3859 ι.
1587 3801 1615 3860 5.
1628 3801 1657 3865 6.
1671 3823 1718 3862 ιι.
1741 3801 1897 3875 t‘rttanimo
2007 3845 2008 3904 t

490 3909 578 3993 pauci
595 3907 750 3966 deteriores
762 3901 841 3962 libri.
2007 3909 2008 3998 q

573 4033 647 4113 Cap.
671 4053 716 4092 ιι.
753 4032 905 4110 placuerat
922 4026 979 4087 iltis
1007 4026 1127 4088 Eccard.
1162 4029 1258 4090 Guelt.
1283 4051 1328 4092 ιι.
1357 4030 1420 4092 Βιι.
1438 4029 1471 4105 d.
1498 4031 1595 4112 itaque
1611 4033 1804 4114 adlatramq.
1826 4055 1900 4098 rem.
1976 4071 1983 4087 ·
2007 4027 2008 4090 i

492 4156 578 4218 remp.
597 4140 715 4197 decern.
747 4134 806 4195 boc
829 4134 932 4195 ordine
948 4133 1080 4212 plerique
1093 4132 1186 4192 Cortii
1203 4133 1284 4194 libri.
1303 4135 1351 4194 sed
1373 4156 1474 4195 omnes
1492 4137 1573 4197 Leid.
1594 4137 1656 4197 Bas.
1684 4137 1772 4200 Bern.
1801 4139 1903 4203 Turta.

491 4247 640 4325 vulgatam
658 4241 793 4301 retinent.
835 4239 878 4297 ita
897 4235 1008 4296 Fabric.
1026 4256 1051 4296 ι.
1073 4235 1228 4296 Thirmida
1249 4241 1381 4299 melioret
1397 4240 1476 4301 libri.
1519 4240 1663 4303 Tarmida
1680 4243 1744 4303 Bra.
1761 4266 1788 4304 1.
1831 4245 1903 4306 Tir-
2007 4257 2008 4270 ¹

493 4347 604 4422 mua,
633 4345 731 4407 Tarm.
761 4344 904 4405 Tamuda
918 4381 936 4414 ,A
966 4339 1142 4412 Tarmudc„
1167 4339 1309 4404 Tirmuda
1319 4383 1332 4416 ,
1363 4345 1510 4410 Tirimida
1528 4350 1626 4411 ceteri.
1655 4359 1845 4432 arreptaeque
1871 4351 1902 4414 ci
