4050 5009
1579 389 1653 483 ³09

238 577 421 666 scriptores
431 577 609 668 legantur,
628 576 818 644 ridendum
838 595 957 642 annon
970 575 1078 641 altera
1093 576 1259 660 scriptura
1272 598 1350 642 cum
1368 580 1551 667 geminatis
1567 601 1650 648 con-

238 687 439 752 sonantibus
459 684 605 752 omuino
636 686 824 750 deserenda
849 685 903 752 sit.
943 688 985 747 ln
1007 683 1122 748 verbis
1142 684 1343 769 compositis
1359 689 1551 770 plurimum
1572 699 1650 774 ety-

238 793 400 880 mologias
427 793 564 870 tribuit;
591 791 632 857 iu
659 791 737 858 aliis
759 791 1055 877 pronuntiationi,
1086 811 1163 874 quae
1191 800 1265 854 tum
1298 803 1387 870 erat,
1417 795 1525 862 cessit.
1554 818 1586 859 v.
1618 819 1647 860 c.

238 893 394 984 inpono,
422 897 685 985 inportunum,
704 895 891 982 inprimis,
912 895 1111 981 inlustria,
1140 895 1306 988 inpiger,
1335 896 1564 987 inmaturus,
1594 900 1651 966 in·

237 1027 419 1092 rumpere,
438 1009 636 1091 conplexu,
664 1006 877 1087 conplures,
899 999 1152 1085 conloquium,
1174 1001 1337 1092 aristicti,
1357 1007 1565 1096 adrogant,
1586 1010 1651 1075 ad·

238 1111 364 1196 tendo,
385 1110 560 1194 adlicere,
582 1105 768 1193 inliceret,
791 1103 1000 1187 inbecillus,
1015 1108 1188 1194 obmitto,
1211 1109 1449 1202 obpugnatio.
1470 1114 1584 1180 Etiam
1593 1111 1648 1180 di·

238 1211 296 1280 cio
313 1225 347 1280 ct
367 1212 557 1301 condicio,
573 1236 650 1300 quae
668 1215 794 1300 passim
813 1215 993 1300 leguntur,
1015 1219 1060 1280 ad
1085 1217 1334 1304 etymologiam
1350 1218 1563 1284 conformata
1578 1241 1649 1286 esse

236 1322 409 1386 ridentur.
434 1324 561 1387 Contra
570 1323 777 1405 scribuntur,
789 1331 826 1384 ut
837 1323 1130 1406 pronunciantur:
1152 1331 1347 1408 temptare,
1366 1335 1554 1412 sumptus,
1568 1349 1650 1392 exe-

238 1427 354 1513 crari,
373 1436 565 1512 secuntur,
587 1426 755 1514 relicum,
777 1449 900 1514 cocus,
919 1426 1069 1515 cotidie,
1090 1431 1145 1494 vel
1160 1429 1322 1517 cottidie,
1336 1441 1523 1518 exuperat,
1544 1431 1651 1498 erili·

238 1553 315 1616 um,
349 1531 563 1618 quicquam,
596 1531 837 1618 nequiquam,
868 1542 1080 1618 expectare,
1109 1535 1268 1620 optinet,
1301 1537 1504 1623 extinctor,
1531 1535 1650 1604 extin-

235 1641 391 1728 guendi,
420 1642 588 1724 dextera,
619 1640 830 1724 exequitur,
860 1643 1019 1726 cocleas,
1046 1640 1192 1707 adicere
1209 1642 1296 1728 (Cat.
1315 1645 1381 1728 9ο.)
1400 1665 1505 1726 quam
1526 1645 1649 1709 lectio·

237 1767 318 1812 nem
334 1767 452 1812 omues
466 1745 553 1812 boui
567 1749 675 1811 codd.
691 1747 902 1812 confirmant.
919 1748 962 1810 de
980 1769 1000 1811 c
1018 1758 1051 1814 et
1066 1748 1231 1838 glitteris
1251 1751 1388 1813 mutatis
1406 1749 1468 1822 cir.
1485 1749 1647 1814 Scbueid.

237 1855 289 1918 De
307 1853 359 1916 El.
383 1856 419 1916 L.
447 1855 483 1917 L.
509 1856 536 1918 Ι.
564 1877 601 1938 p.
622 1857 692 1927 235.
735 1853 844 1918 Multa
869 1874 910 1918 ex
939 1853 1011 1928 bis,
1033 1853 1106 1918 imo
1140 1875 1183 1920 ex
1206 1855 1443 1940 superioribus
1461 1855 1648 1939 nonnulla,

237 1962 331 2024 haud
352 1960 458 2025 dubie
472 1963 565 2045 apud
584 1959 698 2045 ipsum
719 1961 920 2025 Ciceronem
938 1961 1149 2026 restituenda
1166 1971 1264 2047 sunt,
1284 1963 1397 2027 sedin
1412 1963 1560 2027 Salustio
1574 1983 1650 2025 ma·

233 2066 311 2146 jore
332 2087 410 2131 curn
433 2085 515 2130 cura
533 2065 778 2142 examinanda,
800 2085 844 2130 ne
868 2064 972 2129 totius
993 2065 1162 2129 orationis
1183 2070 1279 2130 color
1300 2079 1461 2132 mutetur.
1482 2071 1649 2133 Praeterea

238 2183 270 2236 et
293 2169 410 2263 Gajus
433 2179 466 2234 et
489 2173 626 2253 Gneus,
653 2169 757 2233 etiam
783 2170 847 2234 ubi
874 2170 965 2233 uotis
994 2170 1207 2246 scribuntur,
1228 2171 1359 2253 ubique
1377 2175 1418 2235 G.
1434 2182 1469 2236 et
1493 2175 1562 2236 Gn.
1590 2195 1649 2236 ex-

237 2297 352 2361 pressa
374 2287 468 2361 sunt,
489 2285 609 2341 contra
639 2273 870 2360 Quinctiliani
901 2284 1110 2358 preceptum
1138 2279 1220 2350 lust,
1242 2279 1358 2342 Rbett.
1388 2299 1415 2339 t.
1444 2299 1474 2359 7.
1506 2280 1555 2341 ab.
1587 2279 1647 2342 cfr.

236 2383 395 2448 Schneid
414 2384 438 2446 l.
452 2384 475 2445 l.
492 2407 525 2468 p.
542 2387 611 2450 939.
631 2386 705 2465 sqq.
727 2384 770 2447 tt.
790 2381 904 2446 littera
923 2401 996 2444 non
1015 2380 1184 2448 salumin
1204 2382 1387 2473 Karthag.
1404 2391 1439 2446 ct
1461 2386 1544 2449 Kal.
1561 2385 1650 2471 legi-

237 2499 313 2574 tur,
331 2492 391 2554 sed
407 2488 513 2555 etiam
529 2489 568 2555 iu
587 2491 729 2556 Kanum
750 2490 829 2574 lug.
852 2510 901 2557 so.
920 2471 1079 2552 G'Paris.
1098 2508 1127 2553 a.
1149 2491 1245 2570 quod
1265 2486 1457 2572 antiquitus
1476 2489 1525 2554 ita
1540 2491 1650 2577 scrip·

239 2606 312 2662 tum
334 2617 421 2682 esse,
443 2597 536 2663 testis
558 2605 607 2662 est
628 2595 810 2662 Terentius
828 2597 972 2661 Scaurus
1000 2619 1036 2680 p.
1060 2597 1153 2660 9959.
1174 2617 1227 2681 ap.
1248 2593 1409 2662 Schneid.
1429 2597 1454 2659 l.
1471 2597 1496 2660 l.
1519 2621 1555 2682 p.
1577 2604 1648 2682 993.

238 2703 376 2789 Quinct.
394 2705 415 2767 l.
436 2705 460 2770 l.
484 2726 513 2769 1.
531 2727 562 2785 7.
589 2723 637 2768 ιο.
659 2703 787 2770 Orellii
807 2701 980 2789 Inscripti.
1004 2705 1078 2769 Lat.
1098 2705 1137 2768 T.
1154 2707 1197 2766 II.
1221 2706 1295 2767 Iud.
1315 2723 1341 2768 s.
1360 2726 1392 2768 v.
1431 2705 1474 2768 In
1489 2705 1651 2770 Declina-

238 2809 395 2872 tionibus
415 2815 447 2871 ct
464 2807 609 2891 conjug.
630 2828 701 2869 non
720 2811 769 2870 ita
791 2811 899 2870 multa
918 2817 1065 2871 mutasse
1087 2810 1225 2871 videtur
1241 2810 1419 2872 Salustius.
1458 2813 1546 2876 Nam
1563 2814 1648 2876 Gan.

238 2913 328 2997 sing.
346 2913 385 2974 in
404 2931 447 2974 as
465 2909 601 2973 Declin
626 2931 653 2970 s.
674 2907 761 2971 falso
780 2909 814 2972 ei
834 2911 1002 2991 Asperum
1023 2909 1183 2972 tribuisse
1204 2929 1307 2992 supra
1325 2909 1506 2974 docuimus
1524 2935 1559 2996 p.
1580 2935 1649 2992 ros.

239 3017 312 3080 imo
331 3035 375 3080 ue
388 3010 564 3104 familias
580 3010 721 3095 quidem
741 3011 865 3077 dixisse
883 3011 1039 3097 videtur,
1058 3015 1153 3095 quod
1172 3015 1241 3076 Cat.
1260 3018 1310 3090 43.
1319 3011 1402 3101 filii
1407 3010 1648 3106 familiarum

239 3123 392 3209 scripsit,
416 3141 493 3203 quaa
513 3118 645 3191 forma,
666 3116 809 3181 Sisenna
818 3117 948 3203 judice,
972 3119 1017 3181 ab
1035 3116 1081 3180 iis
1089 3119 1173 3203 solis
1191 3129 1264 3184 erat
1282 3125 1490 3206 usurpanda,
1507 3124 1569 3208 qui
1579 3121 1651 3214 fa-

242 3229 353 3296 miliae
367 3251 468 3292 num.
494 3217 587 3314 sing.
616 3225 789 3300 dixerant,
810 3232 975 3310 praeterca
995 3227 1147 3289 notanda
1172 3247 1317 3309 vespera
1336 3231 1380 3290 H.
1402 3246 1432 3290 9.
1456 3245 1507 3294 9ο.
1536 3233 1649 3294 nomi·

241 3336 351 3402 nativi
365 3336 478 3400 forma
495 3354 617 3420 parunt
637 3330 752 3398 solita:
769 3331 978 3412 obsequela3
993 3328 1129 3397 insidia
1144 3354 1237 3396 num.
1257 3333 1345 3421 sing.
1361 3337 1394 3398 h.
1407 3340 1436 3405 3.
1449 3353 1500 3418 97.
1514 3359 1650 3422 prosa-

238 3443 304 3531 pia
330 3445 361 3508 l.
382 3445 433 3508 85.
461 3461 561 3507 voces
582 3439 750 3504 Plautium
776 3441 832 3503 rel
864 3438 1063 3504 Catonianae
1093 3443 1134 3502 In
1154 3440 1251 3509 Decl.
1269 3443 1348 3504 llda
1365 3435 1484 3510 lormse
1501 3442 1649 3530 genitivi

244 3549 333 3636 ipro
348 3546 378 3614 ii
392 3552 464 3614 brec
475 3547 630 3632 exempla
644 3546 776 3610 notavi:
797 3540 954 3621 Manili,
975 3543 1099 3626 Mari,
1121 3545 1290 3630 Memmi,
1316 3545 1511 3632 Volturci,
1533 3545 1652 3626 Fulvi,
1741 3552 1745 3560 '

242 3654 352 3722 Persi
371 3655 445 3738 (sed
468 3657 511 3718 de
531 3655 597 3716 boc
617 3675 649 3714 r.
669 3653 773 3734 iutra)
792 3644 964 3733 Pompei,
986 3647 1118 3732 aerari,
1139 3647 1287 3728 consili;
1313 3654 1441 3733 quibus
1463 3657 1652 3718 admodum
1700 3732 1711 3750 .

243 3761 426 3848 probabile
452 3760 509 3845 fit,
535 3761 628 3822 hunc
650 3758 841 3845 genitivum
863 3756 994 3838 ubique
1025 3774 1095 3818 uno
1128 3753 1145 3819 i
1170 3775 1241 3822 esse
1269 3759 1500 3824 scribendum.
1539 3762 1652 3848 Quam
1731 3761 1739 3766 ’

242 3868 476 3949 conjecturam
505 3866 645 3928 firmant
670 3864 928 3930 terminationes
956 3857 1029 3946 dis,
1051 3857 1101 3942 is,
1125 3858 1252 3947 isdem,
1280 3884 1344 3948 pro
1377 3864 1465 3951 diis,
1487 3863 1549 3944 iis,
1570 3864 1650 3930 iisd.

243 3996 321 4057 quae
341 3974 465 4059 saepius
481 3981 673 4038 occurrunt.
693 3992 771 4057 gen.
793 3971 884 4054 plur.
913 3968 1024 4033 duum
1044 3970 1076 4030 J.
1095 3971 1145 4031 50.
1166 3969 1256 4033 adde
1277 3969 1422 4037 nomina
1437 3992 1516 4036 curn
1533 3970 1652 4036 termi-

245 4081 387 4144 natione
418 4099 542 4166 parum
571 4077 714 4140 usitata:
746 4082 1028 4165 cognomentum
1055 4075 1100 4142 H.
1131 4093 1163 4152 a.
1200 4097 1228 4137 ι.
1250 4071 1523 4142 delinimentum
1548 4097 1574 4137 ι.
1604 4077 1651 4138 rt.

244 4187 520 4250 turbamentum
539 4184 588 4248 ib.
608 4183 966 4256 dehonestamentum
987 4181 1035 4244 ib.
1054 4189 1086 4244 et
1106 4179 1174 4243 inc.
1190 4184 1239 4247 65.
1262 4182 1533 4246 hortamentum
1551 4181 1583 4242 J.
1600 4183 1651 4260 98.

248 4303 280 4358 ct
301 4311 409 4380 genus
433 4292 471 4355 in
488 4293 614 4380 vulgus
636 4297 669 4352 et
679 4281 815 4378 sorum
840 4295 1021 4352 mutatum.
1044 4285 1104 4352 cfr.
1126 4289 1158 4353 J.
1179 4290 1230 4368 69.
1257 4291 1307 4368 73.
1326 4289 1370 4349 Η.
1390 4289 1417 4355 1.
1443 4289 1492 4350 59.
1515 4287 1576 4349 111.
1601 4271 1663 4348 au'
