4050 5009
405 384 428 431 2

403 558 561 662 scripta,
585 558 636 633 ab
656 556 764 635 Italis
787 559 998 665 imprimis,
1026 588 1193 667 quorum
1212 584 1326 667 opera
1348 576 1386 639 et
1407 562 1579 641 studium
1594 560 1669 640 hac
1696 564 1739 642 in
1762 591 1804 641 re

403 675 642 778 potissimum
668 693 845 751 versatur.
894 678 988 770 Sed,
1010 679 1115 782 quod
1136 680 1299 753 maxime
1324 681 1487 767 mireris,
1513 710 1617 773 vasa,
1640 696 1738 786 quse'
1754 684 1803 759 ad

404 790 654 865 domesticum
681 793 768 866 ritae
794 792 945 868 cultum
968 811 1006 868 et
1028 794 1078 869 ad
1101 794 1285 877 sacrificia
1307 797 1523 897 pertinent,
1547 826 1651 871 arma
1672 816 1804 902 praete-

402 933 486 997 rea,
522 935 707 983 mensurae
734 910 933 1013 multaque
968 910 1045 985 alia
1073 910 1272 999 utensilia,
1308 911 1350 985 in
1375 913 1644 1016 Pompejorum
1681 915 1804 991 ruinis

403 1023 553 1115 effossa,
586 1053 754 1126 quorum
783 1027 997 1101 accuratior
1034 1024 1200 1131 cognitio
1227 1040 1344 1099 totam
1371 1026 1448 1102 fere
1473 1030 1591 1105 vitam
1614 1031 1804 1135 privatam

404 1139 654 1241 antiquorum
668 1142 902 1245 populorum
917 1143 1059 1245 aperit,
1075 1168 1184 1245 paene
1205 1142 1254 1215 ab
1272 1142 1448 1217 omnibus
1469 1144 1596 1247 jacent
1609 1164 1804 1250 contemp-

404 1271 451 1329 ta.
476 1257 575 1330 Nam
585 1259 864 1347 commentarii,
874 1259 967 1332 olim
975 1257 1035 1332 his
1049 1258 1096 1332 de
1112 1259 1223 1332 rebus
1234 1260 1460 1361 conscripti,
1475 1261 1685 1366 imperfecti
1697 1290 1803 1338 man-

278 1416 282 1421 ·
401 1388 544 1446 serunt
577 1374 708 1475 Neque
737 1373 805 1475 qui
832 1375 1053 1478 nuperrime
1085 1374 1127 1447 in
1161 1373 1285 1449 lucem
1313 1392 1404 1449 sunt
1426 1377 1531 1470 editi,
1566 1379 1618 1453 ita
1654 1406 1804 1482 compa-

403 1489 478 1563 rati
505 1514 580 1563 esse
614 1488 815 1581 videntur,
848 1506 894 1565 ut
933 1489 1116 1565 laetiorem
1154 1516 1258 1593 spem
1291 1490 1338 1564 de
1374 1490 1418 1564 iis
1455 1493 1656 1597 concipere
1684 1495 1805 1570 liceat.

403 1604 549 1680 Eadem
563 1605 641 1681 fere
661 1606 838 1681 codicum
860 1606 1231 1710 manuscriptorum
1250 1622 1304 1679 est
1326 1607 1433 1680 ratio.
1472 1610 1678 1685 Maximam
1701 1611 1804 1685 enim

402 1740 554 1826 partem
576 1739 645 1797 aut
665 1723 802 1797 intacti
828 1724 869 1798 in
894 1722 1136 1797 bibliothecis
1163 1722 1336 1811 latitant,
1361 1740 1530 1798 autnon
1553 1752 1615 1815 ea,
1640 1754 1716 1830 qua
1735 1754 1806 1831 par

404 1855 479 1928 est,
504 1838 701 1943 diligentia
720 1867 810 1914 cum
829 1839 1062 1913 editionibus
1086 1839 1359 1913 recentioribus
1379 1840 1508 1914 collati
1529 1859 1628 1915 sunt.
1672 1846 1805 1945 ltaque

404 1951 481 2028 hoc
508 1954 549 2027 in
574 1980 708 2058 genere
731 1955 983 2051 amplissimus
1005 1970 1111 2059 patet
1133 1954 1257 2028 laudis
1284 1972 1321 2029 et
1344 1956 1473 2059 gloriae
1493 1984 1657 2059 campus.
1708 1960 1806 2033 Nam

403 2069 514 2173 longe
544 2070 705 2172 plurimi
734 2070 1057 2145 bibliothecarum
1087 2068 1276 2174 praefecti,
1312 2097 1460 2145 summa
1490 2072 1717 2149 liberalitate
1746 2074 1806 2149 vel

402 2186 684 2289 antiquissimos
709 2186 854 2261 codices
879 2214 902 2260 a
931 2185 1091 2261 literatis
1122 2185 1344 2260 hominibus
1369 2186 1504 2289 inspici
1534 2204 1571 2263 et
1597 2189 1807 2264 examinari

401 2303 629 2406 patiuntur,
645 2318 698 2392 et,
715 2320 906 2404 quantum
925 2304 966 2377 in
987 2303 1031 2377 iis
1051 2318 1120 2391 est,
1145 2302 1290 2407 legibus
1307 2302 1454 2391 severis,
1482 2310 1557 2395 (ne
1580 2305 1706 2379 dicam
1721 2332 1808 2409 per-

403 2419 542 2517 versis)
569 2444 655 2520 quae
676 2418 724 2492 de
744 2418 984 2493 bibliothecis
1004 2419 1159 2493 sancitae
1177 2434 1287 2506 sunt,
1312 2434 1507 2494 extraneos
1526 2420 1697 2514 solvunt3
1722 2446 1808 2522 quae

405 2534 563 2637 quidem
582 2535 775 2638 praecipua
798 2536 880 2610 laus
908 2551 963 2609 est
988 2535 1160 2609 virorum
1184 2534 1479 2608 clarissimorum
1504 2536 1737 2639 Bentivoglio
1770 2552 1809 2611 et

404 2650 544 2740 Bettio,
569 2652 640 2754 qui
654 2648 896 2725 bibliothecis
912 2650 1122 2726 Mediolani
1142 2668 1180 2725 et
1193 2644 1361 2727 Venetiis
1379 2668 1566 2754 praesunt,
1592 2652 1733 2755 quibus
1747 2679 1810 2727 me

403 2766 620 2870 plurimum
648 2766 785 2842 debere
805 2767 969 2871 ingenue
996 2766 1197 2869 profiteor3
1222 2763 1458 2869 eandemque
1486 2766 1709 2842 facilitatem
1734 2766 1809 2842 viri

406 2882 623 2973 clarissimi,
651 2880 826 2988 Peyron,
847 2887 1025 2987 Augustae
1055 2884 1316 2978 Taurinorum
1335 2882 1402 2955 alii
1425 2883 1569 2985 experti
1589 2900 1689 2958 sunt

505 2998 635 3097 Quare
657 2998 1006 3104 peregrinantibus,
1039 3000 1108 3101 qui
1129 2998 1329 3074 literarum
1353 2997 1575 3073 Graecarum
1602 3015 1717 3101 atque
1737 3000 1811 3096 La·

406 3116 577 3191 tinarum
605 3114 732 3191 studio
764 3114 1020 3205 delectantur,
1054 3113 1114 3189 his
1144 3115 1192 3191 de
1220 3114 1338 3193 literis
1368 3114 1511 3217 optime
1545 3114 1682 3189 mereri
1709 3113 1809 3190 licet

405 3235 502 3307 Nam
521 3218 749 3308 lectionibus
771 3259 817 3307 ex
843 3231 988 3336 optimo
1016 3257 1171 3334 quoque
1192 3229 1322 3306 codice
1343 3229 1587 3334 colligendis,
1613 3230 1662 3304 ad
1681 3256 1811 3307 emen·

384 3336 552 3424 'dandos
572 3350 771 3453 scriptores
792 3348 962 3422 multum
986 3347 1158 3424 conferre
1176 3362 1344 3450 possunt.
1395 3348 1478 3420 Hoc
1498 3346 1655 3447 quidem
1677 3362 1724 3420 ut
1746 3348 1813 3421 Sa·

404 3465 520 3544 lustio
536 3466 672 3568 utique
689 3466 943 3571 contingeret,
963 3461 1178 3567 plurimum
1203 3488 1326 3565 operae
1345 3460 1442 3537 dedi.
1473 3464 1533 3535 De
1552 3489 1630 3563 quo
1653 3461 1812 3565 quidem

405 3582 533 3659 studio
555 3597 601 3655 ut
627 3581 879 3686 intelligentes
901 3580 1052 3654 facilius
1071 3579 1261 3684 judicium
1288 3578 1447 3667 faciant,
1472 3577 1699 3667 lectionum,
1717 3602 1812 3680 quas

406 3726 453 3775 ex
475 3698 669 3774 codicibus
691 3698 856 3803 amplius
878 3696 1071 3801 octoginta
1089 3694 1293 3829 excerpsi,
1327 3693 1650 3798 praestantissimas
1671 3718 1813 3797 propo-

407 3843 500 3890 nam
521 3831 559 3890 et
572 3814 645 3888 de
635 3839 804 3917 ipsorum
822 3812 999 3887 codicum
1017 3812 1248 3914 antiquitate
1268 3826 1307 3885 et
1322 3810 1495 3884 bonitate
1511 3809 1677 3883 breviter
1692 3834 1813 3912 agam.

408 3934 540 4041 Neque
561 3931 693 4019 timeo,
710 3958 760 4004 ue
777 3929 939 4005 levitatis
951 3928 1205 4065 suspicionem
1222 3927 1433 4014 incurram,
1450 3924 1555 4056 quod
1572 3925 1723 4025 aliquot
1736 3924 1815 3999 lec·

410 4048 550 4138 tiones,
575 4074 597 4121 a
618 4071 679 4125 me
700 4047 741 4120 in
762 4061 909 4120 textum
921 4060 1114 4179 receptas,
1136 4043 1315 4149 rejiciam.
1342 4045 1440 4117 Cum
1461 4041 1565 4116 enim
1589 4038 1692 4115 hanc
1713 4039 1814 4117 mihi

407 4165 562 4287 legem
550 4162 830 4267 amposuissem,
855 4177 901 4235 ut
918 4161 1046 4236 invitis
1066 4160 1261 4235 codicibus
1285 4158 1509 4263 paucissima
1535 4171 1746 4246 mutarem,
1773 4172 1816 4232 et

408 4310 494 4386 quae
513 4281 616 4359 salvo
635 4306 749 4357 sensu
763 4278 855 4356 ferri
884 4302 991 4382 posse
1009 4277 1252 4368 riderentur,
1272 4274 1422 4429 utique
1439 4270 1745 4363 defenderem,
1731 4298 1816 4379 qam
