4050 5009
385 385 431 434 2¹2

348 581 385 622 20
420 524 423 532 ¹
458 538 636 628 Catilina,
662 539 729 613 ubi
751 565 827 628 eos,
853 564 947 641 quos
971 541 1104 642 paullo
1128 559 1217 618 ante
1246 545 1470 634 memoravi,
1494 542 1711 620 convenicae
1734 544 1796 620 vi-

384 663 473 739 det:
499 663 646 739 tametsi
670 691 760 738 cum
779 663 936 766 singulis
958 665 1080 738 multa
1102 692 1198 770 saepe
1226 686 1366 772 egerat,
1392 686 1518 742 tamen
1540 669 1582 742 in
1609 695 1689 742 rem
1707 665 1795 744 fore

385 786 541 863 credens
558 786 750 863 universos
776 784 967 889 adpellare
986 803 1024 862 et
1041 787 1249 881 cohortari,
1274 790 1317 864 in
1340 791 1511 866 abditam
1531 807 1679 896 partem
1691 789 1785 865 aedi-

385 939 456 988 um
472 910 633 988 accedit:
658 927 772 1012 atque
789 909 862 1000 ibi,
886 910 1063 985 omnibus
1079 913 1230 988 arbitris
1248 915 1383 1019 procul
1400 915 1552 1005 amotis,
1570 913 1785 989 orationem

383 1032 649 1118 huiuscemodi
667 1031 813 1107 habuit
857 1032 934 1122 „Ni
959 1033 1078 1108 virtus
1103 1034 1268 1140 fidesque
1292 1055 1411 1114 vestra
1426 1054 1592 1142 spectata
1614 1035 1711 1112 mibi
1726 1017 1787 1111 fo·

383 1174 489 1250 rent,
513 1158 770 1262 nequicquam
783 1171 1000 1259 opportuna
1022 1183 1080 1232 res
1098 1159 1304 1253 cecidisset3
1327 1187 1408 1265 apes
1431 1189 1586 1267 magna,
1609 1159 1786 1236 domina-

383 1281 436 1362 tio
455 1284 498 1358 in
514 1283 691 1358 manibus
706 1280 846 1355 frustra
862 1279 1040 1354 fuissent:
1066 1309 1191 1384 neque
1214 1309 1282 1388 ego
1303 1311 1372 1388 per
1395 1285 1606 1390 ignaviam,
1631 1300 1700 1358 ant
1720 1309 1788 1357 va-

382 1435 434 1486 na
451 1407 621 1514 ingenia,
648 1407 791 1480 incerta
818 1431 889 1508 pro
906 1402 1016 1478 certis
1040 1423 1239 1509 captarem.
1276 1408 1349 1484 Sed
1372 1410 1463 1511 quia
1478 1408 1609 1483 multia
1628 1423 1666 1482 et
1680 1433 1787 1512 mag·
1855 1433 1861 1442 ·

381 1532 442 1608 nis
463 1529 745 1634 tempestatibus
766 1553 830 1602 vos
850 1526 1008 1632 cognovi
1023 1526 1130 1602 fortis
1151 1529 1320 1634 fidosque
1338 1531 1454 1625 mihi3
1477 1560 1521 1606 eo
1543 1532 1694 1606 animur
1714 1556 1787 1604 au-

380 1681 443 1732 sus
464 1671 519 1731 est
538 1680 762 1728 maxumum
785 1668 899 1753 atque
925 1649 1244 1753 pulcherrumum
1265 1655 1415 1731 facinus
1437 1656 1633 1759 incipere:
1666 1653 1788 1728 simul

265 1791 268 1798 ’
382 1780 475 1884 quia
495 1778 615 1876 vobio,
641 1775 772 1852 eadem
791 1800 877 1878 quae
897 1771 1012 1864 mihi,
1038 1774 1140 1849 bona
1160 1777 1337 1881 malaque
1360 1760 1551 1872 intellexi5
1575 1803 1668 1853 nam
1680 1776 1785 1852 idem

317 2001 323 2020 .
381 1904 617 2006 vellentque
644 1900 746 1976 idem
779 1897 903 1987 nolle,
930 1923 973 1973 ea
996 1897 1153 1972 demum
1175 1898 1284 1974 firma
1314 1901 1481 1976 amicitia
1507 1916 1570 1977 ert.
1618 1899 1691 1976 Sed
1712 1926 1783 2004 ego

381 2054 468 2132 quae
493 2042 620 2104 mente
643 2022 804 2130 agitari,
838 2046 967 2096 omncs
994 2020 1072 2095 iam
1100 2039 1212 2097 antea
1238 2023 1376 2100 divorsi
1400 2010 1564 2100 audistisi
1606 2026 1783 2100 Ceterum
1880 2029 1885 2034 '

381 2151 480 2228 mihi
514 2152 556 2226 in
584 2148 662 2224 dies
687 2146 809 2250 magis·
832 2145 982 2220 animus
1014 2143 1253 2232 accenditur,
1290 2152 1413 2251 quum
1442 2147 1662 2236 considero,
1695 2173 1784 2249 quae

381 2275 552 2353 conditio
571 2273 657 2349 vitae
677 2270 807 2346 futura
826 2267 896 2357 sit,
922 2266 994 2341 nisi
1018 2283 1163 2342 nosmet
1185 2269 1283 2372 ipsos
1305 2270 1543 2347 vindicamus
1565 2262 1607 2347 in
1628 2268 1783 2345 liberta-

362 2530 372 2537 ·
444 2501 518 2584 Cap.
533 2523 579 2563 ιο.
601 2502 634 2561 in
648 2519 690 2560 re.
709 2497 790 2558 Leid.
807 2518 833 2556 a.
843 2492 916 2554 b.h.
932 2495 959 2552 k.
973 2497 993 2553 l.
1008 2515 1048 2551 m.
1070 2491 1162 2551 Guclf
1176 2511 1201 2548 1.
1217 2490 1284 2560 lo.
1299 2513 1326 2571 7.
1341 2491 1411 2571 8.9.
1427 2512 1471 2551 rr.
1488 2512 1533 2552 ra.
1554 2493 1639 2554 Rem.
1659 2495 1782 2555 nllabr.

383 2629 413 2671 ι.
433 2607 552 2670 Eccard.
566 2605 683 2666 broad.
703 2603 821 2663 recusit.
842 2599 903 2658 bas.
920 2618 946 2658 a.
958 2597 987 2658 3.
1000 2599 1028 2668 l.
1046 2597 1105 2655 Erl.
1125 2596 1206 2654 Leid.
1221 2617 1247 2653 a.
1265 2593 1294 2653 b.
1312 2617 1338 2654 c.
1351 2616 1377 2655 e.
1390 2595 1410 2652 i.
1427 2618 1455 2677 g.
1468 2593 1498 2653 b.
1510 2597 1538 2656 k.
1550 2617 1591 2655 ιιι.
1606 2618 1636 2657 n.
1658 2599 1742 2659 Bern.
1754 2620 1783 2660 ι.

382 2713 413 2775 3.
435 2715 520 2773 multi
534 2713 622 2771 Palat.
643 2707 817 2770 redacccdit.
838 2713 900 2786 opt.
911 2703 979 2764 libri
993 2701 1055 2760 Bas.
1074 2722 1099 2758 ι.
1120 2700 1188 2760 Naz.
1201 2699 1347 2759 Commel.
1369 2699 1457 2759 Palat.
1469 2701 1497 2758 5.
1508 2720 1553 2760 ιι.
1574 2698 1642 2783 Tcg.
1658 2714 1713 2763 etc.
1730 2723 1784 2762 ra-

382 2817 421 2879 tis
431 2826 566 2898 spectata.
587 2813 668 2875 Leid.
682 2835 708 2872 a.
723 2811 789 2870 be.
810 2808 906 2868 Guell.
922 2807 950 2868 3.
964 2807 993 2866 6.
1010 2829 1038 2888 7.
1050 2806 1083 2864 8.·
1093 2825 1122 2885 9.
1143 2825 1188 2863 ιο.
1207 2825 1252 2862 ιι.
1268 2824 1313 2862 ιι.
1334 2803 1419 2862 Bern.
1442 2826 1467 2862 1.
1490 2825 1516 2862 2.
1544 2803 1613 2863 Tur.
1633 2826 1707 2865 r.m.
1726 2827 1785 2867 too

382 2921 451 2984 Tur.
470 2943 495 2983 a.
516 2921 600 2982 Rom.
613 2942 638 2980 ι.
658 2919 729 2978 vin.
742 2937 768 2976 2.
788 2915 849 2974 Bas.
859 2913 888 2973 3.
909 2912 975 2973 Εοο.
996 2921 1081 2991 spect.
1096 2920 1152 2970 sot.
1173 2909 1254 2968 Leid.
1271 2910 1292 2967 s.
1305 2906 1336 2966 h.
1349 2930 1389 2966 m.
1410 2907 1494 2968 Bern.
1508 2908 1536 2968 3.
1556 2909 1627 2969 ratu
1640 2913 1785 2972 omittunt

368 3027 445 3111 ‘opt
471 3025 548 3087 libri.
580 3024 779 3103 nequicquam.
800 3019 861 3078 Bar.
883 3039 908 3076 1.
922 3027 950 3077 et
964 3017 1086 3098 plurimi
1099 3013 1193 3074 Cortii
1209 3011 1306 3073 Codd.
1326 3012 1511 3093 nequiquam.
1539 3013 1625 3073 Born.
1645 3016 1674 3086 l.
1697 3015 1786 3076 l'abr.

381 3143 476 3214 uterq.
495 3132 595 3194 Vinar.
611 3151 635 3186 ι.
655 3127 751 3187 Sonat.
766 3145 791 3183 ι.
811 3123 908 3182 Guell.
929 3143 953 3181 ι.
967 3141 992 3180 ι.
1008 3121 1035 3180 5.
1056 3119 1215 3179 accub'atct.
1245 3117 1326 3177 Leid.
1343 3139 1370 3177 a.
1384 3118 1415 3177 b.
1432 3119 1452 3176 i.
1468 3139 1508 3176 ιιι.
1525 3139 1556 3178 ιι.
1586 3117 1645 3179 ΕιΙ.
1671 3118 1733 3178 Bar.
1756 3142 1784 3180 2.

380 3236 411 3309 4.
432 3237 516 3297 Rom.
534 3255 559 3295 ι.
579 3237 638 3293 ἱιιο.
652 3255 676 3291 ι.
696 3231 792 3290 Struv.
812 3227 908 3286 Guelf.
925 3248 952 3306 7.
966 3225 995 3284 8.
1013 3245 1059 3282 ιο.
1075 3244 1120 3283 ra.
1140 3222 1225 3282 Born.
1242 3241 1268 3280 a.
1282 3220 1393 3280 Arond.
1412 3222 1445 3281 L.
1457 3243 1484 3282 a.
1499 3223 1616 3282 Martio.
1639 3225 1784 3284 domma-

380 3342 478 3403 tioru‘r.
498 3336 658 3401 Leid.a.b.
672 3359 698 3396 c.
713 3333 743 3395 d.
756 3331 859 3414 ομ.
879 3329 980 3400 ΒΜ.
1002 3328 1061 3387 Erl.
1089 3328 1173 3386 Paris.
1190 3325 1220 3384 b.
1235 3347 1261 3385 c.
1289 3325 1386 3385 Gueli.
1404 3325 1434 3387 3.
1455 3327 1484 3386 6.
1506 3350 1534 3407 7.
1554 3327 1584 3387 8.
1604 3349 1649 3388 ιο.
1671 3349 1715 3388 ιι.
1735 3349 1782 3390 ιι.

381 3443 470 3506 Αοιά.
492 3446 551 3504 inc.
569 3453 662 3522 uterq.
682 3439 776 3500 Struv.
795 3436 896 3498 Vinar.
909 3455 935 3494 a.
955 3433 1076 3494 Eecard.
1104 3432 1188 3490 Rem.
1206 3453 1232 3490 ι.
1244 3430 1360 3508 saturet.
1387 3431 1468 3490 Leid.
1483 3451 1509 3490 ο.
1521 3431 1541 3488 f.
1555 3451 1583 3512 g.
1596 3430 1627 3491 h.
1640 3433 1666 3492 k.
1694 3433 1782 3493 Paria.

381 3551 413 3609 b.
428 3571 455 3610 c.
475 3549 534 3608 Erl.
557 3547 620 3606 Bas.
641 3565 667 3604 a.
680 3543 709 3604 3.
721 3541 749 3612 l.
770 3548 918 3600 curuamt.
938 3537 1000 3596 Bas.
1020 3559 1044 3595 ι.
1058 3558 1084 3595 a.
1094 3535 1124 3596 3.
1145 3533 1203 3593 Erl.
1219 3554 1321 3593 omnes
1335 3533 1418 3594 Leid.
1433 3545 1553 3615 excepto
1566 3558 1593 3594 c.
1613 3538 1700 3596 etiam
1713 3557 1783 3596 om·

382 3673 434 3715 noa
443 3653 535 3714 corui
548 3650 616 3711 libri
635 3650 719 3710 Born.
739 3669 764 3706 1.
780 3665 805 3704 ι.
819 3643 847 3705 3.
870 3641 1041 3702 maxumum
1057 3651 1144 3718 atque
1155 3637 1396 3719 pulcherrimum.
1416 3637 1477 3697 Rae.
1493 3659 1519 3698 ι.
1538 3641 1784 3718 eodemqrrrzmr'-

383 3759 426 3819 hi.
448 3777 550 3818 omncs
564 3756 632 3820 libn'
645 3767 746 3838 pretor
766 3749 834 3809 Nar.
851 3758 878 3808 et
902 3747 1047 3807 Commel.
1077 3743 1129 3803 ubi
1147 3763 1211 3821 quor
1227 3742 1365 3801 omissum
1384 3751 1434 3801 ert.
1464 3742 1543 3802 bono
1561 3742 1695 3821 molaque
1713 3764 1782 3804 asse.

383 3863 443 3926 Erl.
462 3863 531 3945 Teg.
552 3859 636 3920 Parit.
650 3879 675 3916 c.
688 3856 717 3914 d.
736 3853 806 3914 Tur.
821 3874 847 3913 2.
873 3849 958 3910 Bern.
973 3870 1000 3910 a.
1016 3851 1045 3919 4.
1072 3849 1151 3906 idem
1169 3847 1254 3906 nolle.
1274 3848 1314 3905 ita
1327 3848 1459 3928 plerique
1475 3845 1572 3906 Codd.
1592 3845 1671 3906 idem
1686 3851 1782 3909 ornit-

384 3978 452 4044 ιιιιιῑ
466 3967 611 4028 Commal.
632 3961 744 4022 Fabric.
763 3959 850 4018 Rivii.
871 3957 955 4016 llcm.
972 3975 997 4014 1.
1018 3952 1114 4013 Gueli.
1129 3956 1156 4014 5.
1168 3975 1197 4034 9.
1218 3950 1332 4030 Regius.
1353 3949 1614 4030 magssmagssqw,
1635 3951 1723 4011 palat,
1734 3974 1782 4014 ῃ,

388 4095 435 4137 ιι.
455 4071 565 4139 Arond.
584 4067 700 4130 Martio.
722 4062 820 4126 Pcmb.
839 4060 908 4122 vin.
922 4079 949 4120 a.
968 4057 1053 4118 Bam.
1072 4077 1097 4115 ι.
1111 4051 1141 4114 3.
1156 4052 1185 4124 4.
1205 4049 1274 4112 Τιιι.
1289 4074 1315 4113 a.
1341 4053 1425 4114 Fabr.
1438 4074 1466 4114 a.
1495 4053 1592 4115 Guelf.
1608 4077 1637 4138 7.
1647 4057 1677 4118 8.
1688 4077 1718 4136 9.
1734 4079 1783 4118 ιο,

388 4201 436 4242 ιι.
449 4199 494 4239 ιι.
514 4174 608 4256 magio
620 4191 658 4240 ac
672 4170 775 4251 magis.
803 4186 879 4227 unna
888 4165 965 4226 llivii
987 4171 1016 4220 et
1029 4159 1091 4221 Bar.
1107 4177 1134 4217 a.
1163 4155 1214 4215 red
1230 4159 1362 4217 meliores
1378 4157 1446 4216 libri
1466 4162 1589 4218 alterurn
1612 4160 1705 4240 magu
1726 4136 1784 4223 de.

381 4288 457 4352 lent.
478 4289 589 4345 norm
600 4279 682 4362 ι’ροοι.
699 4273 759 4339 bac
769 4273 904 4334 omnium
915 4264 1011 4331 Codd.
1026 4265 1124 4326 lectio.
1142 4259 1337 4323 vindicamus.
1350 4261 1397 4337 ital
1406 4264 1513 4343 optimi
1525 4263 1622 4325 Codd.
1637 4267 1724 4327 ceteri
1735 4271 1786 4330 rel
