4050 5009
401 380 471 476 144

392 576 458 639 ubi
485 574 588 659 plura
612 575 658 638 de
681 571 806 638 canina
831 568 1009 657 iucundis,
1038 578 1074 637 et
1090 568 1286 637 forensibus
1308 569 1457 649 rabulis,
1476 571 1577 655 quasi
1597 574 1729 645 rabidis
1751 578 1804 648 le-

397 680 580 768 gerelicst.
601 679 838 763 Hieronymus
853 680 921 743 hoc
941 680 1073 743 dictum
1092 677 1205 763 Appio
1227 678 1350 743 tribuit
1373 678 1480 743 variis
1499 680 1587 747 locis
1610 691 1644 749 et
1659 686 1742 772 Epp.
1756 690 1803 753 ad

394 784 584 849 Minerium
617 793 651 850 ct
679 785 862 848 Alexandr.
887 785 950 848 ubi
983 787 1163 850 Erasmum
1189 784 1293 871 legas.
1323 783 1582 868 Quinctilianus
1607 790 1681 854 ΧΠ.
1711 812 1739 857 e.
1771 812 1802 874 9.

391 892 544 977 Appium
566 890 672 956 etiam
689 898 866 954 auctorem
885 889 979 953 facit.
1000 891 1068 955 Sed
1092 891 1245 974 Nouius,
1264 888 1318 953 uti
1341 888 1554 976 lactantius,
1575 892 1725 978 Appium
1746 916 1800 982 ap.

390 997 588 1061 Salustium.
608 998 771 1060 Prudent.
787 996 979 1083 Hamartig.
989 1015 1039 1061 rs.
1058 1000 1151 1078 ³99·“
1166 998 1258 1063 cort.
1278 996 1341 1061 Sed
1357 1016 1536 1080 perperam
1549 998 1652 1062 Editt.
1671 1002 1740 1065 hoc
1756 1005 1802 1069 de

345 1115 350 1124 ·
391 1102 558 1168 Cicerone
589 1102 721 1168 dictum
746 1110 960 1187 putaverant.
979 1104 1056 1168 Hoc
1080 1102 1174 1167 enim
1194 1098 1366 1193 lactantii
1399 1110 1449 1167 est
1469 1101 1652 1181 judicium.
1680 1110 1801 1191 Neque

388 1206 567 1275 Ciceronis
589 1206 630 1272 in
649 1208 883 1271 Historiarum
903 1207 1007 1273 libris
1038 1208 1169 1273 mentio
1192 1208 1269 1273 fieri
1291 1214 1443 1293 poterat,
1463 1208 1534 1273 nisi
1560 1208 1598 1273 in
1619 1212 1800 1299 rogatione

393 1313 540 1378 Manilia
563 1316 765 1377 enarranda.
786 1315 902 1399 Quare
924 1315 993 1379 hoc
1015 1316 1059 1379 de
1081 1314 1202 1397 aliquo
1222 1314 1364 1379 trihun'o
1384 1312 1517 1405 dicium
1535 1325 1637 1401 puta3
1657 1316 1800 1387 fortasse

390 1421 435 1485 de
450 1419 624 1505 Quinctio.
645 1421 766 1486 -ras-
785 1422 885 1487 Nam
906 1416 1003 1485 tatia
1024 1427 1145 1486 etc.-
1165 1417 1204 1485 irs
1227 1422 1473 1486 consultorem
1492 1417 1683 1505 vertissent
1699 1424 1799 1493 ride·

390 1532 448 1588 tur
474 1544 546 1591 esse
571 1526 848 1607 emendandum
880 1523 942 1590 cfr.
970 1544 1075 1612 supra
1104 1526 1198 1590 Orat.
1221 1524 1379 1610 Philippi
1403 1524 1487 1589 init:
1512 1546 1629 1607 prava
1649 1523 1798 1612 incepta

389 1626 665 1697 consultoribus
682 1628 799 1697 nonio
820 1653 896 1698 esse
912 1636 1035 1699 et'l'ac.
1047 1635 1171 1709 Annal.
1192 1655 1240 1698 ιι.
1261 1636 1312 1713 ³7·
1331 1639 1480 1697 verterat
1497 1630 1668 1717 pernicies
1688 1632 1727 1699 in
1740 1652 1798 1699 ao·

390 1745 591 1802 cusatorem.
613 1737 717 1802 Deba.
736 1758 812 1804 nors
824 1759 923 1804 cons.
940 1746 1033 1805 sort.
1051 1749 1085 1805 ct
1102 1760 1225 1805 rerum
1240 1746 1379 1823 pestem
1393 1735 1592 1827 legijussit3
1611 1748 1796 1823 utrumque

387 1841 523 1907 falsum.
544 1861 626 1906 nam
644 1850 781 1907 vertere
797 1844 880 1926 aliq.
897 1846 932 1909 h.
950 1844 974 1907 l.
991 1842 1130 1909 nullum
1147 1864 1285 1913 sensum
1302 1845 1448 1930 prabet,
1468 1852 1503 1910 et
1522 1845 1668 1910 alterum
1682 1846 1796 1933 negli-

387 1947 740 2035 gentialilsrariorum
760 1968 966 2035 expressum.
993 1986 1011 2000 ·
1023 1954 1119 2015 rso:-
1142 1948 1247 2018 Viao.
1264 1950 1406 2017 Stobos.
1434 1950 1645 2017 Macedoniae
1665 1950 1795 2037 oppida

387 2072 538 2139 quorum
568 2054 716 2119 alterum
731 2056 779 2118 M.
799 2056 985 2120 Lucullum
1013 2056 1168 2143 cepisse,
1187 2050 1302 2123 Stobis
1322 2064 1440 2123 contra
1460 2058 1498 2120 G.
1516 2056 1701 2123 Curionem
1716 2056 1794 2123 hie·

387 2160 607 2230 massechs.
617 2137 746 2226 statuit.
759 2181 836 2244 quae
847 2182 901 2227 res
911 2166 957 2226 ad
969 2162 1146 2246 liquidum
1159 2162 1304 2249 perduci
1311 2162 1369 2229 rix
1378 2170 1501 2248 potest.
1521 2164 1642 2245 -187.·
1662 2162 1794 2231 Cossu-

389 2262 464 2331 tius
483 2276 547 2332 etc.
566 2268 667 2333 Debr.
685 2288 815 2334 nomen
841 2269 881 2333 in
899 2264 1110 2336 Cossinium
1136 2272 1281 2335 mutarit
1299 2278 1333 2335 et
1353 2264 1393 2334 ιἰι
1407 2264 1585 2353 proximo
1597 2262 1714 2355 sonte
1737 2286 1793 2331 ex·

385 2372 609 2459 primendum
626 2375 769 2454 cruerit5
788 2383 908 2443 contra
927 2374 1045 2441 libros
1066 2396 1178 2457 neque
1197 2376 1340 2450 certius,
1356 2376 1451 2457 quod
1464 2374 1559 2439 idem
1571 2375 1665 2438 hunc
1678 2373 1795 2437 locum

386 2482 433 2543 ad
452 2480 633 2553 tribunum
664 2479 817 2543 militum
839 2500 861 2543 a
887 2479 1044 2567 fugitivis
1065 2498 1261 2565 oppressum
1283 2480 1456 2564 pertinere
1470 2478 1614 2559 judicat.
1639 2479 1734 2543 idem
1754 2476 1794 2540 in

386 2584 547 2667 sequenti
560 2583 754 2670 fragmento
784 2587 904 2650 -rss-
926 2587 1019 2670 (luoe
1039 2580 1091 2651 σὺ
1100 2604 1244 2668 paucos
1263 2582 1338 2649 dies
1350 2580 1491 2675 juncta
1508 2582 1547 2647 ιἰι
1564 2578 1678 2648 armis
1693 2589 1792 2647 sunt.

384 2686 533 2751 suntin
545 2683 658 2779 soret
686 2691 831 2756 mutavit
853 2699 888 2758 et
909 2694 955 2757 ad
976 2690 1122 2755 bellicos
1140 2694 1324 2774 apparatus
1343 2690 1454 2753 Crassi
1483 2696 1602 2753 centra
1619 2686 1787 2775 fugitivos

384 2793 492 2859 iactos
511 2794 684 2880 pertinere
701 2794 843 2876 judicat
865 2818 942 2881 quse
961 2814 1074 2879 neque
1091 2792 1262 2861 affirmare
1280 2814 1393 2880 neque
1408 2794 1565 2862 refellere
1581 2794 1717 2859 animm
1731 2800 1791 2859 est.

382 2899 439 2968 cr's
456 2923 522 2987 pro
540 2899 644 2971 intra
663 2904 814 2989 positum
837 2904 897 2970 cfr.
916 2904 1028 2968 Plaut.
1050 2888 1165 2967 Truc.'
1177 2920 1209 2967 a.
1231 2906 1261 2966 3.
1276 2919 1332 2989 ‚²7·
1366 2902 1415 2967 cis
1437 2902 1511 2969 dies
1526 2920 1670 2989 paucoss
1689 2908 1792 2983 atque

382 3009 508 3092 saepius
535 3012 628 3093 apud
656 3014 814 3076 eundem.
842 3013 964 3091 utiq·
981 3003 1142 3089 Judsfcs'a
1171 3006 1266 3075 bella
1287 3017 1399 3095 atque
1413 3010 1626 3095 pacesshec
1653 3024 1790 3091 quoque

384 3114 489 3177 rerba
507 3114 554 3176 ita
567 3114 727 3201 obnupta,
748 3124 787 3181 ut
800 3116 893 3181 nihil
912 3116 998 3181 certi
1021 3118 1065 3182 de
1085 3115 1131 3179 iis
1150 3123 1299 3182 statuere
1317 3117 1430 3181 liceat.
1451 3120 1522 3179 imo
1540 3115 1686 3179 dubium
1706 3132 1790 3177 num

385 3218 733 3307 conjungendum,
754 3244 873 3290 necne.

374 3358 382 3378 ι
462 3348 585 3408 -ιρα-
602 3328 655 3391 De
678 3332 765 3392 Istro
782 3328 950 3393 Salustius
974 3324 1169 3413 exposuisse
1190 3324 1344 3409 ridetur,
1363 3345 1442 3388 cum
1461 3322 1566 3389 situm
1586 3322 1691 3388 Ponti
1707 3322 1790 3411 illu·

381 3439 513 3495 straret.
534 3431 595 3495 cir.
611 3431 653 3494 ir.
676 3432 744 3497 inc.
767 3436 817 3518 57.
833 3412 930 3499 'sande
946 3432 1111 3515 conjicias
1133 3430 1239 3496 etiam
1258 3429 1445 3495 Salustium
1468 3431 1512 3494 de
1532 3429 1666 3515 duplici
1682 3431 1787 3511 hujus

382 3536 481 3600 fluvii
506 3536 649 3601 nomine
673 3530 879 3623 'exposuisse
907 3538 967 3603 cir.
985 3540 1108 3603 Strabo
1133 3538 1214 3602 ller.
1230 3536 1355 3623 Geogr.
1383 3557 1417 3620 p.
1436 3539 1506 3613 304.
1528 3538 1600 3604 sos.
1620 3538 1682 3601 Ed.
1699 3538 1788 3603 Alm.

383 3660 503 3719 -191..-
521 3640 646 3728 Pestis,
670 3646 714 3710 dc
729 3665 798 3727 qua
813 3645 885 3732 egit
899 3644 1084 3729 Salustius,
1114 3643 1198 3709 inde
1219 3643 1263 3706 ab
1284 3660 1376 3707 anno
1396 3642 1457 3723 575
1474 3660 1537 3726 per
1553 3641 1671 3727 plures
1687 3642 1788 3707 dein-

382 3760 462 3826 ceps
481 3764 591 3810 annos
616 3750 763 3815 saeviisse
781 3751 928 3830 videtur.
949 3747 1010 3817 cfr.
1033 3768 1135 3833 supra
1157 3766 1235 3833 pag.
1262 3750 1311 3814 2⁵.
1332 3746 1374 3810 fr.
1394 3750 1424 3811 5.
1442 3768 1491 3812 ιι.
1508 3756 1545 3813 et
1564 3770 1611 3810 ra.
1627 3755 1787 3815 ceterum

380 3845 588 3913 incontextu
599 3848 719 3915 oi'rem
736 3857 1000 3920 emendandum.
1021 3875 1145 3937 -19a-
1164 3848 1274 3921 Nihil
1290 3858 1367 3916 tom
1384 3851 1628 3919 necessarium
1645 3860 1708 3917 etc.
1719 3855 1788 3919 hoc

381 3948 420 4019 in
442 3952 519 4037 ipso
540 3953 624 4020 libri
644 3956 747 4023 initio
760 3959 949 4025 Salustium
967 3960 1094 4027 dixisse
1115 3958 1282 4025 credibile
1300 3968 1371 4044 est,
1392 3980 1470 4024 cuns
1492 3976 1528 4023 se
1541 3978 1657 4023 rerum
1671 3978 1788 4041 equs·

379 4060 471 4125 lium
483 4060 665 4136 historiam
688 4064 895 4150 scripturum
911 4086 983 4132 esse
996 4066 1168 4152 professus
1188 4072 1284 4132 esset.
1306 4064 1366 4131 cfr.
1389 4064 1431 4129 ir.
1453 4086 1481 4128 1.
1499 4067 1550 4141 34.
1569 4064 1724 4129 imitatus
1736 4073 1787 4130 est

379 4168 565 4233 Salustium
586 4169 708 4251 Vellej.
729 4192 755 4237 a.
774 4171 823 4241 rs
843 4172 971 4237 Seneca
986 4174 1031 4237 de
1046 4171 1182 4236 Prorid.
1205 4172 1234 4235 5.
1254 4170 1383 4255 Sulpic.
1406 4172 1518 4235 Seres.
1544 4193 1572 4237 a.
1592 4176 1623 4235 3.
1659 4175 1784 4251 ·193··

366 4255 588 4343 'Turbinum
605 4283 669 4352 etc.
692 4276 752 4345 cfr.
772 4294 876 4362 supra
888 4274 930 4354 fr.
949 4277 1018 4343 inc.
1038 4279 1088 4353 afi.
1106 4285 1140 4343 et
1157 4292 1226 4362 ¹²7·
1247 4275 1393 4345 Videtur
1412 4274 1521 4364 igitur
1536 4274 1704 4347 Salustius
1719 4277 1784 4341 hac
