4050 5009
1469 434 1537 513 251

42 713 44 732 .
141 620 411 719 opportunius,
429 619 598 724 patefeci.
649 618 785 724 Recepi
805 617 993 711 Galliam,
1019 622 1255 723 Pyrenaeum,
1284 616 1540 709 Laletaniam,

139 740 348 846 Indigetes:
372 760 412 819 et
434 745 605 849 primum
633 744 819 848 impetum
851 742 1005 818 Sertorii
1026 743 1176 818 victoris
1200 744 1305 819 novis
1330 742 1539 847 [quidem]

137 864 324 941 militibus
342 884 380 941 et
398 868 523 943 multo
541 867 787 972 paucioribus
807 866 996 943 sustinui:
1020 862 1260 971 hiememque
1280 866 1321 942 in
1338 866 1467 943 castris
1480 866 1539 943 in·

136 1001 191 1061 ter
212 989 445 1065 saerissumos
469 988 614 1082 bostis,
641 1017 721 1067 non
744 1017 814 1094 per
837 989 978 1094 oppida
1000 1014 1127 1093 neque
1148 1017 1194 1066 ex
1221 990 1432 1067 ambitione
1454 1016 1539 1067 mea

133 1111 189 1217 egi
196 1144 208 1205 3
233 1113 334 1215 quid
355 1114 445 1189 dein
475 1112 607 1218 prtelia
638 1130 707 1191 aut
732 1113 989 1217 expeditiones
1018 1112 1215 1205 hibernas,
1241 1114 1382 1220 oppida
1417 1114 1538 1205 excisa

134 1249 199 1310 aut
225 1252 379 1341 recepta
393 1237 638 1313 enumerem?
663 1236 821 1343 quando
846 1263 903 1313 res
924 1236 1012 1342 plus
1035 1236 1137 1314 valet
1155 1264 1275 1340 quam
1294 1238 1417 1316 verba.
1469 1240 1538 1315 Ca·

132 1374 206 1434 stra
227 1356 401 1437 hostium
416 1362 521 1465 apud
532 1363 741 1437 Sucronem
755 1376 888 1465 capta,
914 1377 953 1437 et
974 1361 1152 1465 praelium
1172 1361 1277 1467 apud
1301 1360 1446 1438 flumen
1461 1364 1538 1439 Tu·

42 1579 43 1592 ¹
132 1483 250 1576 riam,
278 1503 318 1561 et
339 1485 419 1561 dux
438 1484 607 1562 hostium
626 1488 664 1561 C.
685 1485 901 1561 Herennius
921 1512 1010 1561 curn
1024 1485 1122 1561 urbe
1143 1485 1320 1561 Valentia
1345 1501 1384 1567 et
1399 1485 1537 1563 exerci-

134 1624 175 1682 tu
199 1608 338 1700 deleti,
361 1610 450 1685 satis
475 1611 577 1686 clara
599 1610 703 1685 vobis
719 1626 827 1702 sunt3
850 1634 922 1713 pro
944 1608 1052 1711 quis,
1079 1610 1213 1713 ograti
1238 1614 1384 1703 Patres,
1399 1628 1537 1716 egesta·

133 1746 207 1808 tem
228 1750 270 1811 et
284 1733 429 1811 famam
445 1734 609 1812 redditis.
632 1737 767 1837 Itaque
782 1758 867 1807 meo
878 1747 917 1807 et
927 1729 1097 1808 hostium
1111 1734 1293 1810 exercitui
1313 1762 1385 1839 per
1403 1733 1536 1811 condi-
1572 1820 1576 1831 ,

134 1856 184 1932 tio
201 1874 268 1935 est
318 1858 493 1962 Namque
510 1855 746 1963 stipendium
764 1856 893 1933 neutri
913 1855 1055 1933 datur:
1079 1856 1201 1933 victor
1220 1873 1384 1963 uterque
1405 1859 1447 1935 in
1463 1862 1538 1935 Ita·

46 2067 51 2086 Ι
135 1979 223 2056 liam
247 1980 381 2058 venire
408 1998 537 2085 potest
588 1981 705 2079 Quod
729 2007 797 2086 ego
824 2006 889 2056 vos
914 2006 1052 2057 moneo
1073 2006 1275 2085 quaesoque
1297 2000 1342 2057 ut
1365 1981 1538 2059 animad-

46 2091 50 2116 '
133 2105 305 2196 vortatis,
331 2131 409 2181 neu
426 2105 564 2209 cogatis
578 2104 859 2180 necessitatibus
877 2104 1057 2209 privatim
1077 2102 1175 2178 mihi
1198 2104 1401 2181 consulere.
1451 2106 1537 2181 His-

134 2231 291 2331 puniam
302 2229 534 2319 citeriorem,
560 2254 646 2332 quae
661 2256 742 2303 non
761 2228 811 2303 ab
825 2226 997 2303 hostibus
1015 2244 1181 2318 tenetur,
1208 2254 1276 2305 nos
1296 2246 1364 2305 aut
1380 2229 1537 2306 Sertori·

138 2378 178 2427 us
209 2353 261 2430 ad
297 2351 597 2427 internecionem
633 2350 890 2444 vastavimus3
922 2367 1060 2455 praeter
1092 2352 1315 2427 maritumas
1341 2353 1536 2448 civitates,

48 2481 49 2484 ’
137 2502 216 2578 quae
229 2477 338 2553 ultro
358 2475 469 2551 nobis
489 2473 660 2579 sumptui
680 2475 871 2576 onerique.
904 2472 1032 2549 Gallia
1051 2476 1246 2580 superiore
1268 2502 1371 2552 anno
1388 2476 1534 2555 Metelli

138 2602 341 2677 exercitum
361 2599 551 2705 stipendio
570 2597 958 2706 frumentoque-eluit
980 2631 988 2672 ε
1012 2613 1051 2672 et
1078 2626 1185 2674 nunc
1217 2598 1327 2675 malis
1347 2600 1535 2677 fructibus

138 2722 210 2827 ipsa
237 2724 303 2802 vix
319 2723 445 2829 agitat
494 2726 574 2828 Ego
595 2748 677 2796 non
701 2748 782 2797 rem
804 2720 1031 2795 familiarem
1051 2722 1183 2812 modu,
1206 2750 1338 2799 verum
1356 2724 1536 2801 etiam-fr·

138 2846 218 2925 dem
242 2845 471 2951 consumpsi.
508 2845 661 2949 Reliqui
692 2870 756 2921 vos
777 2844 863 2921 estis
882 2876 891 2918 ε
916 2844 986 2947 qui
1007 2844 1081 2919 nisi
1100 2846 1329 2937 subvenitis,
1354 2838 1475 2925 invito
1497 2864 1536 2925 et

138 2971 363 3076 pmdioente
379 2998 461 3060 me,
482 2968 666 3045 exercitus
690 2967 785 3044 hinc
810 2984 849 3044 et
869 2994 959 3044 cum
980 2994 1028 3043 eo
1046 2994 1159 3044 omne
1176 2970 1323 3047 bellum
1340 2972 1535 3079 Hispaniae

139 3096 177 3174 in
193 3098 346 3175 ltaliam
368 3094 702 3200 transgredientur.
1086 3178 1090 3195 ι

242 3247 296 3297 ra.
321 3220 495 3321 Namque
520 3216 602 3312 his,
626 3232 766 3321 praeter
785 3214 896 3291 solita
923 3216 1065 3293 vitiosis
1082 3218 1383 3322 magistratibus,
1409 3246 1532 3323 quum

139 3369 202 3445 per
216 3370 373 3421 omnem
394 3340 632 3447 provinciam
652 3336 930 3416 infecunditate
949 3340 1098 3415 biennii
1114 3343 1293 3445 proxumi
1311 3366 1425 3449 grave
1444 3368 1532 3447 pre*

140 3468 230 3546 tium
252 3468 445 3544 fructibus
468 3482 567 3541 esset
591 3509 644 3527 ·-
672 3469 728 3538 13.
749 3462 801 3537 Hi
827 3462 984 3537 saltibus
1009 3465 1227 3569 occupatis,
1253 3483 1336 3540 tum
1360 3482 1534 3542 externo

142 3618 223 3669 rum
245 3617 353 3698 agros
376 3591 570 3666 invasere:
597 3584 859 3687 frumentique
876 3612 922 3659 ex
941 3585 1070 3689 inopia
1090 3589 1195 3691 gravi
1215 3590 1329 3663 satias
1347 3590 1458 3667 facta.
1485 3634 1534 3657 -

43 3755 44 3758 π
149 3723 196 3809 14.
218 3718 349 3820 Neque
375 3714 452 3789 iam
466 3710 643 3787 sustineri
665 3697 814 3813 poterat
832 3708 1060 3783 immensum
1091 3726 1205 3786 aucto
1223 3714 1322 3788 mari
1352 3730 1391 3817 et
1419 3732 1535 3809 vento

146 3837 316 3943 gliscenti
342 3884 393 3898 -
422 3834 474 3911 ι5.
498 3839 653 3910 Actum
674 3857 868 3922 maxume,
893 3831 953 3907 uti
969 3832 1064 3907 solet
1084 3836 1257 3909 extremis
1281 3837 1322 3911 in
1344 3839 1471 3932 rebus,
1484 3840 1534 3916 sia

42 4059 43 4064 Ἰ
143 3961 179 4039 bi
197 3964 357 4069 quisque
380 3959 630 4036 carissumum
649 3956 753 4033 domi
773 3954 985 4046 recoulari,
1010 3958 1218 4062 cunctique
1243 3962 1419 4039 omnium
1431 3962 1534 4061 ordi·

42 4167 43 4252 l
145 4160 228 4225 Etiam
249 4161 314 4226 hee
329 4161 452 4243 epistola
470 4158 545 4217 inest
562 4153 666 4230 libris,
691 4152 860 4239 faticano,
887 4150 1002 4214 Nicolai
1024 4153 1111 4215 Fabri
1128 4165 1156 4217 et
1180 4155 1342 4228 cardinalis
1363 4160 1535 4239 Briconeti,

147 4289 261 4351 quornm
278 4267 435 4347 scripturas
451 4261 554 4324 Carrio
575 4280 593 4321 a
615 4266 745 4323 Puteano
765 4258 890 4339 recepit.
923 4256 1115 4319 demanium
1141 4264 1241 4345 vulgo.
1270 4262 1419 4345 Indigetes
1437 4253 1535 4356 falic,

43 4365 44 4370 ¹
147 4375 245 4439 fabric.
261 4374 340 4436 bric.
357 4369 439 4435 nord
456 4368 574 4449 quidem
591 4364 677 4433 milti.
696 4363 814 4445 qudem
833 4382 898 4426 om·
920 4360 1009 4428 retr.
1027 4362 1104 4429 Brit.
1123 4374 1153 4428 et
1168 4386 1242 4449 quos
1259 4366 1403 4433 Gnoson.-
1421 4370 1533 4443 laudat,
