4050 5009
1580 392 1637 515 sss⁷

234 594 366 656 derant.
386 580 640 664 Laletaniam,
660 576 844 673 Indigetis
861 580 910 645 in
931 579 1007 646 vna
1032 599 1060 643 1.
1079 584 1113 643 et
1134 578 1258 663 optimi
1276 578 1373 643 libri.
1399 578 1640 651 laeettauiam

166 686 170 691 ¹
235 699 308 765 Vat.
325 714 355 761 a.
371 690 552 763 Laletaui
566 702 601 757 et
610 687 796 779 Indigetes
811 686 1009 773 junguntur
1028 704 1081 771 ap.
1104 683 1196 749 Ptin.
1214 689 1244 747 3.
1261 690 1299 765 33
1320 706 1417 752 error
1432 687 1545 753 facilis
1558 698 1641 776 erat,

233 804 330 883 quod
347 800 511 865 Lacetani
537 808 571 863 et
599 800 762 885 Ilergetes
791 815 931 879 quoque
962 793 1001 859 iu
1034 792 1212 878 Hispaniae
1236 794 1376 879 populis
1399 805 1639 875 numeranturs

232 907 309 973 ride
328 907 573 993 Geographos:
593 906 716 971 Cellas.
729 907 774 982 11.
791 925 818 965 ι.
839 917 914 977 1443
935 896 1037 965 novis
1059 896 1239 985 (quidem)
1253 895 1429 965 militibus
1441 936 1484 953 -
1498 900 1641 986 quidem

221 1032 255 1091 „a
275 1013 459 1086 Vaticanis
472 1035 499 1077 r.
530 1030 560 1078 a.
579 1012 712 1095 exulat,
731 1017 766 1073 et
783 1007 972 1071 delendum
993 1012 1054 1069 est.
1076 1001 1241 1071 sustinui
1260 1042 1302 1059 -
1325 1007 1498 1073 substinui
1519 1011 1597 1073 Vat.
1613 1031 1641 1073 ι.

230 1101 391 1205 Pugnam
421 1121 680 1183 Lauronensem
716 1110 912 1201 significare
938 1110 1099 1189 videtur,
1146 1110 1214 1199 ipsi
1247 1132 1370 1197 parum
1405 1115 1643 1181 honorificam.

232 1222 294 1287 cfr.
322 1222 470 1308 Appiae.
491 1226 527 1285 B.
551 1222 623 1289 Cis.
652 1242 680 1283 i.
706 1240 773 1301 ¹⁰9·
808 1218 897 1282 Plut.
925 1218 1047 1301 Pomp.
1075 1218 1294 1283 18.1.0r0s.
1322 1218 1352 1281 5.
1371 1224 1421 1283 23.
1439 1220 1650 1307 «pompejus

233 1337 414 1394 contracto
443 1331 535 1413 apud
557 1324 766 1391 Pollentiam
794 1321 964 1407 exercitu,
992 1324 1190 1387 Lauronem
1217 1321 1408 1408 civitatem,
1436 1347 1540 1407 quarn
1560 1336 1643 1393 tuuc

230 1431 404 1499 Sertorius
428 1432 670 1517 oppugnabat,
690 1432 817 1497 frustra
847 1438 989 1495 conatus
1008 1428 1212 1509 defendere,
1231 1429 1342 1493 victus
1366 1428 1512 1517 aufugit.
1533 1433 1647 1499 Serto-

232 1540 306 1604 rius
324 1546 484 1623 superato
512 1536 700 1625 fugatoque
723 1535 890 1623 Pompeio
915 1540 1109 1601 lauronem
1128 1544 1262 1621 captam
1280 1536 1515 1603 crudelissime
1537 1542 1647 1625 depo·

230 1646 371 1729 putatus
397 1651 479 1707 est.»
504 1665 548 1708 ee
570 1640 772 1711 ambitione
799 1664 891 1711 mea.
920 1642 982 1709 cfr.
1007 1642 1181 1709 Gracchus
1202 1661 1256 1727 ap.
1281 1644 1320 1707 Α.
1342 1644 1496 1709 Gellium
1519 1646 1567 1707 15.
1593 1660 1643 1707 ras

125 1800 131 1807 .
231 1752 414 1825 «versatus
435 1770 513 1813 sum
540 1748 580 1815 in
599 1748 799 1835 provincia,
828 1751 1006 1832 quomodo
1025 1769 1067 1813 ex
1087 1768 1150 1813 usu
1171 1756 1283 1813 vestro
1301 1749 1541 1813 existimabam
1557 1768 1646 1828 esse,

232 1876 308 1919 non
323 1859 500 1937 quomodo
514 1855 701 1922 ambitioni
710 1874 794 1921 meae
804 1858 998 1923 conducere
1011 1854 1239 1945 arbitrabar.»
1258 1854 1398 1919 innon
1409 1854 1458 1919 ita
1474 1864 1512 1919 ut
1523 1855 1646 1941 glorie

230 1982 318 2027 mese
331 1962 484 2044 favorem
501 1961 654 2027 militum
668 1964 838 2047 captando
858 1961 1032 2029 servirem.
1053 1962 1148 2045 Saepe
1168 1960 1261 2025 enim
1278 1961 1326 2025 ita
1346 1960 1571 2046 imperatores
1583 1982 1648 2047 per

231 2064 461 2133 ambitionem
484 2069 686 2153 peccabant,
707 2076 746 2131 ut
761 2066 867 2131 nimis
891 2066 1047 2130 molliter
1067 2076 1169 2149 atque
1191 2048 1574 2131 luxuriose‘exerciturn
1592 2085 1648 2129 eo·

232 2170 358 2235 lerent.
377 2173 467 2231 Usus
490 2169 540 2231 ita
557 2189 641 2233 voce
664 2171 783 2231 Livius
799 2174 851 2243 45.
873 2174 933 2246 363
952 2170 1015 2231 ubi
1041 2170 1121 2231 vide
1141 2171 1292 2233 Gronov.
1317 2176 1434 2231 nostra
1453 2172 1497 2231 ad
1518 2170 1598 2251 Jug.
1621 2188 1649 2231 c.

234 2275 289 2336 86.
308 2276 339 2335 3.
360 2270 431 2335 Cic.
455 2272 548 2341 x111.
568 2273 654 2355 Epp.
669 2272 709 2337 V.
726 2290 763 2333 u.
785 2285 814 2333 a.
833 2272 912 2333 Non
932 2270 1127 2342 committo,
1148 2276 1186 2329 ut
1203 2269 1393 2331 ambitione
1414 2272 1650 2335 mea'contur-

232 2380 317 2441 bem
336 2373 489 2441 officium
514 2385 622 2440 tuum.
648 2376 747 2439 Adde
772 2375 962 2439 Buddaeum
981 2373 1021 2437 in
1041 2374 1201 2437 Pandect.
1229 2393 1308 2459 pag.
1335 2376 1403 2455 195.
1433 2376 1526 2456 196.t
1558 2376 1649 2441 Cort.

233 2486 334 2548 Adde
350 2484 430 2568 Jug.
451 2484 502 2559 45.
519 2484 570 2558 64.
593 2502 661 2547 roo.
680 2481 748 2543 Sed
765 2478 904 2543 videtur
924 2477 1016 2541 mihi
1040 2477 1223 2563 Pompejus
1244 2479 1282 2542 id
1301 2480 1419 2565 potius
1441 2480 1654 2567 significare,

234 2591 333 2671 quod
356 2589 494 2655 Tacitus
513 2586 626 2675 Agric.
655 2587 702 2649 ιθ.
742 2582 950 2669 officiorum
972 2578 1149 2648 ambitum
1174 2582 1260 2647 dicit
1288 2583 1348 2649 etr.
1378 2583 1584 2673 interpretes
1606 2590 1652 2655 ad

232 2696 330 2761 bunc
339 2696 466 2759 locum.
477 2689 568 2777 quid
574 2694 701 2759 deiude
710 2696 784 2761 Vat.
796 2715 822 2754 ι.
830 2688 969 2776 proeliu
979 2691 1081 2757 idem.
1097 2697 1223 2757 eastra
1232 2686 1393 2755 bostium
1405 2694 1509 2777 apud
1514 2694 1649 2761 Sucro·

234 2821 319 2864 uem
330 2808 452 2883 capta.
467 2799 529 2862 cir.
539 2802 630 2863 Plut.
642 2801 762 2882 Pomp.
780 2820 828 2879 ¹9·
848 2799 934 2883 App.
947 2818 1016 2867 tro.
1031 2798 1130 2861 Oros.
1142 2800 1171 2859 5.
1182 2802 1232 2860 23.
1246 2800 1282 2860 B.
1293 2819 1321 2860 e.
1337 2819 1351 2859 1
1364 2818 1372 2859 ε
1386 2799 1580 2871 t<Sertorius
1589 2802 1650 2865 de·

235 2905 323 2968 inde
341 2924 420 2967 cum
436 2902 601 2986 Pompejo
623 2922 843 2985 congressus,
863 2905 982 2965 decem
1002 2900 1117 2961 millia
1135 2900 1289 2959 militum
1306 2900 1380 2975 ejus
1401 2900 1585 2965 interfecit.
1603 2906 1653 2967 Ex

237 3006 313 3069 alio
334 3024 464 3086 cornu,
489 3004 649 3065 vincente
668 3004 852 3082 Pompejo,
872 3002 1075 3061 tantundem
1085 3018 1178 3083 pene
1197 2999 1271 3085 ipse
1292 3000 1477 3085 perdidit.>t
1497 3002 1557 3068 cir.
1576 3004 1651 3069 Liv.

239 3113 333 3195 Epit.
358 3110 459 3171 XCII.
481 3107 585 3189 apud
585 3102 732 3191 flumen
746 3098 908 3213 Durium
925 3101 975 3165 ita
990 3105 1067 3168 Vat.
1091 3125 1118 3166 1.
1138 3123 1167 3168 a.
1187 3106 1236 3169 ita
1259 3108 1363 3171 etiam
1385 3110 1553 3197 Pompon.
1577 3113 1653 3177 Me·

237 3218 276 3281 ia
287 3216 365 3281 Lib.
381 3214 442 3276 111.
459 3235 487 3275 r.
509 3209 573 3275 etsi
593 3209 632 3275 in
652 3209 788 3274 duobus
805 3210 912 3303 codd.
932 3208 1101 3271 Romanis
1119 3205 1270 3277 Turiam
1291 3230 1362 3277 esse
1385 3216 1587 3281 ciacconius
1607 3225 1656 3285 te·

237 3332 365 3404 statim,
393 3330 484 3384 recte
516 3316 655 3381 Carrio:
684 3316 755 3390 ata
790 3316 857 3379 boc
882 3316 1013 3378 tlumen
1038 3334 1132 3379 nunc
1154 3325 1273 3402 vocat,
1309 3320 1403 3399 quod
1432 3318 1525 3385 libro
1555 3341 1656 3405 supe-

240 3430 337 3494 riore
368 3420 521 3491 Turiam
540 3422 612 3488 sive
644 3424 679 3486 T
675 3421 780 3501 uria,
803 3421 843 3485 ni
862 3418 986 3505 fallor,
1009 3419 1129 3485 dixis.»
1156 3422 1327 3489 Similiter
1345 3424 1463 3489 Cicero
1491 3425 1659 3493 Oratione

239 3554 308 3621 pro
328 3533 483 3595 Balbos.
520 3523 691 3595 Turiensi
705 3525 862 3611 prestio»
878 3564 920 3580 -
946 3530 992 3592 de
1018 3549 1089 3611 quo
1124 3530 1248 3615 proelio
1271 3530 1332 3595 cfr.
1354 3532 1444 3601 Plut.
1460 3530 1580 3619 Pomp.
1609 3534 1655 3597 rb.
1732 3606 1733 3611 ἵ

239 3640 304 3705 fin.
325 3638 363 3701 id
397 3638 493 3719 quod
516 3646 596 3699 ante
621 3654 775 3721 pugnam
804 3636 1055 3699 Sucronensern
1083 3633 1212 3699 fectum
1239 3644 1299 3705 est.
1335 3638 1376 3704 C.
1391 3639 1600 3705 Herreuius
1614 3676 1657 3695 -

242 3738 365 3811 deleti.
385 3744 460 3805 baee
485 3743 530 3803 ad
549 3741 643 3805 idem
668 3739 832 3825 proelium
857 3738 1044 3826 pertinent.
1068 3762 1142 3823 pro
1171 3737 1271 3824 queis
1292 3745 1367 3809 Vat.
1396 3766 1421 3807 r.
1446 3762 1477 3807 u.
1506 3753 1541 3811 et
1567 3747 1657 3813 Vett.

244 3852 356 3915 codd.
376 3866 465 3931 quos
486 3845 616 3911 Carrio.
636 3847 765 3911 laudat.
779 3868 854 3929 pur
877 3842 1048 3913 condicio
1072 3844 1121 3909 ita
1148 3849 1223 3913 Vat.
1242 3868 1271 3917 s.
1293 3855 1327 3913 et
1349 3849 1398 3913 ita
1421 3851 1553 3934 ubique
1574 3850 1658 3915 scri·

249 3957 416 4019 bendum.
447 3952 549 4035 quod
579 3973 644 4041 ego
675 3974 739 4019 uos
770 3973 899 4018 moneo
938 3974 1151 4039 quareque,
1180 3962 1222 4017 ut
1256 3952 1563 4023 animadvortatis
1587 3974 1659 4017 neu

247 4056 393 4148 cogatis
407 4053 693 4124 necessitatibus.
711 4061 862 4134 «Eadem
878 4060 985 4122 verba
998 4060 1145 4147 repetita
1167 4060 1273 4125 habes
1297 4072 1416 4147 postea
1436 4061 1476 4125 in
1491 4056 1659 4121 Oratione

182 4145 189 4163 ’
248 4162 361 4230 Macri
372 4163 467 4226 Trib.
482 4165 546 4249 pl.:
570 4163 671 4247 quod
685 4184 750 4252 ego
763 4187 828 4232 uos
846 4184 976 4230 moneo
997 4186 1190 4248 quaesoque
1210 4176 1252 4230 ut
1269 4158 1576 4232 animadvortatis
1587 4180 1660 4225 neu

249 4263 402 4336 nomina
423 4290 546 4334 rerum
569 4269 623 4335 ud
643 4266 826 4358 &navium
847 4277 1033 4337 mutantes
1057 4278 1124 4335 ete.
1141 4266 1225 4339 item
1239 4290 1341 4355 supra
1355 4271 1394 4335 in
1410 4268 1470 4333 Or.
1485 4262 1657 4355 Philippi:
