4050 5009
415 410 464 500 [μ

418 600 479 687 qni
500 614 573 662 non
592 593 636 657 ab
657 590 762 655 armis
782 592 1012 672 recesserunt,
1040 586 1080 651 in
1102 582 1216 653 officio
1237 585 1419 675 retineret;
1450 608 1537 673 quos
1559 592 1744 661 Glabrioni
1759 605 1828 662 tra·

418 706 518 773 didit.
538 703 661 765 Postea
676 694 825 783 imperio
843 702 963 761 contra
980 693 1218 759 Mithridatem
1241 695 1286 757 ad
1312 695 1514 781 Pompejum
1533 700 1664 786 delato,
1684 723 1764 768 cum
1785 724 1826 771 co

419 818 463 879 de
481 807 621 891 injuriis
643 805 712 872 sibi
729 801 836 868 illatis
855 801 1102 888 expostulavit,
1123 804 1218 887 quod
1236 800 1299 866 ille
1327 800 1453 866 omnia.
1475 802 1548 870 iere
1578 808 1717 873 Luculli
1737 818 1828 896 acta,

420 938 496 1004 quar
518 918 562 980 ad
586 908 801 1000 provinciam
820 909 1049 975 ordinandam
1068 909 1306 997 pertinebant,
1326 908 1474 975 rescindi
1485 909 1641 991 jusserat.
1649 914 1687 1000 ο)

499 1024 567 1088 Sed
580 1018 763 1106 Pompejo,
784 1038 862 1083 cum
878 1018 922 1080 ad
934 1017 1068 1083 bellum
1082 1023 1273 1106 gerendum
1292 1038 1363 1087 sese
1380 1018 1590 1109 accingeret,
1609 1021 1728 1087 omnia
1740 1024 1830 1089 bene

421 1140 455 1199 et
468 1148 631 1217 prospere
640 1144 849 1211 processere.
869 1128 956 1189 Nam
972 1134 1006 1189 et
1031 1145 1053 1188 a
1078 1128 1243 1201 Phraate,
1262 1126 1397 1193 Arsacis
1412 1126 1506 1216 filio,
1520 1131 1725 1195 Parthorum
1738 1148 1832 1217 rege,

423 1256 523 1321 quem
534 1237 578 1299 ad
589 1231 748 1298 amicitie
763 1230 872 1295 foedus
884 1230 1105 1313 jungendum
1123 1228 1300 1312 invitavit,
1315 1232 1508 1317 benignum
1523 1254 1727 1322 responsum
1742 1237 1833 1299 tule-

420 1350 491 1423 rat,
513 1348 547 1405 et
562 1336 771 1403 inArmcnia
785 1332 968 1400 discordiis
980 1330 1176 1404 domesticis
1196 1330 1303 1415 ortis,
1322 1333 1422 1395 nulla
1439 1335 1523 1399 inde
1540 1341 1738 1403 Mithridati
1754 1358 1832 1425 spes

423 1444 546 1511 auxilii
572 1444 649 1507 fuit.
678 1442 748 1529 Qui
775 1442 917 1526 quidem
947 1434 1051 1501 initio
1083 1434 1247 1510 omnibus
1273 1436 1368 1521 pacis
1394 1436 1654 1503 conditionibus
1679 1439 1835 1529 rejectis,

422 1572 503 1615 mox
526 1571 604 1614 cum
622 1569 659 1613 se
679 1546 847 1633 imparem
876 1544 1044 1632 Pompejo
1071 1541 1301 1631 intelligeret,
1327 1564 1350 1608 a
1376 1544 1447 1609 suis
1463 1542 1597 1608 bellum
1625 1565 1834 1633 componere

423 1656 644 1744 prohibitus,
668 1676 802 1721 moram
821 1660 856 1719 et
875 1653 1071 1719 tarditatem
1092 1649 1188 1714 bello
1208 1648 1338 1715 inferre
1350 1650 1572 1735 hostiumque
1595 1652 1764 1739 impetum
1781 1655 1836 1721 rei

422 1764 654 1829 frumentariae
673 1762 794 1851 inopia
813 1760 971 1845 frangere
988 1757 1131 1823 studuit.
1152 1756 1265 1844 Igitur
1286 1757 1447 1822 omnibus
1462 1758 1554 1823 circa
1573 1760 1729 1846 vastatis,
1748 1770 1837 1825 cast·

425 1870 541 1953 risque
559 1870 637 1937 loco
656 1870 791 1935 munito
817 1863 956 1949 positis,
975 1884 1040 1946 per
1058 1862 1203 1947 aliquod
1220 1872 1353 1953 tempus
1367 1865 1520 1931 hostium
1537 1865 1686 1953 impetus
1700 1886 1834 1953 repres-

424 1978 469 2041 sit
493 1998 532 2042 ac
553 1976 748 2044 retardavit.
775 1972 842 2033 Sed
863 1968 1015 2052 equestri
1033 1971 1160 2056 proelio
1177 1971 1289 2039 rictus
1306 1993 1412 2038 unam
1433 1972 1554 2038 salutis
1575 1972 1731 2057 spemin
1752 1973 1838 2060 fuga

425 2085 558 2170 posuit,
588 2084 783 2159 iterumque
810 2094 882 2138 non
905 2078 1029 2161 procul
1048 2080 1094 2143 ab
1112 2080 1286 2166 Euphrate
1302 2089 1474 2145 nocturno
1495 2076 1619 2164 pruelio
1638 2096 1839 2164 oppressus,

426 2213 504 2255 cunr
529 2186 647 2276 paucis
667 2180 843 2265 equitibus
867 2184 1072 2254 Colchidem
1101 2196 1136 2255 et
1163 2188 1327 2275 paludem
1348 2186 1545 2251 Maeotidem
1577 2182 1718 2270 petivit,
1738 2192 1777 2248 ut
1798 2185 1838 2249 in

425 2299 569 2365 Taurica
591 2295 801 2358 Chersoneso
825 2292 959 2359 bellum
978 2303 1164 2383 repararet.
1185 2294 1368 2381 Pompejus
1387 2291 1495 2379 igitur
1516 2291 1560 2355 ab
1581 2290 1740 2356 hostibus
1757 2309 1839 2377 per-

426 2400 610 2489 sequendis
637 2398 675 2464 in
702 2397 899 2462 Armeniam
933 2420 1110 2481 reversus,
1139 2400 1217 2482 ipso
1242 2400 1334 2484 regis
1356 2398 1432 2459 filio
1461 2401 1566 2472 duce,
1593 2397 1695 2483 regni
1725 2415 1839 2462 arcem

426 2514 585 2577 Artaxata
608 2504 713 2589 cepit,
732 2509 767 2566 et
785 2498 1036 2565 dissensionem
1056 2500 1149 2565 inter
1164 2508 1298 2588 putrem
1315 2511 1349 2569 et
1368 2500 1483 2566 filium
1498 2508 1609 2566 ortam
1628 2500 1679 2567 ita
1699 2522 1842 2589 compo·

412 2614 511 2697 nerlii,
531 2616 570 2671 ut
587 2606 728 2695 Tigrani
742 2604 817 2693 regi
835 2604 1169 2692 patriumuregnum,
1191 2608 1306 2693 Syria,
1327 2606 1507 2693 Phoenice,
1527 2608 1765 2691 Cappadocia,
1784 2617 1846 2672 rei

427 2716 619 2798 liquisquc,
646 2731 731 2794 quas
754 2712 919 2775 Lucullus
939 2719 1212 2808 expugnqverat,
1242 2712 1343 2779 terris
1371 2711 1540 2797 exceptis,
1570 2708 1785 2790 restitueret,
1811 2722 1847 2775 et

428 2822 541 2887 filium
560 2819 736 2903 Sophenes
761 2825 795 2882 et
811 2819 1015 2905 Gordyenes
1034 2838 1153 2906 regem
1174 2819 1408 2886 constitueret.
1428 2820 1539 2905 Quem
1562 2816 1706 2900 quidem
1721 2824 1847 2901 postea

429 2929 485 2995 his
506 2922 767 2991 condicionibus
788 2943 911 3009 parum
930 2933 1149 3010 contentum,
1177 2936 1212 2995 et
1226 2928 1361 2996 bellurn
1383 2926 1573 3013 fugamque
1591 2923 1780 3009 agitantem
1804 2919 1846 2983 in

429 3029 567 3099 vincula
583 3028 745 3111 conjecit,
773 3015 965 3117 magnaque
982 3028 1144 3093 hostibus
1166 3030 1315 3114 pecunia
1333 3028 1520 3116 imperata,
1541 3028 1581 3091 in
1605 3024 1763 3090 Amnenia
1785 3025 1845 3090 hi·

431 3134 598 3203 bernrvit.
615 3138 681 3203 Sed
705 3155 750 3205 ne
772 3135 885 3203 hiems
905 3116 1048 3219 quidem
1064 3128 1169 3199 bellis
1188 3152 1308 3195 vacus.
1336 3137 1424 3194 Nam
1442 3134 1486 3193 ab
1507 3134 1721 3195 Albanorum
1742 3152 1844 3220 rege,

511 3454 547 3533 θ)
568 3456 659 3520 Plut.
677 3448 813 3514 Lucull.
831 3468 860 3517 c.
881 3449 933 3511 st.
958 3448 1008 3509 36.
1030 3444 1214 3533 Pompejus
1228 3447 1320 3511 adeo
1334 3444 1497 3511 milltcsa
1514 3450 1660 3516 Lucullo
1680 3471 1843 3521 avocare·

434 3571 496 3628 rat.
515 3563 605 3626 Plut.
625 3562 744 3645 Pomp.
766 3560 817 3621 δι.
848 3554 908 3619 Cic
930 3572 994 3639 pro
1014 3552 1093 3641 lege
1109 3552 1254 3616 Manilia
1273 3574 1302 3617 c.
1330 3554 1379 3617 15.
1409 3554 1542 3635 ,Hujus
1559 3556 1651 3641 (scil.
1669 3559 1843 3647 Pompeji)

435 3673 600 3734 adrentus
627 3676 660 3733 et
688 3662 927 3757 Mithridatem
953 3659 1097 3725 insolita
1128 3660 1379 3725 inflammatum
1407 3660 1553 3727 victoria
1584 3662 1778 3753 continuit,
1809 3676 1844 3733 et

435 3772 621 3859 Tigranem
638 3771 772 3855 magnis
794 3768 903 3853 copiis
921 3768 1141 3835 minitantem
1156 3767 1244 3833 Asiae
1265 3769 1483 3838 retardavit.“
1509 3770 1612 3857 Quod
1635 3771 1778 3854 quidem
1798 3775 1843 3836 ad

438 3874 692 3964 expeditionem
717 3874 870 3960 Pompeji
899 3874 938 3939 in
968 3858 1127 3941 Ciliciam
1160 3872 1285 3939 iactam
1309 3875 1480 3961 pertinet,
1505 3878 1655 3961 satisque
1675 3879 1845 3962 declarat,

438 4007 500 4053 cur
521 3982 613 4048 nihil
638 3982 863 4049 memorabile
889 4001 933 4046 ne
956 3980 1000 4044 ab
1025 3982 1184 4047 hostibus
1200 3982 1343 4066 quidem
1359 3992 1492 4071 gestum
1515 3984 1571 4048 sit.
1603 3986 1789 4070 Caeterum,
1815 3985 1846 4048 si

316 4138 319 4143 -
437 4092 546 4159 Fastis
569 4088 838 4177 triumphalibus
863 4087 949 4155 fides
973 4090 1151 4176 habenda,
1165 4150 1170 4157 ,
1183 4090 1346 4156 Lucullus
1366 4090 1508 4157 nonnisi
1531 4090 1633 4155 tertio
1651 4109 1744 4156 anno
1767 4098 1846 4177 post

439 4222 480 4266 cx
508 4201 637 4275 Ponto,
667 4194 897 4297 Cappadocia,
927 4197 1111 4277 Armenia,
1142 4200 1186 4263 de
1211 4197 1364 4287 Regibus
1394 4196 1596 4264 Mithridate
1621 4204 1657 4264 et
1678 4196 1845 4285 Trigrane

440 4302 674 4391 triumphavit.
1081 4320 1088 4327 '
1667 4314 1675 4328 ’
