4050 5009
353 452 432 507 =10

380 576 602 725 nunciatum,
621 620 683 695 ..in
707 616 918 683 Ariminensi
943 636 1027 705 agro
1047 617 1087 683 in
1102 618 1189 685 villa
1203 620 1333 693 ‚Galeri
1354 621 1513 690 locutum
1534 626 1798 715 gallinaceum‘

382 729 519 795 Plinius
538 731 582 796 H.
597 732 637 791 N.
657 728 696 790 x.
719 728 769 791 25.
790 728 850 790 Ed.
869 726 1006 813 Bipout.
1019 725 1060 810 ⁰)

270 974 277 988 .
399 924 527 1037 Ἀ...-
548 918 820 995 nummu.
846 920 890 991 r.
921 916 966 993 o.
992 866 1034 992 c.
1061 918 1239 997 omnus
1260 918 1309 993 o.
1332 921 1468 994 sunan
1491 919 1539 995 o.
1565 922 1608 995 r.
1633 922 1681 997 o.
1703 926 1754 1001 rr.
1797 1021 1800 1028 ,

477 1050 614 1122 Bracae
637 1046 867 1128 Mamercus,
894 1042 947 1117 M.
971 1040 1153 1118 Aemilius
1176 1044 1231 1117 M.
1255 1044 1297 1119 F.
1321 1044 1484 1145 Lepidm
1505 1045 1693 1123 Livianus.

465 1213 549 1273 Cum
566 1230 619 1274 res
633 1217 775 1294 propter
790 1206 980 1271 discordias
1000 1205 1119 1272 civiles
1133 1208 1177 1271 ad
1190 1207 1429 1295 interregnum
1445 1207 1616 1295 rediisset,
1636 1211 1794 1277 consules

259 1302 284 1317 ”
384 1317 492 1383 serius
512 1316 616 1381 creati
637 1322 727 1379 sunt.
751 1313 812 1378 cfr.
841 1314 964 1377 Ascon.
995 1313 1136 1377 Pedian.
1165 1314 1295 1377 Comm.
1319 1312 1359 1376 in
1387 1316 1628 1380 cornelianam
1657 1339 1693 1399 p.
1719 1320 1792 1395 '1423

386 1423 456 1488 Cic.
476 1408 519 1497 de
541 1420 638 1490 Offic.
660 1424 702 1485 ll.
726 1420 872 1507 27.*Sal.
896 1418 1017 1503 fragm.
1042 1420 1070 1482 Ι.
1097 1441 1151 1501 173
1180 1421 1332 1506 lepidus
1346 1423 1551 1506 proconsul,
1572 1421 1723 1485 exercitu
1739 1441 1794 1484 re-

381 1540 526 1613 parato,
540 1530 665 1593 iterum
683 1527 764 1591 urbi
785 1526 917 1590 bellum
941 1523 1070 1589 inferre
1092 1526 1245 1611 paravit,
1265 1528 1329 1594 ubi
1348 1548 1469 1615 graves
1483 1529 1794 1594 consensionesin·

380 1641 432 1699 ter
450 1634 636 1699 factionem
661 1632 835 1698 nobilium
865 1640 899 1695 ct
922 1632 1126 1718 populares,
1146 1631 1215 1715 qui
1235 1634 1459 1716 dicebantur,
1479 1634 1639 1700 homines
1658 1653 1792 1699 enatae

382 1749 470 1802 rant.
491 1740 552 1803 cir.
577 1743 672 1803 Orat.
692 1736 848 1821 Philippi
869 1739 960 1820 apud
977 1737 1178 1801 Salustium.

451 1828 527 1907 'sed
545 1843 630 1906 sicit
647 1843 815 1907 sententia
829 1842 1005 1926 Philippi,
1025 1842 1095 1906 riri
1115 1843 1324 1925 consularis;
1350 1846 1502 1931 Lepidus
1530 1847 1624 1911 enim
1644 1846 1754 1911 hostis
1770 1865 1792 1909 a

384 1959 505 2014 senatu
521 1948 704 2028 judicatus.
725 1948 815 2035 Elor.
832 1949 892 2010 ΙΙΙ.
914 1951 972 2026 ²33
997 1956 1032 2012 et
1048 1950 1081 2010 S.
1102 1950 1140 2014 C.
1162 1952 1307 2036 lactum,
1327 1960 1367 2015 ut
1391 1954 1477 2038 App.
1501 1953 1666 2016 Claudius
1684 1952 1792 2017 inter-

383 2075 459 2139 rex,
481 2076 557 2118 curn
577 2058 617 2141 Q.
637 2054 773 2138 Catulo,
792 2054 1016 2139 proconsule,
1038 2055 1236 2141 etcaeteris,
1256 2058 1383 2139 quibus
1396 2058 1583 2144 imperium
1596 2067 1697 2142 esset,
1710 2056 1792 2123 urbi

381 2159 542 2245 praesidio
571 2169 657 2225 esset
676 2179 883 2245 operamque
902 2160 1016 2242 daret,
1037 2180 1082 2222 ne
1107 2160 1193 2243 quid
1213 2164 1408 2249 respublica
1429 2165 1628 2232 detrimenti
1645 2170 1793 2250 caperet.

383 2267 441 2329 Or.
461 2266 552 2329 Phil.
568 2266 626 2329 fin.
649 2270 782 2331 Interea
800 2268 846 2329 D.
866 2266 996 2349 Brutus,
1017 2262 1160 2331 Mutinae
1179 2269 1343 2357 obsessus,
1354 2271 1392 2334 in
1415 2272 1628 2337 deditionem
1642 2277 1793 2335 venerat.
1824 2296 1829 2305 ·

384 2372 474 2437 Plut.
495 2374 615 2457 Pomp.
639 2375 686 2435 16.
708 2373 807 2434 Oros.
826 2374 867 2433 V.
893 2394 946 2443 22.
960 2372 1115 2455 lepidus·
1127 2381 1244 2435 autem
1266 2376 1312 2438 rie
1334 2377 1567 2455 tumquidem
1584 2366 1704 2461 patriae
1717 2375 1793 2441 bel·

379 2476 587 2543 lumlacere
602 2478 719 2541 omisit
746 2484 798 2552 et,
812 2474 938 2539 iterum
958 2478 1084 2561 proelio
1108 2476 1236 2563 victus,
1257 2480 1397 2553 Cosam,
1417 2478 1627 2543 maritimam
1646 2479 1792 2546 Etruriae

383 2584 505 2666 urbem
512 2626 524 2661 ,
548 2603 583 2646 se
598 2581 736 2665 recepit.
757 2583 857 2645 Unde
875 2582 980 2666 paulo
1000 2594 1079 2671 post
1102 2584 1142 2649 in
1168 2584 1362 2649 Sardiniam
1389 2591 1617 2669 transgressus
1640 2595 1674 2651 et
1693 2585 1793 2671 gravi

384 2690 506 2769 morbo
523 2706 703 2774 oppressus
724 2685 877 2772 obiitil)
898 2689 989 2755 Flor.
1005 2692 1032 2754 l.
1052 2691 1079 2754 l.
1093 2691 1180 2774 App.
1197 2692 1235 2752 B.
1250 2689 1322 2751 Cir.
1335 2688 1363 2752 I.
1388 2708 1458 2768 ¹⁰7·

463 2898 499 2983 ⁰)
521 2899 746 2984 Capitolium,
766 2910 860 2985 quod
881 2911 915 2971 L.
937 2901 1111 2988 Scipione,
1136 2901 1173 2963 C.
1198 2901 1363 2966 Norbano
1390 2904 1481 2968 Coss.
1504 2902 1791 2985 maflagmvcrat,

382 3006 528 3090 Appian.
545 3008 579 3068 B.
597 3006 667 3071 Gir.
686 3010 713 3071 Ι.
733 3012 784 3073 83.
801 3009 942 3075 victoris
955 3009 1061 3070 Sullae
1083 3026 1165 3074 cura
1184 3009 1397 3087 restitutum,
1415 3027 1436 3071 a
1455 3008 1577 3070 Catulo
1592 3003 1791 3069 dedicatum

384 3132 455 3178 esse
479 3113 680 3179 Debrossius
707 3126 821 3200 putat,
840 3111 900 3177 sed
922 3110 1002 3178 vide
1034 3112 1138 3182 inira.
1169 3116 1250 3179 Tac.
1269 3111 1360 3169 Hist.
1390 3111 1451 3169 111.
1477 3126 1527 3186 27.
1560 3108 1650 3192 Ptin.
1680 3108 1725 3169 H.
1748 3110 1791 3171 N.
1836 3137 1842 3143 ·

382 3218 532 3281 XXlllll.
554 3220 600 3282 ιθ.
618 3218 666 3284 id,
688 3220 835 3285 XXXIV,
857 3234 904 3295 ¹9·
927 3234 956 3274 1.
977 3214 1046 3275 Cic.
1066 3214 1141 3271 Act.
1160 3211 1205 3270 11.
1224 3208 1263 3269 in
1280 3212 1377 3299 Verr.
1398 3226 1429 3285 4.
1448 3214 1500 3271 ³1.

443 3321 499 3406 ⁶⁸)
522 3322 579 3387 Cir
601 3324 690 3387 Ptin.
706 3326 750 3382 H.
766 3326 806 3382 N.
822 3323 897 3385 VII.
918 3318 975 3393 363
995 3315 1065 3387 «Μ.
1084 3310 1235 3395 Lepidus
1252 3310 1406 3396 Apulejae
1422 3312 1539 3377 uxoris
1559 3314 1699 3381 caritate
1710 3324 1790 3401 post

382 3430 564 3514 repudium
588 3425 686 3493 obiit.
715 3422 805 3484 Flor.
825 3422 850 3483 l.
865 3423 890 3482 l.
911 3418 1034 3481 morbo
1052 3424 1086 3482 et
1106 3416 1310 3503 poenitentia
1331 3416 1431 3487 obiit.
1443 3427 1460 3462 ⁹
1488 3419 1578 3483 Plut.
1593 3423 1713 3507 Pomp.
1740 3424 1790 3485 16.

382 3528 517 3627 Λέπιδος
534 3532 596 3641 μὲν
626 3522 676 3609 οὖν
695 3523 799 3613 suffic
824 3518 975 3605 t’umcclr
996 3528 1052 3617 τῆς
1069 3532 1226 3613 ΙτῶλιΆς,
1249 3516 1440 3629 ἀπέδρασεν
1463 3530 1509 3615 εἰς
1527 3518 1674 3631 Σᾶςθονω
1689 3532 1794 3609 κάκεῖ

383 3650 542 3749 νοσήσας,
570 3642 758 3743 ἐτελεύτησε
776 3646 813 3726 ti
835 3644 1012 3753 ἀθυμῶν.
1042 3650 1078 3733 ut
1106 3648 1168 3733 uir
1195 3636 1434 3754 πραγμάτων.
1459 3638 1504 3737 iic
1529 3661 1657 3755 φασιν.
1685 3643 1790 3731 diota

382 3781 595 3883 γριμμτίῳ
626 3763 833 3870 mascals,
862 3771 901 3866 ἐξ
928 3766 964 3849 οὗ
991 3773 1143 3877 μοιχῶν
1168 3802 1244 3848 τινα
1280 3772 1336 3861 τῆς
1370 3762 1527 3868 yvmsrcir
1553 3762 1788 3874 κιτεφόρωσε.

383 3910 544 3968 ceterum
557 3897 689 3959 bellum
703 3898 863 3983 aLepido
875 3908 1007 3963 motum
1024 3900 1064 3965 in
1083 3901 1230 3964 alterum
1249 3918 1379 3961 annum
1393 3897 1498 3965 fuisse
1510 3906 1706 3983 extractum,
1714 3900 1789 3964 sola

383 4000 540 4084 Philippi
565 4002 721 4068 oratione
745 4008 826 4071 satis
850 4006 1080 4071 confirmatur.
1107 4008 1185 4069 Imo
1212 4004 1252 4068 in
1276 4003 1433 4068 oratione
1453 4006 1500 4067 M.
1522 4002 1649 4067 Licinii
1677 4013 1718 4069 tr.
1738 4005 1787 4089 pb

382 4116 493 4173 totum
522 4112 568 4172 ad
597 4121 795 4194 sequentem
826 4134 956 4177 annum
980 4112 1146 4195 refertur,
1174 4110 1369 4187 ,tumultus
1399 4108 1591 4175 intercessit
1619 4112 1723 4174 Bruto
1753 4117 1789 4174 et

354 4234 359 4247 ·
381 4216 530 4283 Aemilio
545 4221 717 4283 Mamerco
729 4220 956 4283 Consulibus»
969 4216 1031 4281 cfr.
1045 4220 1185 4301 Eutrop.
1199 4218 1257 4280 Vl.
1275 4218 1305 4279 5.
1318 4216 1550 4292 ..interimam
1563 4223 1676 4281 tamen
1691 4222 1790 4281 aesta·

385 4332 454 4388 tem
462 4334 574 4390 motus
586 4324 658 4403 ejus
669 4344 850 4409 oppressus
862 4334 943 4391 est.»
963 4322 1141 4416 FlorLLJ
1154 4320 1278 4400 «civile
1289 4322 1423 4389 bellum
1435 4321 1535 4387 citius
1543 4341 1640 4409 paene
1647 4338 1789 4409 oppres·
