<?xml version="1.0" encoding="UTF-8"?>
<!DOCTYPE html PUBLIC "-//W3C//DTD XHTML 1.0 Transitional//EN"
    "http://www.w3.org/TR/xhtml1/DTD/xhtml1-transitional.dtd">
<html xmlns="http://www.w3.org/1999/xhtml" xml:lang="en" lang="en">
 <head>
  <title>
</title>
<meta http-equiv="Content-Type" content="text/html;charset=utf-8" />
  <meta name='ocr-system' content='tesseract 3.04.00' />
  <meta name='ocr-capabilities' content='ocr_page ocr_carea ocr_par ocr_line ocrx_word'/>
</head>
<body>
  <div class='ocr_page' id='page_1' title='image "./salustiiquaeexs00sallgoog_0045.png"; bbox 0 0 4050 5009; ppageno 0'>
   <div class='ocr_carea' id='block_1_1' title="bbox 1592 378 1640 459">
    <p class='ocr_par' dir='ltr' id='par_1_1' title="bbox 1592 378 1640 459">
     <span class='ocr_line' id='line_1_1' title="bbox 1592 378 1640 459; baseline -0.042 0"><span class='ocrx_word' id='word_1_1' title='bbox 1592 378 1640 459; x_wconf 74' lang='lat'><strong>55</strong></span> 
     </span>
    </p>
   </div>
   <div class='ocr_carea' id='block_1_2' title="bbox 236 520 1758 865">
    <p class='ocr_par' dir='ltr' id='par_1_2' title="bbox 236 520 1758 865">
     <span class='ocr_line' id='line_1_2' title="bbox 237 520 1758 672; baseline 0.001 -35"><span class='ocrx_word' id='word_1_2' title='bbox 237 569 348 657; x_wconf 84' lang='lat' dir='ltr'><strong>magis</strong></span> <span class='ocrx_word' id='word_1_3' title='bbox 382 588 488 653; x_wconf 86' lang='lat' dir='ltr'><strong>quarn</strong></span> <span class='ocrx_word' id='word_1_4' title='bbox 516 560 817 672; x_wconf 66' lang='lat' dir='ltr'><strong>bellomente,</strong></span> <span class='ocrx_word' id='word_1_5' title='bbox 858 564 996 635; x_wconf 80' lang='lat' dir='ltr'><strong>Metello</strong></span> <span class='ocrx_word' id='word_1_6' title='bbox 1027 520 1213 630; x_wconf 78' lang='lat' dir='ltr'><strong>exercitum</strong></span> <span class='ocrx_word' id='word_1_7' title='bbox 1249 570 1285 629; x_wconf 91' lang='lat' dir='ltr'><strong>et</strong></span> <span class='ocrx_word' id='word_1_8' title='bbox 1318 563 1535 649; x_wconf 82' lang='lat' dir='ltr'><strong>provinciam</strong></span> <span class='ocrx_word' id='word_1_9' title='bbox 1561 592 1644 639; x_wconf 90' lang='lat' dir='ltr'><strong>oon.</strong></span> <span class='ocrx_word' id='word_1_10' title='bbox 1746 625 1758 639; x_wconf 87' lang='lat'><strong>.</strong></span> 
     </span>
     <span class='ocr_line' id='line_1_3' title="bbox 309 675 732 717; baseline -0.005 -24"><span class='ocrx_word' id='word_1_11' title='bbox 309 677 317 693; x_wconf 94' lang='lat'><strong><em>.</em></strong></span> <span class='ocrx_word' id='word_1_12' title='bbox 355 675 376 717; x_wconf 79' lang='lat'><strong>,</strong></span> <span class='ocrx_word' id='word_1_13' title='bbox 723 690 732 703; x_wconf 86' lang='grc'><em>,</em></span> 
     </span>
     <span class='ocr_line' id='line_1_4' title="bbox 236 676 1643 865; baseline -0.002 -19"><span class='ocrx_word' id='word_1_14' title='bbox 236 676 481 845; x_wconf 51' lang='lat' dir='ltr'><strong>cesmiiaiullus</strong></span> <span class='ocrx_word' id='word_1_15' title='bbox 513 800 591 843; x_wconf 90' lang='lat' dir='ltr'><strong>cum</strong></span> <span class='ocrx_word' id='word_1_16' title='bbox 625 778 762 845; x_wconf 89' lang='lat' dir='ltr'><strong>modica</strong></span> <span class='ocrx_word' id='word_1_17' title='bbox 790 775 942 840; x_wconf 89' lang='lat' dir='ltr'><strong>militum</strong></span> <span class='ocrx_word' id='word_1_18' title='bbox 975 794 1081 839; x_wconf 87' lang='lat' dir='ltr'><strong>manu</strong></span> <span class='ocrx_word' id='word_1_19' title='bbox 1111 776 1157 837; x_wconf 90' lang='lat' dir='ltr'><strong>ad</strong></span> <span class='ocrx_word' id='word_1_20' title='bbox 1187 769 1431 839; x_wconf 85' lang='lat' dir='ltr'><strong>debellandum</strong></span> <span class='ocrx_word' id='word_1_21' title='bbox 1456 776 1643 865; x_wconf 79' lang='lat' dir='ltr'>Tigranem</span> 
     </span>
    </p>
   </div>
   <div class='ocr_carea' id='block_1_3' title="bbox 233 876 1748 973">
    <p class='ocr_par' dir='ltr' id='par_1_3' title="bbox 233 876 1748 973">
     <span class='ocr_line' id='line_1_5' title="bbox 233 876 1748 973; baseline 0.001 -22"><span class='ocrx_word' id='word_1_22' title='bbox 233 884 422 973; x_wconf 85' lang='lat' dir='ltr'><strong>proiectus,</strong></span> <span class='ocrx_word' id='word_1_23' title='bbox 442 886 616 971; x_wconf 82' lang='lat' dir='ltr'><strong>Euphrate</strong></span> <span class='ocrx_word' id='word_1_24' title='bbox 633 884 739 949; x_wconf 84' lang='lat' dir='ltr'><strong>fluvio</strong></span> <span class='ocrx_word' id='word_1_25' title='bbox 759 883 897 962; x_wconf 84' lang='lat' dir='ltr'><strong>trajecto</strong></span> <span class='ocrx_word' id='word_1_26' title='bbox 917 890 950 946; x_wconf 92' lang='lat' dir='ltr'><strong>et</strong></span> <span class='ocrx_word' id='word_1_27' title='bbox 967 880 1064 970; x_wconf 88' lang='lat' dir='ltr'><strong>regio</strong></span> <span class='ocrx_word' id='word_1_28' title='bbox 1080 876 1240 965; x_wconf 80' lang='lat' dir='ltr'><strong>praefecto</strong></span> <span class='ocrx_word' id='word_1_29' title='bbox 1256 891 1431 967; x_wconf 88' lang='lat' dir='ltr'><strong>superato,</strong></span> <span class='ocrx_word' id='word_1_30' title='bbox 1442 882 1642 953; x_wconf 88' lang='lat' dir='ltr'><strong>innumeras</strong></span> <span class='ocrx_word' id='word_1_31' title='bbox 1742 904 1748 913; x_wconf 87' lang='lat'><em>·</em></span> 
     </span>
    </p>
   </div>
   <div class='ocr_carea' id='block_1_4' title="bbox 232 986 1700 1817">
    <p class='ocr_par' dir='ltr' id='par_1_4' title="bbox 232 986 1700 1817">
     <span class='ocr_line' id='line_1_6' title="bbox 233 986 1641 1079; baseline -0.001 -22"><span class='ocrx_word' id='word_1_32' title='bbox 233 992 388 1057; x_wconf 89' lang='lat' dir='ltr'><strong>bostium</strong></span> <span class='ocrx_word' id='word_1_33' title='bbox 408 993 523 1079; x_wconf 80' lang='lat' dir='ltr'><strong>copias</strong></span> <span class='ocrx_word' id='word_1_34' title='bbox 535 991 633 1056; x_wconf 83' lang='lat' dir='ltr'><strong>brevi</strong></span> <span class='ocrx_word' id='word_1_35' title='bbox 653 1000 805 1075; x_wconf 91' lang='lat' dir='ltr'><strong>tempore</strong></span> <span class='ocrx_word' id='word_1_36' title='bbox 824 986 910 1049; x_wconf 83' lang='lat' dir='ltr'><strong>ludit</strong></span> <span class='ocrx_word' id='word_1_37' title='bbox 932 986 1130 1073; x_wconf 80' lang='lat' dir='ltr'><strong>fugavitque</strong></span> <span class='ocrx_word' id='word_1_38' title='bbox 1159 994 1193 1049; x_wconf 90' lang='lat' dir='ltr'><strong>et</strong></span> <span class='ocrx_word' id='word_1_39' title='bbox 1211 988 1381 1054; x_wconf 74' lang='lat' dir='ltr'><strong>Armeniae</strong></span> <span class='ocrx_word' id='word_1_40' title='bbox 1397 999 1500 1075; x_wconf 87' lang='lat' dir='ltr'><strong>caput</strong></span> <span class='ocrx_word' id='word_1_41' title='bbox 1518 992 1641 1078; x_wconf 91' lang='lat' dir='ltr'><strong>Tigra-</strong></span> 
     </span>
     <span class='ocr_line' id='line_1_7' title="bbox 234 1082 1642 1184; baseline -0.001 -19"><span class='ocrx_word' id='word_1_42' title='bbox 234 1107 410 1165; x_wconf 85' lang='lat' dir='ltr'><strong>nocertam</strong></span> <span class='ocrx_word' id='word_1_43' title='bbox 429 1096 749 1184; x_wconf 88' lang='lat' dir='ltr'><strong>proditionecepit,</strong></span> <span class='ocrx_word' id='word_1_44' title='bbox 770 1092 963 1175; x_wconf 87' lang='lat' dir='ltr'><strong>multosque</strong></span> <span class='ocrx_word' id='word_1_45' title='bbox 974 1092 1201 1155; x_wconf 88' lang='lat' dir='ltr'><strong>finitimarum</strong></span> <span class='ocrx_word' id='word_1_46' title='bbox 1219 1092 1396 1157; x_wconf 85' lang='lat' dir='ltr'><strong>civitatum</strong></span> <span class='ocrx_word' id='word_1_47' title='bbox 1408 1082 1514 1184; x_wconf 67' lang='lat' dir='ltr'><strong>regcs&#39;</strong></span> <span class='ocrx_word' id='word_1_48' title='bbox 1525 1094 1565 1161; x_wconf 90' lang='lat' dir='ltr'><strong>in</strong></span> <span class='ocrx_word' id='word_1_49' title='bbox 1582 1101 1642 1163; x_wconf 87' lang='lat' dir='ltr'><strong>de·</strong></span> 
     </span>
     <span class='ocr_line' id='line_1_8' title="bbox 232 1197 1642 1289; baseline 0.001 -22"><span class='ocrx_word' id='word_1_50' title='bbox 232 1204 364 1269; x_wconf 86' lang='lat' dir='ltr'><strong>tionem</strong></span> <span class='ocrx_word' id='word_1_51' title='bbox 381 1205 523 1289; x_wconf 89' lang='lat' dir='ltr'><strong>accepit.</strong></span> <span class='ocrx_word' id='word_1_52' title='bbox 543 1208 631 1267; x_wconf 86' lang='lat' dir='ltr'><strong>Nam</strong></span> <span class='ocrx_word' id='word_1_53' title='bbox 646 1199 928 1287; x_wconf 79' lang='lat' dir='ltr'><strong>praetcrArabum</strong></span> <span class='ocrx_word' id='word_1_54' title='bbox 946 1197 1137 1284; x_wconf 79' lang='lat' dir='ltr'><strong>principes,</strong></span> <span class='ocrx_word' id='word_1_55' title='bbox 1157 1198 1231 1282; x_wconf 87' lang='lat' dir='ltr'><strong>ipse</strong></span> <span class='ocrx_word' id='word_1_56' title='bbox 1244 1200 1397 1285; x_wconf 75' lang='lat' dir='ltr'>Arsaces,</span> <span class='ocrx_word' id='word_1_57' title='bbox 1418 1212 1492 1265; x_wconf 91' lang='lat' dir='ltr'><strong>tum</strong></span> <span class='ocrx_word' id='word_1_58' title='bbox 1507 1210 1642 1289; x_wconf 84' lang='lat' dir='ltr'><strong>tempo-</strong></span> 
     </span>
     <span class='ocr_line' id='line_1_9' title="bbox 235 1303 1700 1393; baseline 0.002 -23"><span class='ocrx_word' id='word_1_59' title='bbox 235 1306 284 1371; x_wconf 89' lang='lat' dir='ltr'><strong>ris</strong></span> <span class='ocrx_word' id='word_1_60' title='bbox 303 1328 364 1373; x_wconf 88' lang='lat' dir='ltr'><strong>rex</strong></span> <span class='ocrx_word' id='word_1_61' title='bbox 384 1308 637 1393; x_wconf 87' lang='lat' dir='ltr'><strong>potentissimus</strong></span> <span class='ocrx_word' id='word_1_62' title='bbox 655 1305 758 1390; x_wconf 82' lang='lat' dir='ltr'><strong>Asiae,</strong></span> <span class='ocrx_word' id='word_1_63' title='bbox 788 1304 919 1391; x_wconf 88' lang='lat' dir='ltr'><strong>legatos</strong></span> <span class='ocrx_word' id='word_1_64' title='bbox 944 1305 987 1367; x_wconf 91' lang='lat' dir='ltr'><strong>ad</strong></span> <span class='ocrx_word' id='word_1_65' title='bbox 1019 1322 1099 1367; x_wconf 91' lang='lat' dir='ltr'><strong>eum</strong></span> <span class='ocrx_word' id='word_1_66' title='bbox 1121 1303 1232 1386; x_wconf 87' lang='lat' dir='ltr'><strong>misit,</strong></span> <span class='ocrx_word' id='word_1_67' title='bbox 1262 1304 1324 1387; x_wconf 89' lang='lat' dir='ltr'><strong>qui</strong></span> <span class='ocrx_word' id='word_1_68' title='bbox 1347 1308 1391 1370; x_wconf 87' lang='lat' dir='ltr'><strong>de</strong></span> <span class='ocrx_word' id='word_1_69' title='bbox 1413 1306 1541 1375; x_wconf 85' lang='lat' dir='ltr'><strong>foedcre</strong></span> <span class='ocrx_word' id='word_1_70' title='bbox 1562 1332 1642 1374; x_wconf 87' lang='lat' dir='ltr'><strong>cum</strong></span> <span class='ocrx_word' id='word_1_71' title='bbox 1694 1326 1700 1342; x_wconf 82' lang='grc'><strong><em>·</em></strong></span> 
     </span>
     <span class='ocr_line' id='line_1_10' title="bbox 233 1408 1642 1499; baseline 0.004 -24"><span class='ocrx_word' id='word_1_72' title='bbox 233 1412 399 1477; x_wconf 83' lang='lat' dir='ltr'><strong>Romanis</strong></span> <span class='ocrx_word' id='word_1_73' title='bbox 409 1412 591 1498; x_wconf 88' lang='lat' dir='ltr'><strong>jungendo</strong></span> <span class='ocrx_word' id='word_1_74' title='bbox 608 1419 758 1499; x_wconf 88' lang='lat' dir='ltr'><strong>agerent.</strong></span> <span class='ocrx_word' id='word_1_75' title='bbox 779 1410 848 1496; x_wconf 80' lang='lat' dir='ltr'><strong>Qui</strong></span> <span class='ocrx_word' id='word_1_76' title='bbox 867 1430 943 1473; x_wconf 91' lang='lat' dir='ltr'><strong>cum</strong></span> <span class='ocrx_word' id='word_1_77' title='bbox 962 1408 1092 1473; x_wconf 89' lang='lat' dir='ltr'><strong>Punica</strong></span> <span class='ocrx_word' id='word_1_78' title='bbox 1112 1409 1182 1475; x_wconf 88' lang='lat' dir='ltr'><strong>fide</strong></span> <span class='ocrx_word' id='word_1_79' title='bbox 1202 1420 1336 1497; x_wconf 88' lang='lat' dir='ltr'><strong>ageret,</strong></span> <span class='ocrx_word' id='word_1_80' title='bbox 1358 1422 1392 1477; x_wconf 86' lang='lat' dir='ltr'><strong>et</strong></span> <span class='ocrx_word' id='word_1_81' title='bbox 1411 1414 1534 1479; x_wconf 85' lang='lat' dir='ltr'><strong>eodem</strong></span> <span class='ocrx_word' id='word_1_82' title='bbox 1554 1425 1642 1481; x_wconf 90' lang='lat' dir='ltr'><strong>tcm-</strong></span> 
     </span>
     <span class='ocr_line' id='line_1_11' title="bbox 233 1516 1642 1605; baseline 0.004 -24"><span class='ocrx_word' id='word_1_83' title='bbox 233 1538 318 1603; x_wconf 84' lang='lat' dir='ltr'><strong>pore</strong></span> <span class='ocrx_word' id='word_1_84' title='bbox 338 1538 416 1582; x_wconf 89' lang='lat' dir='ltr'><strong>cum</strong></span> <span class='ocrx_word' id='word_1_85' title='bbox 436 1518 586 1605; x_wconf 84' lang='lat' dir='ltr'><strong>Tigrane</strong></span> <span class='ocrx_word' id='word_1_86' title='bbox 605 1521 648 1584; x_wconf 93' lang='lat' dir='ltr'><strong>de</strong></span> <span class='ocrx_word' id='word_1_87' title='bbox 668 1518 755 1582; x_wconf 91' lang='lat' dir='ltr'><strong>belli</strong></span> <span class='ocrx_word' id='word_1_88' title='bbox 778 1516 938 1582; x_wconf 88' lang='lat' dir='ltr'><strong>societate</strong></span> <span class='ocrx_word' id='word_1_89' title='bbox 955 1516 1199 1602; x_wconf 68' lang='lat' dir='ltr'><strong>pacisceretur,</strong></span> <span class='ocrx_word' id='word_1_90' title='bbox 1220 1520 1385 1583; x_wconf 76' lang='lat' dir='ltr'>Lucullus</span> <span class='ocrx_word' id='word_1_91' title='bbox 1404 1520 1540 1585; x_wconf 89' lang='lat' dir='ltr'><strong>Parthis</strong></span> <span class='ocrx_word' id='word_1_92' title='bbox 1555 1542 1642 1605; x_wconf 87' lang='lat' dir='ltr'><strong>quo-</strong></span> 
     </span>
     <span class='ocr_line' id='line_1_12' title="bbox 232 1622 1640 1721; baseline 0.001 -32"><span class='ocrx_word' id='word_1_93' title='bbox 232 1644 300 1706; x_wconf 85' lang='lat' dir='ltr'><strong>que</strong></span> <span class='ocrx_word' id='word_1_94' title='bbox 320 1626 454 1689; x_wconf 91' lang='lat' dir='ltr'><strong>bellum</strong></span> <span class='ocrx_word' id='word_1_95' title='bbox 473 1624 601 1721; x_wconf 79' lang='lat' dir='ltr'><strong>inferre</strong></span> <span class='ocrx_word' id='word_1_96' title='bbox 621 1624 771 1711; x_wconf 81' lang='lat' dir='ltr'><strong>paravit,</strong></span> <span class='ocrx_word' id='word_1_97' title='bbox 793 1624 853 1687; x_wconf 85' lang='lat' dir='ltr'><strong>sed</strong></span> <span class='ocrx_word' id='word_1_98' title='bbox 874 1622 1045 1688; x_wconf 87' lang='lat' dir='ltr'><strong>seditione</strong></span> <span class='ocrx_word' id='word_1_99' title='bbox 1061 1624 1232 1703; x_wconf 84' lang='lat' dir='ltr'><strong>militurn,</strong></span> <span class='ocrx_word' id='word_1_100' title='bbox 1252 1626 1315 1708; x_wconf 90' lang='lat' dir='ltr'><strong>qui</strong></span> <span class='ocrx_word' id='word_1_101' title='bbox 1336 1624 1375 1691; x_wconf 89' lang='lat' dir='ltr'><strong>in</strong></span> <span class='ocrx_word' id='word_1_102' title='bbox 1391 1628 1504 1692; x_wconf 89' lang='lat' dir='ltr'><strong>Ponto</strong></span> <span class='ocrx_word' id='word_1_103' title='bbox 1526 1627 1640 1693; x_wconf 86' lang='lat' dir='ltr'><strong>relicti</strong></span> 
     </span>
     <span class='ocr_line' id='line_1_13' title="bbox 233 1728 961 1817; baseline -0.001 -22"><span class='ocrx_word' id='word_1_104' title='bbox 233 1738 346 1809; x_wconf 86' lang='lat' dir='ltr'><strong>eraut,</strong></span> <span class='ocrx_word' id='word_1_105' title='bbox 366 1729 572 1817; x_wconf 88' lang='lat' dir='ltr'><strong>impeditus,</strong></span> <span class='ocrx_word' id='word_1_106' title='bbox 591 1730 730 1817; x_wconf 87' lang='lat' dir='ltr'><strong>incepto</strong></span> <span class='ocrx_word' id='word_1_107' title='bbox 750 1728 891 1795; x_wconf 86' lang='lat' dir='ltr'><strong>destitit.</strong></span> <span class='ocrx_word' id='word_1_108' title='bbox 899 1728 961 1813; x_wconf 76' lang='lat'><strong>⁶⁹)</strong></span> 
     </span>
    </p>
   </div>
   <div class='ocr_carea' id='block_1_5' title="bbox 234 2045 1701 2337">
    <p class='ocr_par' dir='ltr' id='par_1_5' title="bbox 234 2045 1701 2337">
     <span class='ocr_line' id='line_1_14' title="bbox 315 2045 1641 2135; baseline 0.003 -26"><span class='ocrx_word' id='word_1_109' title='bbox 315 2045 353 2129; x_wconf 75' lang='lat'><strong>⁰)</strong></span> <span class='ocrx_word' id='word_1_110' title='bbox 374 2046 442 2111; x_wconf 85' lang='lat' dir='ltr'><strong>Cir.</strong></span> <span class='ocrx_word' id='word_1_111' title='bbox 462 2048 586 2113; x_wconf 88' lang='lat' dir='ltr'><strong>Dionis</strong></span> <span class='ocrx_word' id='word_1_112' title='bbox 606 2047 727 2135; x_wconf 83' lang='lat' dir='ltr'><strong>fragm.</strong></span> <span class='ocrx_word' id='word_1_113' title='bbox 744 2048 861 2114; x_wconf 88' lang='lat' dir='ltr'><strong>Ursin.</strong></span> <span class='ocrx_word' id='word_1_114' title='bbox 882 2068 923 2115; x_wconf 82' lang='lat' dir='ltr'><strong>ex</strong></span> <span class='ocrx_word' id='word_1_115' title='bbox 938 2048 1039 2113; x_wconf 93' lang='lat' dir='ltr'><strong>libris</strong></span> <span class='ocrx_word' id='word_1_116' title='bbox 1055 2050 1201 2113; x_wconf 84' lang='lat' dir='ltr'><strong>xxxw.</strong></span> <span class='ocrx_word' id='word_1_117' title='bbox 1222 2047 1400 2133; x_wconf 76' lang='lat' dir='ltr'><strong>prioribus</strong></span> <span class='ocrx_word' id='word_1_118' title='bbox 1414 2069 1442 2111; x_wconf 91' lang='lat' dir='ltr'><strong>c.</strong></span> <span class='ocrx_word' id='word_1_119' title='bbox 1462 2048 1641 2113; x_wconf 79' lang='lat' dir='ltr'>CLXXVII</span> 
     </span>
     <span class='ocr_line' id='line_1_15' title="bbox 234 2152 1701 2223; baseline -0.001 -11"><span class='ocrx_word' id='word_1_120' title='bbox 234 2158 269 2212; x_wconf 86' lang='lat' dir='ltr'><strong>et</strong></span> <span class='ocrx_word' id='word_1_121' title='bbox 285 2152 480 2214; x_wconf 83' lang='lat' dir='ltr'>CLXXVIII</span> <span class='ocrx_word' id='word_1_122' title='bbox 501 2176 528 2214; x_wconf 82' lang='grc' dir='ltr'><strong>ι.</strong></span> <span class='ocrx_word' id='word_1_123' title='bbox 547 2158 706 2215; x_wconf 89' lang='lat' dir='ltr'><strong>Ceterum</strong></span> <span class='ocrx_word' id='word_1_124' title='bbox 723 2158 790 2217; x_wconf 93' lang='lat' dir='ltr'><strong>hoc</strong></span> <span class='ocrx_word' id='word_1_125' title='bbox 803 2155 936 2217; x_wconf 88' lang='lat' dir='ltr'><strong>bellum</strong></span> <span class='ocrx_word' id='word_1_126' title='bbox 950 2154 1096 2217; x_wconf 79' lang='lat' dir='ltr'><strong>AntonIi</strong></span> <span class='ocrx_word' id='word_1_127' title='bbox 1114 2154 1317 2218; x_wconf 90' lang='lat' dir='ltr'><strong>crudelitate</strong></span> <span class='ocrx_word' id='word_1_128' title='bbox 1337 2164 1372 2216; x_wconf 90' lang='lat' dir='ltr'><strong>et</strong></span> <span class='ocrx_word' id='word_1_129' title='bbox 1387 2152 1531 2216; x_wconf 80' lang='lat' dir='ltr'><strong>avaritia</strong></span> <span class='ocrx_word' id='word_1_130' title='bbox 1549 2152 1641 2213; x_wconf 84' lang='lat' dir='ltr'><strong>exci-</strong></span> <span class='ocrx_word' id='word_1_131' title='bbox 1697 2219 1701 2223; x_wconf 13' lang='grc' dir='ltr'><strong>Α</strong></span> 
     </span>
     <span class='ocr_line' id='line_1_16' title="bbox 234 2252 1642 2337; baseline 0.001 -22"><span class='ocrx_word' id='word_1_132' title='bbox 234 2257 359 2335; x_wconf 90' lang='lat' dir='ltr'><strong>tatum,</strong></span> <span class='ocrx_word' id='word_1_133' title='bbox 380 2270 426 2315; x_wconf 93' lang='lat' dir='ltr'><strong>ne</strong></span> <span class='ocrx_word' id='word_1_134' title='bbox 443 2259 554 2316; x_wconf 90' lang='lat' dir='ltr'><strong>morte</strong></span> <span class='ocrx_word' id='word_1_135' title='bbox 573 2252 716 2333; x_wconf 90' lang='lat' dir='ltr'><strong>quidem</strong></span> <span class='ocrx_word' id='word_1_136' title='bbox 736 2253 864 2314; x_wconf 76' lang='lat' dir='ltr'><strong>nefarii</strong></span> <span class='ocrx_word' id='word_1_137' title='bbox 882 2258 1030 2313; x_wconf 79' lang='lat' dir='ltr'><strong>auctoris</strong></span> <span class='ocrx_word' id='word_1_138' title='bbox 1045 2259 1201 2314; x_wconf 82' lang='lat' dir='ltr'><strong>sedatum</strong></span> <span class='ocrx_word' id='word_1_139' title='bbox 1215 2265 1275 2315; x_wconf 85' lang='lat' dir='ltr'><strong>est.</strong></span> <span class='ocrx_word' id='word_1_140' title='bbox 1296 2256 1462 2337; x_wconf 78' lang='lat' dir='ltr'><strong>Quamvis</strong></span> <span class='ocrx_word' id='word_1_141' title='bbox 1479 2252 1574 2316; x_wconf 88' lang='lat' dir='ltr'><strong>euim</strong></span> <span class='ocrx_word' id='word_1_142' title='bbox 1590 2252 1642 2316; x_wconf 86' lang='lat' dir='ltr'><strong>le·</strong></span> 
     </span>
    </p>
   </div>
   <div class='ocr_carea' id='block_1_6' title="bbox 227 2354 1642 2870">
    <p class='ocr_par' dir='ltr' id='par_1_6' title="bbox 227 2354 1642 2870">
     <span class='ocr_line' id='line_1_17' title="bbox 231 2354 1642 2442; baseline 0.001 -23"><span class='ocrx_word' id='word_1_143' title='bbox 231 2356 306 2442; x_wconf 88' lang='lat' dir='ltr'><strong>gati</strong></span> <span class='ocrx_word' id='word_1_144' title='bbox 324 2359 501 2422; x_wconf 85' lang='lat' dir='ltr'><strong>Cretenses</strong></span> <span class='ocrx_word' id='word_1_145' title='bbox 530 2361 574 2421; x_wconf 91' lang='lat' dir='ltr'><strong>de</strong></span> <span class='ocrx_word' id='word_1_146' title='bbox 601 2357 740 2436; x_wconf 85' lang='lat' dir='ltr'><strong>injuriis</strong></span> <span class='ocrx_word' id='word_1_147' title='bbox 759 2354 905 2420; x_wconf 85' lang='lat' dir='ltr'><strong>Antonii</strong></span> <span class='ocrx_word' id='word_1_148' title='bbox 932 2354 1052 2421; x_wconf 86' lang='lat' dir='ltr'><strong>mitius</strong></span> <span class='ocrx_word' id='word_1_149' title='bbox 1067 2376 1267 2441; x_wconf 85' lang='lat' dir='ltr'><strong>responsum</strong></span> <span class='ocrx_word' id='word_1_150' title='bbox 1287 2378 1310 2421; x_wconf 88' lang='lat' dir='ltr'><strong>a</strong></span> <span class='ocrx_word' id='word_1_151' title='bbox 1327 2365 1449 2423; x_wconf 90' lang='lat' dir='ltr'><strong>senatu</strong></span> <span class='ocrx_word' id='word_1_152' title='bbox 1466 2356 1642 2439; x_wconf 88' lang='lat' dir='ltr'><strong>tulissent,</strong></span> 
     </span>
     <span class='ocr_line' id='line_1_18' title="bbox 229 2460 1641 2551; baseline 0.001 -25"><span class='ocrx_word' id='word_1_153' title='bbox 229 2468 345 2527; x_wconf 89' lang='lat' dir='ltr'><strong>tamen</strong></span> <span class='ocrx_word' id='word_1_154' title='bbox 361 2462 535 2550; x_wconf 85' lang='lat' dir='ltr'><strong>imprimis</strong></span> <span class='ocrx_word' id='word_1_155' title='bbox 552 2463 693 2527; x_wconf 80' lang='lat' dir='ltr'>Lentuli</span> <span class='ocrx_word' id='word_1_156' title='bbox 711 2460 904 2548; x_wconf 73' lang='lat' dir='ltr'><strong>Spintheris</strong></span> <span class='ocrx_word' id='word_1_157' title='bbox 921 2481 1028 2547; x_wconf 87' lang='lat' dir='ltr'><strong>opera</strong></span> <span class='ocrx_word' id='word_1_158' title='bbox 1048 2462 1177 2525; x_wconf 84' lang='lat' dir='ltr'><strong>lactum</strong></span> <span class='ocrx_word' id='word_1_159' title='bbox 1197 2471 1261 2548; x_wconf 89' lang='lat' dir='ltr'><strong>est,</strong></span> <span class='ocrx_word' id='word_1_160' title='bbox 1273 2472 1322 2528; x_wconf 87' lang='lat' dir='ltr'><strong>.ut</strong></span> <span class='ocrx_word' id='word_1_161' title='bbox 1347 2463 1433 2529; x_wconf 87' lang='lat' dir='ltr'><strong>tales</strong></span> <span class='ocrx_word' id='word_1_162' title='bbox 1449 2464 1544 2551; x_wconf 87' lang='lat' dir='ltr'><strong>pacis</strong></span> <span class='ocrx_word' id='word_1_163' title='bbox 1558 2485 1641 2529; x_wconf 89' lang='lat' dir='ltr'><strong>con·</strong></span> 
     </span>
     <span class='ocr_line' id='line_1_19' title="bbox 229 2566 1640 2659; baseline 0.001 -25"><span class='ocrx_word' id='word_1_164' title='bbox 229 2566 381 2635; x_wconf 85' lang='lat' dir='ltr'><strong>ditiones</strong></span> <span class='ocrx_word' id='word_1_165' title='bbox 398 2570 443 2635; x_wconf 90' lang='lat' dir='ltr'><strong>iis</strong></span> <span class='ocrx_word' id='word_1_166' title='bbox 458 2571 736 2659; x_wconf 72' lang='lat' dir='ltr'><strong>imponerentur,</strong></span> <span class='ocrx_word' id='word_1_167' title='bbox 755 2571 901 2655; x_wconf 86' lang='lat' dir='ltr'><strong>quibus,</strong></span> <span class='ocrx_word' id='word_1_168' title='bbox 927 2570 1021 2635; x_wconf 87' lang='lat' dir='ltr'><strong>salva</strong></span> <span class='ocrx_word' id='word_1_169' title='bbox 1035 2569 1213 2648; x_wconf 87' lang='lat' dir='ltr'><strong>libertate,</strong></span> <span class='ocrx_word' id='word_1_170' title='bbox 1233 2588 1357 2655; x_wconf 90' lang='lat' dir='ltr'><strong>parcre</strong></span> <span class='ocrx_word' id='word_1_171' title='bbox 1376 2588 1449 2633; x_wconf 90' lang='lat' dir='ltr'><strong>non</strong></span> <span class='ocrx_word' id='word_1_172' title='bbox 1468 2576 1640 2656; x_wconf 78' lang='lat' dir='ltr'><strong>poterant.</strong></span> 
     </span>
     <span class='ocr_line' id='line_1_20' title="bbox 229 2674 1639 2768; baseline 0 -27"><span class='ocrx_word' id='word_1_173' title='bbox 229 2674 291 2741; x_wconf 86' lang='lat' dir='ltr'><strong>cfr.</strong></span> <span class='ocrx_word' id='word_1_174' title='bbox 307 2677 456 2742; x_wconf 89' lang='lat' dir='ltr'><strong>Diodori</strong></span> <span class='ocrx_word' id='word_1_175' title='bbox 473 2678 582 2744; x_wconf 84' lang='lat' dir='ltr'><strong>Siculi</strong></span> <span class='ocrx_word' id='word_1_176' title='bbox 606 2678 728 2768; x_wconf 80' lang='lat' dir='ltr'><strong>fragm.</strong></span> <span class='ocrx_word' id='word_1_177' title='bbox 746 2680 824 2746; x_wconf 90' lang='lat' dir='ltr'><strong>Lib.</strong></span> <span class='ocrx_word' id='word_1_178' title='bbox 844 2679 1018 2745; x_wconf 76' lang='lat' dir='ltr'>XXXVIII</span> <span class='ocrx_word' id='word_1_179' title='bbox 1034 2686 1070 2743; x_wconf 89' lang='lat' dir='ltr'><strong>et</strong></span> <span class='ocrx_word' id='word_1_180' title='bbox 1089 2678 1238 2741; x_wconf 80' lang='lat' dir='ltr'>XXXIX.</span> <span class='ocrx_word' id='word_1_181' title='bbox 1256 2680 1356 2743; x_wconf 87' lang='lat' dir='ltr'><strong>Tom.</strong></span> <span class='ocrx_word' id='word_1_182' title='bbox 1374 2678 1416 2743; x_wconf 84' lang='grc' dir='ltr'><strong>Χ.</strong></span> <span class='ocrx_word' id='word_1_183' title='bbox 1430 2700 1465 2763; x_wconf 90' lang='lat' dir='ltr'><strong>p.</strong></span> <span class='ocrx_word' id='word_1_184' title='bbox 1488 2693 1557 2741; x_wconf 78' lang='lat' dir='ltr'><strong>aaa.</strong></span> <span class='ocrx_word' id='word_1_185' title='bbox 1577 2678 1639 2741; x_wconf 86' lang='lat' dir='ltr'><strong>Ed.</strong></span> 
     </span>
     <span class='ocr_line' id='line_1_21' title="bbox 227 2781 1639 2870; baseline 0 -25"><span class='ocrx_word' id='word_1_186' title='bbox 227 2782 366 2867; x_wconf 80' lang='lat' dir='ltr'><strong>bipout.</strong></span> <span class='ocrx_word' id='word_1_187' title='bbox 385 2788 544 2851; x_wconf 85' lang='lat' dir='ltr'><strong>Ceterum</strong></span> <span class='ocrx_word' id='word_1_188' title='bbox 562 2788 719 2870; x_wconf 87' lang='lat' dir='ltr'><strong>sequenti</strong></span> <span class='ocrx_word' id='word_1_189' title='bbox 735 2790 874 2852; x_wconf 89' lang='lat' dir='ltr'><strong>demum</strong></span> <span class='ocrx_word' id='word_1_190' title='bbox 888 2807 980 2851; x_wconf 87' lang='lat' dir='ltr'><strong>anno</strong></span> <span class='ocrx_word' id='word_1_191' title='bbox 996 2784 1214 2851; x_wconf 83' lang='lat' dir='ltr'><strong>Cretensibus</strong></span> <span class='ocrx_word' id='word_1_192' title='bbox 1225 2784 1361 2849; x_wconf 87' lang='lat' dir='ltr'><strong>bellum</strong></span> <span class='ocrx_word' id='word_1_193' title='bbox 1371 2781 1477 2849; x_wconf 78' lang='lat' dir='ltr'><strong>fuisse</strong></span> <span class='ocrx_word' id='word_1_194' title='bbox 1489 2781 1639 2867; x_wconf 86' lang='lat' dir='ltr'><strong>illatum,</strong></span> 
     </span>
    </p>
   </div>
   <div class='ocr_carea' id='block_1_7' title="bbox 228 2890 1636 3077">
    <p class='ocr_par' dir='ltr' id='par_1_7' title="bbox 228 2890 1636 3077">
     <span class='ocr_line' id='line_1_22' title="bbox 228 2890 1061 2978; baseline -0.002 -26"><span class='ocrx_word' id='word_1_195' title='bbox 228 2906 272 2952; x_wconf 79' lang='lat' dir='ltr'><strong>cx</strong></span> <span class='ocrx_word' id='word_1_196' title='bbox 288 2909 385 2954; x_wconf 88' lang='lat' dir='ltr'><strong>more</strong></span> <span class='ocrx_word' id='word_1_197' title='bbox 405 2890 501 2955; x_wconf 90' lang='lat' dir='ltr'><strong>illius</strong></span> <span class='ocrx_word' id='word_1_198' title='bbox 521 2894 685 2978; x_wconf 86' lang='lat' dir='ltr'><strong>temporis</strong></span> <span class='ocrx_word' id='word_1_199' title='bbox 701 2893 783 2957; x_wconf 89' lang='lat' dir='ltr'><strong>satis</strong></span> <span class='ocrx_word' id='word_1_200' title='bbox 802 2901 852 2959; x_wconf 89' lang='lat' dir='ltr'><strong>est</strong></span> <span class='ocrx_word' id='word_1_201' title='bbox 867 2890 1061 2977; x_wconf 71' lang='lat' dir='ltr'><strong>probabile</strong></span> 
     </span>
     <span class='ocr_line' id='line_1_23' title="bbox 234 2981 1636 3077; baseline -0.002 -26"><span class='ocrx_word' id='word_1_202' title='bbox 234 3038 240 3057; x_wconf 83' lang='grc'><strong><em>,</em></strong></span> <span class='ocrx_word' id='word_1_203' title='bbox 312 2990 369 3069; x_wconf 63' lang='grc' dir='ltr'><strong>θ’)</strong></span> <span class='ocrx_word' id='word_1_204' title='bbox 391 2994 459 3050; x_wconf 83' lang='lat' dir='ltr'><strong>ctr.</strong></span> <span class='ocrx_word' id='word_1_205' title='bbox 481 2998 571 3077; x_wconf 82' lang='lat' dir='ltr'><strong>Plut.</strong></span> <span class='ocrx_word' id='word_1_206' title='bbox 594 2996 728 3050; x_wconf 88' lang='lat' dir='ltr'>Lucull.</span> <span class='ocrx_word' id='word_1_207' title='bbox 747 3014 782 3049; x_wconf 91' lang='lat' dir='ltr'><strong>·c.</strong></span> <span class='ocrx_word' id='word_1_208' title='bbox 804 2998 935 3064; x_wconf 76' lang='lat'><strong>24-30.</strong></span> <span class='ocrx_word' id='word_1_209' title='bbox 953 2985 1102 3065; x_wconf 76' lang='lat' dir='ltr'><strong>Appian.</strong></span> <span class='ocrx_word' id='word_1_210' title='bbox 1127 2983 1172 3044; x_wconf 80' lang='lat' dir='ltr'><strong>de</strong></span> <span class='ocrx_word' id='word_1_211' title='bbox 1196 2984 1233 3045; x_wconf 88' lang='grc' dir='ltr'><strong>Β.</strong></span> <span class='ocrx_word' id='word_1_212' title='bbox 1255 2981 1413 3048; x_wconf 79' lang='lat' dir='ltr'><strong>Mithrid.</strong></span> <span class='ocrx_word' id='word_1_213' title='bbox 1438 3006 1467 3050; x_wconf 78' lang='lat' dir='ltr'><strong>c.</strong></span> <span class='ocrx_word' id='word_1_214' title='bbox 1493 2982 1636 3077; x_wconf 52' lang='lat' dir='ltr'><strong>blasii&amp;</strong></span> 
     </span>
    </p>
   </div>
   <div class='ocr_carea' id='block_1_8' title="bbox 225 3084 1638 4236">
    <p class='ocr_par' dir='ltr' id='par_1_8' title="bbox 225 3084 1638 4236">
     <span class='ocr_line' id='line_1_24' title="bbox 228 3084 1638 3177; baseline 0.001 -21"><span class='ocrx_word' id='word_1_215' title='bbox 228 3090 356 3156; x_wconf 84' lang='lat' dir='ltr'><strong>Dionis</strong></span> <span class='ocrx_word' id='word_1_216' title='bbox 369 3090 490 3177; x_wconf 79' lang='lat' dir='ltr'><strong>fragm.</strong></span> <span class='ocrx_word' id='word_1_217' title='bbox 502 3093 615 3157; x_wconf 71' lang='lat' dir='ltr'><strong>Ursia</strong></span> <span class='ocrx_word' id='word_1_218' title='bbox 629 3086 832 3151; x_wconf 77' lang='lat' dir='ltr'><strong>ccxxvnt.</strong></span> <span class='ocrx_word' id='word_1_219' title='bbox 843 3086 873 3146; x_wconf 81' lang='lat'><strong>3.</strong></span> <span class='ocrx_word' id='word_1_220' title='bbox 887 3092 921 3161; x_wconf 83' lang='lat' dir='ltr'><strong>et</strong></span> <span class='ocrx_word' id='word_1_221' title='bbox 935 3084 1011 3147; x_wconf 83' lang='lat' dir='ltr'><strong>Lib.</strong></span> <span class='ocrx_word' id='word_1_222' title='bbox 1027 3086 1157 3151; x_wconf 78' lang='lat' dir='ltr'>XXXV.</span> <span class='ocrx_word' id='word_1_223' title='bbox 1169 3108 1196 3151; x_wconf 85' lang='grc' dir='ltr'><strong>ι.</strong></span> <span class='ocrx_word' id='word_1_224' title='bbox 1207 3105 1236 3151; x_wconf 83' lang='lat' dir='ltr'><strong>a.</strong></span> <span class='ocrx_word' id='word_1_225' title='bbox 1250 3094 1280 3152; x_wconf 75' lang='lat'><strong>³.</strong></span> <span class='ocrx_word' id='word_1_226' title='bbox 1301 3088 1471 3176; x_wconf 69' lang='lat' dir='ltr'><strong>Linllpit.</strong></span> <span class='ocrx_word' id='word_1_227' title='bbox 1485 3092 1638 3160; x_wconf 79' lang='lat' dir='ltr'>XCVHI.</span> 
     </span>
     <span class='ocr_line' id='line_1_25' title="bbox 225 3188 1636 3278; baseline 0 -15"><span class='ocrx_word' id='word_1_228' title='bbox 225 3200 288 3274; x_wconf 58' lang='lat' dir='ltr'><strong>«L.</strong></span> <span class='ocrx_word' id='word_1_229' title='bbox 302 3194 482 3278; x_wconf 81' lang='lat' dir='ltr'>Lucullus,</span> <span class='ocrx_word' id='word_1_230' title='bbox 502 3192 542 3256; x_wconf 87' lang='lat' dir='ltr'><strong>in</strong></span> <span class='ocrx_word' id='word_1_231' title='bbox 561 3190 724 3255; x_wconf 81' lang='lat' dir='ltr'><strong>Armenia</strong></span> <span class='ocrx_word' id='word_1_232' title='bbox 740 3188 976 3255; x_wconf 83' lang='lat' dir='ltr'><strong>Mithridatem</strong></span> <span class='ocrx_word' id='word_1_233' title='bbox 988 3199 1023 3253; x_wconf 91' lang='lat' dir='ltr'><strong>et</strong></span> <span class='ocrx_word' id='word_1_234' title='bbox 1034 3192 1220 3277; x_wconf 78' lang='lat' dir='ltr'><strong>Tigranem</strong></span> <span class='ocrx_word' id='word_1_235' title='bbox 1236 3200 1270 3257; x_wconf 87' lang='lat' dir='ltr'><strong>et</strong></span> <span class='ocrx_word' id='word_1_236' title='bbox 1285 3192 1442 3277; x_wconf 84' lang='lat' dir='ltr'><strong>ingentes</strong></span> <span class='ocrx_word' id='word_1_237' title='bbox 1455 3196 1636 3278; x_wconf 80' lang='lat' dir='ltr'><strong>utriusque</strong></span> 
     </span>
     <span class='ocr_line' id='line_1_26' title="bbox 226 3295 1637 3390; baseline -0.001 -26"><span class='ocrx_word' id='word_1_238' title='bbox 226 3304 321 3390; x_wconf 90' lang='lat' dir='ltr'><strong>regis</strong></span> <span class='ocrx_word' id='word_1_239' title='bbox 334 3300 464 3387; x_wconf 85' lang='lat' dir='ltr'><strong>copias,</strong></span> <span class='ocrx_word' id='word_1_240' title='bbox 485 3298 645 3385; x_wconf 87' lang='lat' dir='ltr'><strong>pluribus</strong></span> <span class='ocrx_word' id='word_1_241' title='bbox 654 3296 787 3383; x_wconf 87' lang='lat' dir='ltr'><strong>proeliis</strong></span> <span class='ocrx_word' id='word_1_242' title='bbox 798 3295 921 3361; x_wconf 67' lang='lat' dir='ltr'><strong>fudit.»</strong></span> <span class='ocrx_word' id='word_1_243' title='bbox 939 3297 1038 3361; x_wconf 88' lang='lat' dir='ltr'><strong>Oros.</strong></span> <span class='ocrx_word' id='word_1_244' title='bbox 1049 3298 1106 3365; x_wconf 85' lang='lat' dir='ltr'><strong>VI.</strong></span> <span class='ocrx_word' id='word_1_245' title='bbox 1117 3301 1344 3382; x_wconf 47' lang='lat' dir='ltr'><strong>captarem</strong></span> <span class='ocrx_word' id='word_1_246' title='bbox 1351 3300 1516 3363; x_wconf 86' lang='lat' dir='ltr'>Lucullus</span> <span class='ocrx_word' id='word_1_247' title='bbox 1526 3311 1637 3363; x_wconf 74' lang='lat' dir='ltr'><strong>trans-¹</strong></span> 
     </span>
     <span class='ocr_line' id='line_1_27' title="bbox 228 3399 1637 3501; baseline -0.003 -28"><span class='ocrx_word' id='word_1_248' title='bbox 228 3426 365 3495; x_wconf 85' lang='lat' dir='ltr'><strong>gressus</strong></span> <span class='ocrx_word' id='word_1_249' title='bbox 378 3408 588 3491; x_wconf 86' lang='lat' dir='ltr'><strong>Euphratem</strong></span> <span class='ocrx_word' id='word_1_250' title='bbox 601 3413 634 3469; x_wconf 90' lang='lat' dir='ltr'><strong>et</strong></span> <span class='ocrx_word' id='word_1_251' title='bbox 643 3404 864 3501; x_wconf 67' lang='lat' dir='ltr'><strong>Tigrinapud</strong></span> <span class='ocrx_word' id='word_1_252' title='bbox 871 3403 1152 3491; x_wconf 88' lang='lat' dir='ltr'><strong>Tigranocertam</strong></span> <span class='ocrx_word' id='word_1_253' title='bbox 1166 3405 1287 3470; x_wconf 88' lang='lat' dir='ltr'><strong>urbem</strong></span> <span class='ocrx_word' id='word_1_254' title='bbox 1301 3399 1380 3469; x_wconf 87' lang='lat' dir='ltr'><strong>cum</strong></span> <span class='ocrx_word' id='word_1_255' title='bbox 1393 3404 1592 3470; x_wconf 80' lang='lat' dir='ltr'><strong>Mithridate</strong></span> <span class='ocrx_word' id='word_1_256' title='bbox 1601 3414 1637 3471; x_wconf 86' lang='lat' dir='ltr'><strong>et</strong></span> 
     </span>
     <span class='ocr_line' id='line_1_28' title="bbox 228 3509 1636 3599; baseline 0 -22"><span class='ocrx_word' id='word_1_257' title='bbox 228 3513 380 3598; x_wconf 85' lang='lat' dir='ltr'><strong>Tigrane</strong></span> <span class='ocrx_word' id='word_1_258' title='bbox 398 3530 616 3598; x_wconf 84' lang='lat' dir='ltr'><strong>congressus,</strong></span> <span class='ocrx_word' id='word_1_259' title='bbox 635 3509 837 3595; x_wconf 85' lang='lat' dir='ltr'><strong>parvissima</strong></span> <span class='ocrx_word' id='word_1_260' title='bbox 855 3529 995 3575; x_wconf 87' lang='lat' dir='ltr'><strong>suorum</strong></span> <span class='ocrx_word' id='word_1_261' title='bbox 1016 3530 1140 3596; x_wconf 87' lang='lat' dir='ltr'><strong>manu,</strong></span> <span class='ocrx_word' id='word_1_262' title='bbox 1159 3528 1323 3599; x_wconf 85' lang='lat' dir='ltr'><strong>magnum</strong></span> <span class='ocrx_word' id='word_1_263' title='bbox 1341 3512 1495 3577; x_wconf 89' lang='lat' dir='ltr'><strong>hostium</strong></span> <span class='ocrx_word' id='word_1_264' title='bbox 1513 3530 1636 3577; x_wconf 86' lang='lat' dir='ltr'><strong>nume·</strong></span> 
     </span>
     <span class='ocr_line' id='line_1_29' title="bbox 230 3616 1632 3703; baseline -0.001 -20"><span class='ocrx_word' id='word_1_265' title='bbox 230 3638 311 3683; x_wconf 84' lang='lat' dir='ltr'><strong>rum</strong></span> <span class='ocrx_word' id='word_1_266' title='bbox 333 3616 467 3681; x_wconf 90' lang='lat' dir='ltr'><strong>occidit.</strong></span> <span class='ocrx_word' id='word_1_267' title='bbox 496 3622 581 3681; x_wconf 84' lang='lat' dir='ltr'><strong>Nam</strong></span> <span class='ocrx_word' id='word_1_268' title='bbox 599 3616 741 3703; x_wconf 84' lang='lat' dir='ltr'><strong>triginta</strong></span> <span class='ocrx_word' id='word_1_269' title='bbox 762 3616 873 3680; x_wconf 88' lang='lat' dir='ltr'><strong>millia</strong></span> <span class='ocrx_word' id='word_1_270' title='bbox 890 3617 1074 3681; x_wconf 88' lang='lat' dir='ltr'><strong>hominum</strong></span> <span class='ocrx_word' id='word_1_271' title='bbox 1091 3617 1131 3679; x_wconf 91' lang='lat' dir='ltr'><strong>in</strong></span> <span class='ocrx_word' id='word_1_272' title='bbox 1143 3636 1192 3681; x_wconf 89' lang='lat' dir='ltr'><strong>eo</strong></span> <span class='ocrx_word' id='word_1_273' title='bbox 1209 3618 1313 3682; x_wconf 87' lang='lat' dir='ltr'><strong>bello·</strong></span> <span class='ocrx_word' id='word_1_274' title='bbox 1326 3638 1411 3684; x_wconf 80' lang='lat' dir='ltr'><strong>caesa</strong></span> <span class='ocrx_word' id='word_1_275' title='bbox 1429 3618 1632 3684; x_wconf 84' lang='lat' dir='ltr'><strong>referuntur.</strong></span> 
     </span>
     <span class='ocr_line' id='line_1_30' title="bbox 229 3708 1636 3812; baseline -0.001 -23"><span class='ocrx_word' id='word_1_276' title='bbox 229 3723 399 3811; x_wconf 84' lang='lat' dir='ltr'><strong>Tigranes</strong></span> <span class='ocrx_word' id='word_1_277' title='bbox 414 3720 474 3785; x_wconf 80' lang='lat' dir='ltr'><strong>vix</strong></span> <span class='ocrx_word' id='word_1_278' title='bbox 493 3732 628 3803; x_wconf 78' lang='lat' dir='ltr'><strong>centum</strong></span> <span class='ocrx_word' id='word_1_279' title='bbox 645 3731 678 3789; x_wconf 88' lang='lat' dir='ltr'><strong>et</strong></span> <span class='ocrx_word' id='word_1_280' title='bbox 696 3708 949 3811; x_wconf 85' lang='lat' dir='ltr'><strong>quinquaginta</strong></span> <span class='ocrx_word' id='word_1_281' title='bbox 960 3721 1135 3807; x_wconf 84' lang='lat' dir='ltr'><strong>equitibus</strong></span> <span class='ocrx_word' id='word_1_282' title='bbox 1146 3723 1331 3788; x_wconf 84' lang='lat' dir='ltr'><strong>comitatus</strong></span> <span class='ocrx_word' id='word_1_283' title='bbox 1341 3723 1495 3812; x_wconf 84' lang='lat' dir='ltr'><strong>aufugit,</strong></span> <span class='ocrx_word' id='word_1_284' title='bbox 1515 3723 1636 3789; x_wconf 87' lang='lat' dir='ltr'><strong>diade·</strong></span> 
     </span>
     <span class='ocr_line' id='line_1_31' title="bbox 232 3827 1633 3915; baseline -0.001 -20"><span class='ocrx_word' id='word_1_285' title='bbox 232 3838 323 3895; x_wconf 87' lang='lat' dir='ltr'><strong>mate</strong></span> <span class='ocrx_word' id='word_1_286' title='bbox 345 3835 382 3895; x_wconf 88' lang='lat' dir='ltr'><strong>et</strong></span> <span class='ocrx_word' id='word_1_287' title='bbox 398 3827 503 3911; x_wconf 89' lang='lat' dir='ltr'><strong>tiara,</strong></span> <span class='ocrx_word' id='word_1_288' title='bbox 524 3848 567 3891; x_wconf 89' lang='lat' dir='ltr'><strong>ne</strong></span> <span class='ocrx_word' id='word_1_289' title='bbox 580 3836 835 3915; x_wconf 85' lang='lat' dir='ltr'><strong>agnosceretur,</strong></span> <span class='ocrx_word' id='word_1_290' title='bbox 855 3829 1006 3908; x_wconf 75' lang='lat' dir='ltr'><strong>abJectin</strong></span> <span class='ocrx_word' id='word_1_291' title='bbox 1031 3830 1128 3894; x_wconf 90' lang='lat' dir='ltr'><strong>Tunc</strong></span> <span class='ocrx_word' id='word_1_292' title='bbox 1148 3831 1192 3893; x_wconf 86' lang='lat' dir='ltr'><strong>ad</strong></span> <span class='ocrx_word' id='word_1_293' title='bbox 1206 3830 1390 3893; x_wconf 88' lang='lat' dir='ltr'><strong>Lucullum</strong></span> <span class='ocrx_word' id='word_1_294' title='bbox 1406 3830 1511 3895; x_wconf 92' lang='lat' dir='ltr'><strong>totius</strong></span> <span class='ocrx_word' id='word_1_295' title='bbox 1535 3848 1633 3915; x_wconf 80' lang='lat' dir='ltr'><strong>paenc</strong></span> 
     </span>
     <span class='ocr_line' id='line_1_32' title="bbox 232 3934 1632 4022; baseline -0.001 -23"><span class='ocrx_word' id='word_1_296' title='bbox 232 3935 519 4001; x_wconf 84' lang='lat' dir='ltr'><strong>Orientisvenere</strong></span> <span class='ocrx_word' id='word_1_297' title='bbox 529 3934 956 4021; x_wconf 75' lang='lat' dir='ltr'><strong>legati‘liutropiusLVI.</strong></span> <span class='ocrx_word' id='word_1_298' title='bbox 965 3936 994 3997; x_wconf 84' lang='lat'><strong>8.</strong></span> <span class='ocrx_word' id='word_1_299' title='bbox 1003 3943 1037 4002; x_wconf 89' lang='lat' dir='ltr'><strong>ct</strong></span> <span class='ocrx_word' id='word_1_300' title='bbox 1048 3956 1077 4017; x_wconf 83' lang='lat'><strong>9.</strong></span> <span class='ocrx_word' id='word_1_301' title='bbox 1093 3936 1294 4022; x_wconf 60' lang='lat' dir='ltr'><strong>,Susceptus</strong></span> <span class='ocrx_word' id='word_1_302' title='bbox 1307 3943 1422 4011; x_wconf 84' lang='lat' dir='ltr'><strong>tamen</strong></span> <span class='ocrx_word' id='word_1_303' title='bbox 1432 3934 1632 4002; x_wconf 86' lang='lat' dir='ltr'><strong>estMithri·</strong></span> 
     </span>
     <span class='ocr_line' id='line_1_33' title="bbox 235 4037 1631 4129; baseline -0.004 -24"><span class='ocrx_word' id='word_1_304' title='bbox 235 4042 330 4105; x_wconf 86' lang='lat' dir='ltr'><strong>dates</strong></span> <span class='ocrx_word' id='word_1_305' title='bbox 348 4050 425 4126; x_wconf 87' lang='lat' dir='ltr'><strong>post</strong></span> <span class='ocrx_word' id='word_1_306' title='bbox 446 4040 564 4127; x_wconf 83' lang='lat' dir='ltr'><strong>sugam</strong></span> <span class='ocrx_word' id='word_1_307' title='bbox 582 4037 780 4128; x_wconf 82' lang='lat' dir='ltr'><strong>aIigrane,</strong></span> <span class='ocrx_word' id='word_1_308' title='bbox 799 4042 968 4107; x_wconf 79' lang='lat' dir='ltr'><strong>Armeniae</strong></span> <span class='ocrx_word' id='word_1_309' title='bbox 987 4062 1083 4129; x_wconf 83' lang='lat' dir='ltr'><strong>rege:</strong></span> <span class='ocrx_word' id='word_1_310' title='bbox 1104 4043 1262 4125; x_wconf 89' lang='lat' dir='ltr'><strong>quitum</strong></span> <span class='ocrx_word' id='word_1_311' title='bbox 1281 4042 1417 4129; x_wconf 87' lang='lat' dir='ltr'><strong>ingenti</strong></span> <span class='ocrx_word' id='word_1_312' title='bbox 1434 4040 1545 4127; x_wconf 86' lang='lat' dir='ltr'><strong>gloria</strong></span> <span class='ocrx_word' id='word_1_313' title='bbox 1564 4038 1631 4099; x_wconf 85' lang='lat' dir='ltr'><strong>im·</strong></span> 
     </span>
     <span class='ocr_line' id='line_1_34' title="bbox 233 4144 1632 4236; baseline -0.001 -27"><span class='ocrx_word' id='word_1_314' title='bbox 233 4146 394 4232; x_wconf 90' lang='lat' dir='ltr'><strong>perabat,</strong></span> <span class='ocrx_word' id='word_1_315' title='bbox 413 4149 530 4211; x_wconf 85' lang='lat' dir='ltr'><strong>Persas</strong></span> <span class='ocrx_word' id='word_1_316' title='bbox 554 4164 643 4231; x_wconf 75' lang='lat' dir='ltr'><strong>sepe</strong></span> <span class='ocrx_word' id='word_1_317' title='bbox 661 4148 805 4235; x_wconf 78' lang='lat' dir='ltr'><strong>vicerat,</strong></span> <span class='ocrx_word' id='word_1_318' title='bbox 825 4149 1107 4233; x_wconf 87' lang='lat' dir='ltr'><strong>Mesopotamiam</strong></span> <span class='ocrx_word' id='word_1_319' title='bbox 1125 4158 1365 4236; x_wconf 71' lang='lat' dir='ltr'><strong>occupauerat,</strong></span> <span class='ocrx_word' id='word_1_320' title='bbox 1384 4156 1419 4213; x_wconf 89' lang='lat' dir='ltr'><strong>et</strong></span> <span class='ocrx_word' id='word_1_321' title='bbox 1440 4144 1577 4229; x_wconf 79' lang='lat' dir='ltr'><strong>syriam</strong></span> <span class='ocrx_word' id='word_1_322' title='bbox 1597 4152 1632 4207; x_wconf 82' lang='lat' dir='ltr'><strong>et</strong></span> 
     </span>
    </p>
   </div>
   <div class='ocr_carea' id='block_1_9' title="bbox 232 4250 1763 4411">
    <p class='ocr_par' dir='ltr' id='par_1_9' title="bbox 232 4250 1763 4411">
     <span class='ocr_line' id='line_1_35' title="bbox 232 4250 1763 4357; baseline -0.002 -44"><span class='ocrx_word' id='word_1_323' title='bbox 232 4250 410 4319; x_wconf 73' lang='lat' dir='ltr'><strong>Phoenices</strong></span> <span class='ocrx_word' id='word_1_324' title='bbox 423 4262 566 4337; x_wconf 85' lang='lat' dir='ltr'><strong>partem.</strong></span> <span class='ocrx_word' id='word_1_325' title='bbox 585 4254 677 4339; x_wconf 86' lang='lat' dir='ltr'><strong>Ergo</strong></span> <span class='ocrx_word' id='word_1_326' title='bbox 693 4254 855 4321; x_wconf 88' lang='lat' dir='ltr'>Lucullus</span> <span class='ocrx_word' id='word_1_327' title='bbox 863 4263 1021 4339; x_wconf 83' lang='lat' dir='ltr'><strong>repetens</strong></span> <span class='ocrx_word' id='word_1_328' title='bbox 1032 4256 1166 4321; x_wconf 87' lang='lat' dir='ltr'><strong>hostem</strong></span> <span class='ocrx_word' id='word_1_329' title='bbox 1176 4254 1345 4341; x_wconf 78' lang='lat' dir='ltr'><strong>fugatum,</strong></span> <span class='ocrx_word' id='word_1_330' title='bbox 1367 4250 1471 4357; x_wconf 81' lang='lat' dir='ltr'><strong>etiarn</strong></span> <span class='ocrx_word' id='word_1_331' title='bbox 1485 4264 1631 4333; x_wconf 78' lang='lat' dir='ltr'><strong>regnum</strong></span> <span class='ocrx_word' id='word_1_332' title='bbox 1757 4304 1763 4311; x_wconf 89' lang='lat'><em>.</em></span> 
     </span>
     <span class='ocr_line' id='line_1_36' title="bbox 575 4364 1330 4411; baseline -0.004 3"><span class='ocrx_word' id='word_1_333' title='bbox 575 4390 580 4397; x_wconf 90' lang='lat'><em>-</em></span> <span class='ocrx_word' id='word_1_334' title='bbox 1306 4364 1330 4411; x_wconf 67' lang='lat' dir='ltr'><strong>a</strong></span> 
     </span>
    </p>
   </div>
   <div class='ocr_carea' id='block_1_10' title="bbox 0 0 2030 5009">
    <p class='ocr_par' dir='ltr' id='par_1_10' title="bbox 0 0 2030 5009">
     <span class='ocr_line' id='line_1_37' title="bbox 0 0 2030 5009; baseline 0 3"><span class='ocrx_word' id='word_1_335' title='bbox 0 0 2030 5009; x_wconf 95' lang='lat' dir='ltr'><strong> </strong></span> 
     </span>
    </p>
   </div>
  </div>
 </body>
</html>
