4050 5009
434 624 479 686 ¹9·
499 606 532 663 in
556 605 712 684 provincis
730 633 750 650 -
768 602 800 659 in
823 597 956 658 medinm
982 596 1196 676 relinquemus.
1229 618 1276 659 so.
1302 596 1418 657 nobiles
1437 598 1541 677 volgus
1559 625 1579 644 -
1598 592 1652 653 ubi
1671 594 1781 653 volunt
1803 618 1820 641 υ

428 723 465 761 eu
488 703 551 773 illa,
571 702 624 759 illa
642 734 662 747 -
679 699 818 758 utemini.
841 716 889 759 ιι.
910 718 978 755 enm
1006 718 1042 755 eo
1063 717 1094 755 se
1109 700 1240 756 consule.
1266 698 1311 768 ι4.
1324 707 1473 774 sumptam
1492 703 1608 751 mutuo.
1620 690 1668 753 36.
1680 709 1715 748 ao
1734 690 1820 746 velu-

430 801 453 857 ti
471 797 560 856 labes.
571 798 632 876 47.
648 794 800 853 abdicatus
820 796 1002 873 magistratu.
1015 798 1062 855 50.
1076 795 1141 851 aliis
1152 796 1210 852 alia
1224 796 1306 852 -sed
1323 794 1360 851 ad
1376 793 1496 851 exilium
1517 788 1675 867 permitti·
1689 806 1723 844 ex
1736 781 1826 843 bonis

429 905 494 953 orta
507 904 579 952 suut
597 925 616 939 -
634 895 788 951 sceleratos
806 901 836 948 et
856 891 1003 948 factiosos.
1018 891 1064 949 52.
1080 891 1244 949 malefacta.
1269 892 1315 953 55.
1332 887 1505 948 ascenderis.
1528 885 1576 943 61.
1592 885 1674 943 rivus
1690 888 1817 963 ceperat.

736 1083 815 1155 DE
865 1023 1184 1157 CODICIBUS
1232 1078 1499 1157 VENETIS.

527 1246 772 1325 Bibliothecae
796 1248 847 1320 St.
868 1246 988 1320 Marci
1015 1248 1177 1337 codices,
1211 1247 1289 1350 jam
1317 1244 1440 1317 multo
1466 1236 1678 1313 accuratius
1705 1260 1822 1337 quam

429 1379 540 1438 aulea
564 1364 744 1469 digestos,
768 1363 993 1467 inspiciendi
1019 1380 1056 1437 et
1072 1354 1315 1437 examinandi
1346 1359 1454 1461 copia
1481 1354 1576 1429 mibi
1598 1352 1696 1426 facta
1726 1365 1780 1424 est
1798 1376 1821 1423 a

427 1480 508 1555 viro
521 1480 728 1556 clarissimo
737 1482 876 1571 Bettio,
892 1476 1140 1553 bibliothecae
1146 1478 1338 1582 prasente,
1361 1472 1469 1575 cujus
1482 1468 1750 1554 eruditionem,
1766 1463 1822 1537 sa-

426 1595 610 1671 cilitatem
641 1614 756 1698 atque
791 1598 1007 1671 comitatem
1037 1594 1115 1698 jam
1153 1611 1209 1668 tot
1238 1592 1307 1667 viri
1333 1590 1436 1664 docti
1467 1584 1611 1689 experti
1639 1597 1748 1671 sunt,
1774 1594 1822 1652 ut

427 1711 506 1815 ejus
524 1739 664 1787 nomen
688 1740 767 1785 non
794 1714 923 1786 minus
948 1712 989 1785 in
1012 1710 1220 1784 Germania
1245 1736 1362 1810 (pram
1388 1703 1557 1780 Venetiis
1587 1700 1821 1774 celebratum

421 1830 482 1930 sit.
521 1831 618 1903 Cum
634 1857 679 1904 ex
700 1830 844 1932 legibus
865 1854 944 1902 non
967 1827 1040 1920 nisi
1061 1842 1133 1901 tres
1155 1825 1266 1899 boras
1286 1821 1442 1925 singulis
1469 1818 1602 1893 diebus
1620 1815 1661 1887 iu
1678 1809 1821 1885 Biblio-

427 1941 535 2018 theca
550 1945 684 2020 studiis
708 1972 840 2019 vacare
857 1944 985 2031 liceat,
1012 1943 1124 2017 facile
1151 1967 1278 2044 passus
1308 1955 1380 2025 est,
1406 1952 1451 2010 ut
1469 1929 1700 2036 egoduplex
1726 1941 1820 1998 tem·

425 2060 527 2163 poris
543 2061 709 2165 spatium
730 2061 782 2134 ibi
806 2085 1067 2133 commorarer.
1111 2058 1198 2153 Qua
1224 2083 1263 2129 re
1284 2054 1429 2129 sactum
1452 2066 1523 2137 est,
1540 2062 1585 2120 ut
1598 2059 1739 2147 septem
1758 2065 1820 2113 co-

425 2175 523 2252 dices
544 2176 774 2267 salustianos
794 2175 898 2250 hievi
922 2174 1187 2248 examinarem.

527 2358 617 2432 cod.
635 2358 666 2431 I.
692 2357 867 2453 (clasx
886 2358 987 2444 ‚CIIL
1009 2351 1215 2429 aMorellio
1238 2344 1475 2449 inscriptus).
1501 2342 1666 2443 Pergam.
1682 2332 1759 2407 Sub
1774 2329 1819 2403 ii-
1840 2334 1843 2341 '

426 2473 796 2547 nemsaeculix1.vel
816 2472 927 2546 initio
952 2497 1015 2544 mr.
1038 2484 1237 2559 exaratus3
1258 2462 1349 2537 solia
1374 2456 1564 2535 nonnulla
1591 2452 1753 2525 lacerata
1779 2461 1818 2519 et

425 2588 625 2689 aliquoties
643 2589 922 2679 contaminata3
952 2586 1089 2661 ductus
1108 2584 1307 2657 literarum
1330 2580 1371 2651 in
1387 2576 1462 2649 fine
1482 2570 1620 2647 codicis
1635 2577 1818 2641 vetustate

425 2702 550 2793 deleti,
572 2705 685 2778 verba
707 2704 905 2807 saepissime
927 2701 1163 2791 transposita,
1185 2697 1259 2771 alia
1282 2693 1432 2781 omissa;
1457 2716 1528 2763 nec
1553 2687 1692 2760 desunt
1711 2704 1817 2753 men·

424 2818 473 2893 da
491 2820 696 2924 scripturas.
718 2822 871 2895 Cantei
887 2819 1084 2921 saepissime
1102 2832 1220 2889 cums
1237 2826 1441 2895 mutatum,
1455 2832 1474 2879 e
1486 2830 1555 2907 pro
1571 2826 1608 2876 αι
1620 2797 1815 2899 scriptum,

424 2938 451 3007 Ιι
472 2935 596 3010 alieno
616 2937 699 3010 loco
728 2936 944 3038 appositum
972 2951 1009 3008 et
1036 2933 1221 3009 omissum.
1270 2918 1554 3027 orthographia
1585 2914 1743 3015 antiqua
1772 2909 1815 2981 in

423 3051 622 3125 nonnullis
634 3052 957 3143 vocibusserrata3
979 3049 1185 3130 lubidinem,
1204 3044 1402 3144 neglegere,
1421 3036 1657 3138 neglegentia,
1669 3028 1816 3103 ailiana-

334 3177 336 3181 ’
422 3173 463 3255 e',
489 3168 729 3252 adscendere,
754 3167 928 3266 adgredi,
948 3169 1146 3240 communis
1166 3166 1323 3236 omnium
1343 3159 1455 3229 hostis
1477 3164 1581 3253 (cap.
1598 3152 1686 3235 81.)
1714 3140 1815 3243 diffi-

422 3285 502 3359 cilis
526 3298 631 3387 (cap.
646 3288 727 3381 87.)
750 3298 820 3357 etc.
844 3281 957 3356 Liber
976 3280 1197 3355 melioribus
1220 3267 1547 3359 adnumerandus3
1573 3290 1619 3339 ex
1645 3286 1722 3363 quo
1738 3256 1815 3331 hoc

422 3417 521 3475 certe
537 3401 670 3488 discas,
687 3426 767 3473 non
788 3398 934 3499 ubique
960 3396 1006 3472 iis
1028 3393 1220 3470 codicibus
1243 3390 1357 3465 fidem
1387 3412 1462 3461 esse
1483 3378 1721 3465 habendam,
1742 3370 1812 3474 qui

422 3517 563 3590 caeteris
586 3516 772 3589 breuiores
786 3530 888 3593 sunt.

506 3652 597 3713 Cast.
616 3675 681 3734 cap,
697 3676 722 3713 ι.
743 3656 796 3735 qui
814 3652 936 3713 student
958 3668 1019 3708 sese
1037 3678 1057 3697 -
1074 3645 1244 3705 obedientia
1262 3642 1356 3701 ventri
1376 3671 1395 3688 ·
1415 3638 1512 3697 omnis
1526 3646 1625 3695 nostra
1641 3633 1694 3692 ris.
1717 3649 1745 3687 ι.
1758 3644 1814 3707 pe-

423 3754 603 3833 regrinantes
621 3753 770 3819 transiere,
790 3750 819 3810 ὅ.
837 3760 871 3808 tu
887 3765 1041 3806 memores.
1063 3743 1092 3802 6.
1108 3761 1261 3821 prospera,
1283 3740 1398 3816 pollens
1418 3766 1438 3780 -
1458 3753 1568 3791 nomen
1587 3730 1700 3809 regium
1722 3754 1741 3773 ο
1761 3723 1814 3782 ἰιι-

423 3850 543 3929 genium
559 3846 702 3916 validum,
726 3870 755 3929 7.
770 3842 879 3905 laboris
897 3844 969 3901 belli
987 3842 1113 3900 simulac
1126 3838 1243 3917 paciens
1263 3867 1282 3882 ··
1301 3833 1454 3891 discebant
1466 3850 1522 3886 usu
1538 3828 1677 3886 militiam
1697 3856 1716 3869 ·-
1735 3823 1812 3881 sic...

422 3942 520 4003 hostes
537 3946 662 4025 quisque
681 3977 701 3992 ·
719 3964 752 4003 es
772 3941 898 4014 divitias,
909 3938 1021 3997 bonam
1040 3936 1160 3993 lamam.
1182 3933 1210 3991 8.
1222 3934 1350 3989 minores
1366 3950 1466 4008 quam.
1491 3946 1537 3984 ιο.
1556 3927 1642 3983 salsos
1659 3918 1777 3999 subegit
1793 3945 1814 3962 ·

422 4052 595 4121 promptum
614 4040 721 4101 habere
737 4038 865 4099 edocuit.
895 4057 940 4115 19.
959 4035 992 4092 in
1010 4030 1205 4112 provinciam.
1237 4048 1284 4087 ιο.
1301 4029 1402 4087 omnia
1419 4023 1579 4085 victoribus
1597 4016 1727 4098 praemia.
1761 4033 1811 4072 21.

422 4159 491 4197 cum
516 4159 551 4197 eo
579 4142 739 4198 consulem.
770 4134 819 4197 30.
838 4133 920 4193 missi
928 4154 937 4201 ι
958 4130 1087 4206 utrique.
1110 4124 1158 4195 4ο.
1174 4126 1340 4202 negotiatus
1356 4134 1439 4187 esset.
1461 4120 1509 4192 45.
1524 4120 1570 4177 uti
1584 4114 1724 4176 Catilina.
1759 4108 1811 4182 46.

421 4234 496 4315 quid
512 4236 590 4293 iacto
611 4255 685 4315 opus
704 4236 752 4296 sit.
783 4231 831 4310 47.
846 4230 896 4287 cui
911 4228 1006 4284 fatum
1026 4222 1107 4281 urbis
1125 4221 1215 4299 potiri
1236 4251 1255 4265 -
1273 4220 1426 4279 abdicatus
1445 4240 1461 4275 a
1479 4216 1661 4294 magistratu.
1690 4220 1738 4285 49.
1759 4226 1813 4266 ex-

419 4332 556 4392 ercebant
575 4362 595 4379 ·
612 4340 801 4413 oppugnatus
820 4324 1027 4407 pecuniarum,
1052 4320 1101 4385 50.
1121 4320 1228 4375 electos
1254 4318 1422 4375 exercitatos
1450 4312 1553 4373 orabat
1578 4311 1612 4367 in
1639 4304 1809 4372 audaciam,
