4050 5009
336 421 409 517 ³94

332 618 414 679 haud
435 619 525 678 aliam
548 655 867 680 ...........
887 615 1063 695 capiendam
1086 653 1433 678 ............
1453 595 1614 695 prudentes
1636 617 1645 674 i
1667 659 1675 676 .
1697 658 1705 673 .
1737 657 1745 675 .

335 768 342 785 .
366 772 375 790 .
399 716 414 784 .’
430 764 465 788 ..
486 767 494 782 .
579 766 586 782 .
610 722 651 782 mi
672 720 775 781 nobile
806 761 1127 788 ...........
1156 720 1338 802 laudantque
1358 763 1369 782 η.
1393 766 1400 782 .
1425 765 1743 787 ...........

334 839 518 910 repausato
541 869 797 892 .........
822 837 846 886 ts
864 827 1000 888 adflueut
1022 867 1189 887 ......
1201 831 1298 902 firmo
1320 825 1415 888 fidene
1435 828 1547 890 auxilio
1570 871 1577 888 .
1600 877 1609 894 .
1632 872 1640 890 .
1661 851 1746 912 epa-

335 939 407 997 triae
425 941 458 998 in
480 958 527 996 mc
549 976 837 1005 ..........
861 937 942 992 rumi
961 935 1048 994 servii
1070 974 1366 999 ..........
1391 937 1468 994 ultra
1489 955 1558 1014 prae
1580 977 1744 997 ......

336 1081 1260 1107 ..............................
1283 1041 1745 1104 οοηείἱὴιηι.........

332 1152 479 1232 optimum
500 1148 665 1210 videbatur.
686 1148 833 1230 Deincepe
848 1159 966 1225 monet,
987 1150 1021 1208 iu
1036 1147 1155 1209 laxioris
1170 1168 1255 1231 agros
1271 1151 1423 1232 magisque
1437 1151 1590 1231 pecuarios
1610 1161 1645 1210 ut
1665 1170 1747 1234 egre-

335 1258 467 1332 diantur,
486 1255 551 1331 ubi,
571 1257 746 1340 priusquam
767 1257 876 1317 refecto
897 1256 1026 1316 exercitu
1038 1255 1151 1315 adesset
1165 1254 1311 1339 Vatinius,
1330 1265 1484 1338 augeretur
1504 1275 1645 1316 numerus
1666 1260 1748 1318 lectis

337 1363 425 1445 viria,
446 1373 620 1442 etpropere
641 1372 767 1422 nanctus
790 1361 934 1422 idoneum
956 1383 990 1424 ex
1010 1363 1135 1443 captivis
1155 1361 1260 1422 ducem
1283 1363 1459 1434 Picentinis,
1482 1362 1590 1423 deinde
1611 1362 1749 1426 Eburinie

336 1472 414 1552 iugis
433 1472 569 1530 occultus
589 1469 625 1528 ad
641 1469 729 1529 Narin
741 1469 885 1544 Lucanas,
904 1479 994 1551 atque
1015 1469 1087 1529 inde
1106 1471 1206 1553 prima
1226 1470 1292 1530 luce
1314 1470 1446 1550 pervenit
1465 1467 1503 1528 ad
1525 1467 1608 1528 Anni
1622 1469 1749 1543 Forum,

332 1570 447 1659 'ignaria
471 1576 645 1638 cultoribus.
667 1576 828 1637 aestatim
850 1577 969 1660 fugitivi
990 1587 1094 1638 contra
1114 1586 1305 1658 praeceptum
1328 1575 1413 1636 ducis
1435 1595 1536 1654 rapere
1556 1575 1594 1634 ad
1614 1587 1749 1656 stuprum

338 1683 466 1766 virginea
486 1694 700 1765 matronaeque
734 1683 878 1744 Eteliic
902 1727 910 1744 .
933 1725 942 1743 .
964 1730 971 1744 .
994 1725 1004 1746 .
1026 1727 1034 1742 .
1058 1725 1066 1744 .
1089 1724 1098 1743 .
1276 1722 1747 1745 ................

338 1834 346 1850 .
373 1833 382 1851 .
405 1832 413 1850 .
435 1831 475 1852 ...
496 1838 504 1854 .
527 1833 535 1850 .
558 1810 640 1850 nunc
667 1801 809 1850 restantes
840 1791 869 1850 ei
897 1789 1085 1864 illudebant,
1118 1791 1208 1850 aimul
1230 1789 1393 1848 nefandum
1415 1790 1448 1852 iu
1470 1789 1594 1848 modum
1616 1809 1750 1870 perverso

340 1899 460 1956 volnere
480 1906 510 1955 et
529 1896 679 1955 interdum
701 1898 832 1955 lacerum
853 1913 962 1974 corpur
982 1895 1194 1953 semianimum
1215 1895 1401 1956 omittentem
1436 1895 1487 1955 alii
1510 1896 1542 1954 in
1565 1906 1641 1956 tecta
1662 1897 1751 1982 iacie-

340 2001 415 2062 bant
434 2003 530 2084 ignia,
550 2003 700 2081 multique
720 2020 755 2059 ex
774 2004 843 2060 ioco
861 2003 957 2073 uerri,
977 2019 1053 2081 quoe
1074 2000 1230 2082 ingenium
1249 2002 1344 2062 acciae
1364 2001 1471 2077 dabat,
1491 2000 1592 2063 abdita
1612 2023 1630 2060 a
1650 2003 1751 2062 domi-

340 2110 399 2184 nia,
418 2118 471 2168 aut
491 2112 571 2189 ipsos
592 2103 750 2166 trahebant
770 2125 804 2165 ax
822 2107 953 2179 occult03
975 2125 1074 2187 neque
1094 2117 1232 2168 sanctum
1254 2118 1307 2168 aut
1326 2108 1491 2168 nefandum
1513 2110 1674 2189 quicquam
1697 2109 1753 2168 ruit

343 2218 402 2276 irae
423 2211 616 2274 barbarorum
649 2223 680 2272 et
705 2213 803 2274 eerriii
831 2213 967 2296 ingenio.
999 2215 1083 2292 Quae
1104 2216 1261 2295 Spartacus
1282 2218 1427 2297 nequiens
1447 2214 1622 2296 prohibere,
1651 2217 1752 2276 multis

343 2320 481 2402 precibus
502 2340 571 2380 cum
593 2329 706 2400 oraret,
727 2321 876 2381 celeritate
896 2331 1093 2402 praevertere,
1117 2323 1234 2382 mittere
1255 2322 1378 2382 nuntios
1399 2363 1751 2390 ............
1857 2327 1859 2330 ’

346 2465 1056 2495 .......................
1086 2449 1142 2506 qua
1175 2449 1270 2511 neque
1300 2450 1750 2494 e.............

346 2553 446 2594 menae
467 2553 484 2592 c
506 2572 886 2596 .............
908 2553 921 2594 a
942 2533 1045 2596 cradel
1067 2574 1351 2601 ..........
1372 2547 1570 2618 occupatura
1591 2577 1752 2595 ......

345 2642 553 2722 ...pavis
569 2643 639 2722 pler
659 2680 1016 2705 ............
1038 2643 1125 2702 iilum
1158 2641 1237 2701 diem
1259 2681 1604 2704 ............
1614 2652 1751 2726 ντιοοῑειη

339 2745 419 2811 ⁴ibi.¹
441 2785 765 2814 ...........
787 2768 800 2809 a
836 2746 990 2829 duplicata
1025 2753 1214 2806 armatorum
1251 2765 1377 2808 numero
1398 2787 1624 2812 ........
1657 2750 1755 2828 prima

345 2873 415 2916 cum
437 2855 503 2912 luce
523 2865 550 2912 .·
553 2894 775 2918 ........
804 2854 837 2915 in
865 2873 974 2934 campo
1003 2863 1048 2911 eat
1067 2891 1323 2917 .........
1345 2872 1400 2914 noe
1419 2853 1562 2917 aedificiis
1582 2895 1753 2921 ......

348 3002 502 3022 ......
524 2971 553 3019 et
574 2969 637 3020 tum
661 2967 778 3021 mature
799 2960 833 3018 in
852 2960 934 3038 egris
952 2971 1036 3023 erant
1057 2957 1195 3020 autumni
1204 2959 1373 3036 frumenta.

428 3066 485 3128 Sed
506 3070 538 3126 in
560 3085 879 3143 c...‚....nn
899 3064 948 3126 dia
968 3067 1052 3147 gnari
1073 3066 1145 3126 eas
1163 3106 1445 3133 ..........
1466 3087 1607 3129 umorum
1631 3071 1692 3151 iugi
1715 3111 1754 3132 ..

352 3217 599 3237 .........
622 3171 1412 3240 venter.............omnibua...
