4050 5009
431 384 508 459 266

428 560 601 667 primum
621 561 680 654 id,
694 589 838 667 queem
850 563 1064 654 considera,
1082 561 1196 667 quale
1217 561 1258 638 id
1277 559 1346 648 sit,
1370 558 1512 662 dequo
1527 550 1731 663 consultas:
1750 544 1813 632 ilat

428 685 540 761 bonis
555 684 741 791 malisque
757 688 926 777 dimotis,
940 688 1088 792 patenti
1107 686 1167 762 via
1188 684 1238 761 'ad
1260 711 1393 761 rerum
1410 708 1546 787 perges.
1579 682 1658 783 Ego
1672 676 1724 751 sic
1743 668 1811 746 exi-
1927 782 1928 799 χ

426 823 572 903 stum03
594 812 780 913 quoniam
793 828 876 886 orta
895 812 1025 887 omnia
1041 810 1252 900 intereunt,
1264 834 1340 911 qua
1353 820 1570 911 tempestate
1586 801 1675 877 urbi
1687 801 1812 872 Roma-
1927 842 1928 847 =

429 930 625 1007 naefatum
632 933 790 1010 exscidii
802 933 1033 1024 adventarit,
1047 934 1142 1009 cives
1155 958 1244 1007 cum
1262 932 1406 1009 civibus
1417 954 1554 1005 manua
1570 938 1815 1007 consertums3

429 1052 483 1128 ita
500 1053 658 1132 defessos
676 1072 715 1131 et
731 1058 927 1162 exsanguis
938 1058 1017 1163 regi
1031 1072 1099 1131 aut
1112 1056 1261 1132 nationi
1277 1054 1414 1161 praedoe
1430 1053 1586 1128 bituroa
1611 1048 1732 1159 Aliter
1741 1068 1815 1117 non

429 1178 532 1255 orbis
551 1195 757 1271 terrarum,
780 1208 905 1285 neque
918 1198 1067 1257 cunctae
1079 1196 1205 1286 gentes
1223 1179 1475 1284 conglobatae,
1491 1200 1640 1252 morere
1656 1182 1816 1247 autcon·
1928 1200 1929 1291 ᾗ

428 1302 593 1379 tundere
604 1321 755 1407 queunt
765 1304 841 1380 boc
856 1305 1070 1409 imperium.
1103 1304 1310 1379 Firmanda
1324 1304 1440 1407 igitur
1450 1317 1542 1377 sunt
1559 1316 1599 1377 et
1612 1292 1818 1375 concordia
1928 1306 1929 1315 ’

426 1426 548 1517 buna,
566 1444 605 1503 et
619 1428 817 1505 discordi'ae
827 1430 928 1533 mala
943 1426 1176 1532 expellenda.
1201 1428 1246 1502 Id
1258 1428 1310 1501 ita
1323 1428 1486 1516 eveniet,
1503 1426 1535 1500 si
1549 1438 1773 1525 sumptuum
1786 1430 1821 1491 et

426 1551 655 1653 rapinarum
678 1548 873 1626 licentiam
892 1551 1086 1645 demseris3
1114 1578 1194 1626 non
1220 1550 1270 1627 ad
1287 1568 1411 1627 vetera
1438 1548 1611 1625 instituta
1629 1566 1819 1631 revocans,

427 1698 516 1774 qttae
531 1674 610 1747 iam
625 1674 792 1779 pridem,
805 1675 995 1779 corruptis
1003 1672 1369 1767 moribus‚ludibrio
1383 1689 1491 1765 sunt3
1507 1671 1613 1747 sedai
1625 1666 1825 1743 suamcui··
1929 1688 1930 1702 ¹

428 1820 504 1897 que
522 1823 604 1871 rem
614 1798 841 1875 familiarem
852 1798 970 1874 finem
981 1816 1208 1903 sumptuum
1222 1799 1412 1873 stamaris:
1425 1795 1609 1900 quoniam
1630 1793 1660 1867 is
1678 1790 1833 1867 incessit

427 1944 528 2008 mos,
547 1937 594 1996 ut
610 1918 789 1997 homines
800 1922 1076 1998 adulescentuli
1095 1948 1162 1999 sua
1179 1938 1295 2025 atque
1316 1922 1440 1996 aliena
1460 1944 1698 2007 consumere,
1724 1912 1821 1990 nihil

429 2041 598 2119 lubidini
619 2061 736 2150 atque
758 2044 843 2120 aliis
866 2046 1087 2150 rogantibus
1101 2045 1306 2151 denegare,
1326 2042 1644 2149 pulcherrumum
1664 2054 1821 2145 putent:

428 2190 515 2243 eam
525 2167 707 2242 vimutem
728 2183 767 2243 et
783 2168 1090 2273 magnitudinem
1106 2169 1244 2257 animi,
1270 2168 1457 2271 pudorem
1476 2182 1591 2269 atque
1604 2164 1823 2240 modestiam
1930 2214 1931 2268 l

428 2314 500 2394 pro
508 2290 691 2383 socordia,
701 2306 908 2365 aesurment
935 2293 1035 2397 Ergo
1053 2292 1204 2365 animus
1221 2290 1334 2381 ferox,
1347 2317 1462 2394 prava
1476 2290 1535 2365 via
1551 2290 1745 2394 ingressus,
1758 2287 1822 2361 ubi

429 2428 608 2489 consueta
637 2441 718 2489 non
739 2430 974 2518 suppetunt,
999 2415 1122 2489 fertur
1145 2438 1321 2489 accensus
1346 2415 1387 2488 in
1415 2412 1685 2502 socios'modo,
1711 2408 1822 2487 modo
1931 2514 1932 2519 Ἰ

429 2534 472 2610 in
487 2536 609 2611 cives:
633 2552 761 2612 moret
776 2539 984 2641 composita
1003 2555 1042 2615 et
1062 2565 1118 2615 res
1139 2564 1254 2614 novas
1279 2539 1467 2613 veteribus
1484 2537 1657 2641 acquirit
1696 2537 1824 2634 Quare

427 2659 621 2736 tollendus
646 2660 855 2736 foenerator
881 2662 924 2735 in
951 2679 1160 2766 posterum,
1186 2664 1244 2737 uti
1265 2687 1350 2735 suas
1376 2662 1537 2763 quisque
1560 2686 1618 2735 ras
1641 2684 1823 2736 curemus.

427 2783 483 2857 Ea
509 2810 598 2859 vem
617 2799 734 2886 atque
746 2785 906 2889 simplex
927 2784 988 2861 via
1001 2802 1071 2876 est,
1099 2784 1360 2890 magistratum
1380 2786 1540 2890 populo,
1566 2812 1646 2859 non
1664 2784 1823 2887 credito-

427 2906 480 2996 ri,
495 2932 643 3010 genere31
658 2924 697 2983 et
712 2908 1019 3014 magnitudinem
1035 2910 1156 2983 animi
1172 2910 1214 2983 in
1235 2908 1434 2997 addendo,
1457 2936 1538 2983 nou
1551 2907 1739 2984 demendo
1755 2908 1824 2982 rei-

408 3030 595 3134 epublicae
608 3032 815 3107 ostendere.
859 3036 986 3135 Atque
1002 3060 1069 3136 ego
1083 3032 1182 3120 scio,
1206 3058 1322 3133 quam
1340 3056 1469 3133 aspera
1485 3031 1568 3107 baec
1588 3058 1644 3107 res
1661 3033 1702 3107 in
1719 3034 1825 3137 prin·

425 3154 527 3260 cipio
551 3154 683 3230 futura
717 3156 789 3246 sit,
814 3157 1023 3260 prasertim
1043 3155 1105 3243 iis,
1130 3155 1256 3258 quise
1287 3154 1328 3227 in
1349 3154 1507 3229 victoria
1530 3155 1707 3231 licentius
1734 3156 1825 3230 libe-
1897 3164 1901 3174 '

430 3278 586 3383 riuaque
604 3306 722 3381 qnam
740 3279 858 3381 artius
879 3279 1028 3353 futuros
1050 3276 1263 3351 credebant.
1314 3276 1491 3371 Quorum
1511 3279 1543 3352 si
1565 3278 1679 3355 saluti
1701 3280 1825 3385 potius
1859 3341 1863 3352 .

431 3428 549 3505 qnam
570 3402 740 3477 lubidini
754 3402 944 3498 consules5
969 3400 1129 3503 illosque
1161 3424 1305 3502 nmque
1330 3415 1368 3473 et
1386 3400 1504 3475 socios
1535 3402 1577 3505 in
1601 3430 1694 3507 pace
1717 3404 1824 3478 firma

429 3526 658 3601 constitues:
682 3524 751 3600 sin
777 3523 910 3599 eadem
929 3523 1054 3599 studia
1077 3538 1249 3625 artesque
1278 3523 1466 3597 iuventuti
1491 3543 1606 3600 erunt
1631 3560 1638 3600 :
1663 3554 1725 3602 nae
1753 3530 1819 3601 ista

428 3646 575 3752 egregia
600 3663 667 3722 tua
688 3646 789 3721 fama
812 3646 927 3721 simul
946 3674 1036 3725 cum
1053 3646 1153 3721 urbe
1167 3648 1285 3721 Roma
1311 3647 1416 3721 brevi
1450 3646 1631 3724 concidet.
1645 3658 1666 3743 ᾗ
1682 3656 1824 3727 Postre-

429 3796 493 3846 mo
512 3771 704 3874 sapientes
715 3770 818 3875 pacis
839 3796 966 3845 caussa
985 3768 1132 3844 bellum
1148 3784 1303 3873 gerunt,
1327 3767 1497 3847 laborem
1514 3796 1582 3875 spe
1600 3773 1668 3849 otii
1683 3791 1824 3849 susten·

430 3906 524 3967 tana
571 3892 651 3967 Nisi
683 3891 791 3969 illam
821 3892 975 3969 firmam
994 3892 1127 3981 efficis,
1156 3891 1269 3991 rinei
1286 3918 1337 3969 an
1368 3893 1516 3986 vicisse,
1540 3897 1636 3998 quid
1662 3898 1823 3973 retulit?

430 4014 561 4119 Quam
588 4040 755 4120 capesse,
778 4042 848 4120 per
878 4014 998 4107 deos,
1019 4014 1315 4120 rempublicam,
1345 4032 1383 4090 et
1409 4018 1539 4096 omnia
1574 4046 1730 4123 aspera,
1766 4021 1823 4097 uti

432 4214 490 4275 aa
513 4214 599 4277 saba
617 4212 734 4281 arasa.
755 4222 783 4273 a
799 4232 883 4275 ωηο.
905 4178 1164 4275 evacuaturum.
1185 4248 1227 4262 -
1250 4210 1322 4293 cap.
1336 4215 1364 4273 e.
1391 4176 1639 4296 concordiamque
1649 4220 1821 4283 sostrata.

430 4338 484 4399 qu
503 4339 565 4381 om.
585 4317 679 4382 Fabri.
698 4312 855 4378 rutilatae
874 4316 958 4380 Fabr.
973 4330 1001 4376 at
1013 4320 1088 4376 Bria.
1109 4348 1148 4363 -·
1172 4317 1243 4395 Cap.
1260 4342 1286 4397 7,
1308 4318 1450 4397 attingere
1467 4321 1597 4399 nequiret
1616 4322 1746 4393 tjaticnn.
1769 4344 1820 4381 ne·
