4050 5009
1583 382 1651 455 nt

246 614 265 631 -
278 604 346 666 ι7.·
366 574 571 663 Multisque
589 569 859 663 suspicionibus
881 568 1046 642 colentia
1066 566 1169 659 plebi
1177 566 1360 665 facturus
1377 567 1580 639 videbatur.
1599 575 1652 640 Ad

244 687 448 775 Pompeium
475 684 686 769 lacessiere,
706 704 810 767 quem
834 682 1030 749 tribunicias
1049 680 1226 766 potestatis
1248 680 1465 745 restituendae
1483 680 1652 745 arbitrum

243 802 380 859 senatus
404 792 552 876 fecerat,
583 790 746 873 cujusque
770 790 902 855 reditus
930 810 972 855 ex
990 786 1160 873 Hispania
1180 806 1201 851 a
1230 784 1331 869 plebe
1355 787 1575 857 vehementer
1596 806 1652 851 ex-

243 899 469 983 spectabatur.
498 896 560 962 cir.
575 898 665 961 Plnt.
686 900 805 1005 Pomp.
827 916 857 957 c.
876 910 926 960 ar.
924 894 1104 1000 “ejusdem
1124 890 1319 977 argumenti
1340 900 1388 957 est
1407 890 1498 955 inira
1527 892 1648 979 lragnr.

242 1020 294 1081 4²
319 996 585 1071 Volentiaie.
611 969 853 1082 βουλομένῳ
834 1008 867 1066 tt
895 1008 942 1080 τῳ
924 968 1062 1080 iiiut
1091 996 1151 1064 cir.
1169 997 1258 1061 Plut.
1280 996 1304 1059 l.
1319 996 1343 1059 l.
1371 1000 1570 1083 Bernhardy
1592 1000 1651 1063 Gr.

239 1110 380 1193 Syntax.
403 1131 438 1193 p.
459 1111 510 1189 87.
539 1110 621 1171 Tac.
640 1102 766 1167 Annal.
790 1104 836 1165 rt.
856 1103 918 1170 36·
940 1104 1014 1166 hac
1035 1110 1137 1185 atque
1161 1101 1244 1165 talia
1261 1101 1358 1186 plebi
1375 1104 1527 1169 volentia
1542 1104 1650 1169 luere.

240 1214 331 1278 Hist.
354 1219 385 1276 3.
409 1216 465 1275 5ιι
486 1210 649 1273 Muciano
666 1206 818 1271 volentia
841 1206 1016 1289 scripsere.
1035 1207 1206 1271 Ammian.
1221 1210 1324 1273 Mare.
1339 1208 1387 1271 26.
1408 1224 1442 1285 ιι
1459 1206 1650 1293 placentia
1749 1198 1755 1209 ’

238 1338 308 1402 pro
328 1316 467 1401 placita.
490 1317 644 1399 ³1¹3·9³²
668 1308 862 1400 gignentia
882 1331 947 1395 pro
962 1306 1101 1401 genita.
1122 1314 1289 1379 vechner.
1309 1300 1524 1379 Hellenoler.
1544 1338 1578 1400 p.
1599 1316 1651 1397 78.

238 1425 335 1487 unde
355 1420 502 1503 factum,
524 1427 564 1480 ut
584 1416 703 1480 Carrio
724 1425 759 1480 et
786 1416 978 1481 Palmerius
999 1416 1104 1479 etiam
1124 1436 1226 1503 snpra
1248 1420 1326 1505 lug.
1352 1422 1402 1499 73.
1432 1439 1497 1503 pro
1519 1416 1654 1485 volenti

143 1590 148 1612 ι
240 1520 365 1589 animo
383 1560 426 1577 -
442 1518 605 1587 volentia
629 1520 700 1606 legi
719 1520 892 1601 jusserint.
912 1554 933 1571 -
945 1522 1023 1583 rti.·
1041 1522 1305 1605 Suspeetnsque
1316 1520 1412 1616 fuit.
1432 1528 1486 1589 Ad
1504 1526 1652 1591 Antoni·

238 1648 319 1711 orn,
339 1628 428 1692 belli
449 1627 575 1691 Cretici
598 1629 736 1710 ducem,
764 1625 821 1691 vel
842 1628 889 1689 ad
919 1628 1063 1691 Verrem
1088 1628 1154 1691 hoe
1176 1628 1350 1712 pertinere
1373 1630 1556 1715 putaveris.
1590 1629 1651 1693 etr.

236 1752 344 1818 supra
360 1753 438 1818 pag.
462 1752 557 1796 aa·
538 1754 641 1795 --ao.
670 1732 792 1813 Quam
818 1728 1000 1797 maximas.
1032 1734 1239 1799 describitur
1268 1736 1335 1799 iter
1365 1736 1504 1801 Luculli
1530 1743 1648 1799 contra

237 1838 445 1947 Tigranem
463 1838 626 1951 expressit
645 1846 797 1902 nostrum
816 1838 932 1903 locum
943 1839 1033 1903 Plnt.
1047 1842 1088 1905 V.
1106 1842 1187 1905 Luc.
1199 1861 1227 1904 c.
1241 1858 1290 1919 ²4·
1309 1812 1513 1905 aninumr
1531 1812 1566 1895 cii
1577 1850 1648 1898 avt-

235 1952 334 2007 mett
352 1912 565 2007 licemini
583 1912 636 2000 Tit
654 1913 842 2023 &Veam-
861 1956 920 1983 ’-
944 1946 1051 2030 paulo
1069 1946 1178 2011 inira.
1213 1968 1319 2013 naves
1348 1942 1545 2013 codicariae
1568 1952 1648 2011 sunt

235 2024 435 2129 πορθμεῖα
456 2023 589 2119 mediat
602 2048 691 2115 Plnt.
700 2050 724 2112 l.
733 2048 757 2110 l.
771 2047 833 2116 cir.
843 2045 1007 2115 Sebeffer.
1025 2054 1067 2115 de
1081 2052 1209 2117 malitia
1219 2054 1335 2119 navali
1346 2056 1402 2117 IV
1421 2077 1446 2115 ι.
1459 2072 1513 2135 ap.
1521 2054 1647 2113 Lucan.
1675 2074 1678 2083 ·

236 2155 298 2217 lv.
308 2167 381 2233 417.
399 2150 513 2213 simile
535 2152 675 2212 navium
689 2172 798 2233 genus
808 2154 1025 2217 describitur.
1035 2158 1144 2221 Varro
1158 2174 1213 2237 ap
1222 2157 1387 2219 Nonium.
1404 2158 1499 2235 qnod
1513 2151 1650 2233 antiqui

236 2256 359 2341 plures
378 2255 513 2318 tabulas
538 2253 736 2333 conjunctas
757 2253 893 2324 codices
909 2254 1086 2333 dicebant,
1109 2274 1217 2337 aquo
1240 2256 1276 2317 in
1293 2254 1413 2318 Tiberi
1435 2272 1536 2318 naves
1555 2254 1649 2317 eodi·
1679 2282 1683 2291 ·

237 2363 348 2427 carias
369 2358 594 2446 appellamus.
613 2360 699 2424 Fest.
726 2380 753 2428 s.
783 2382 814 2423 r.
839 2358 1050 2427 Caudicariae
1081 2378 1185 2425 naves
1205 2378 1245 2425 ex
1270 2360 1396 2425 tabulis
1422 2358 1646 2427 crassioribus

235 2469 346 2533 iactas.
365 2460 626 2535 Ariobarzani.
645 2464 824 2531 sollemnis
845 2462 958 2529 forma
976 2467 1141 2552 genitivi,
1161 2484 1265 2549 quarn
1283 2469 1400 2531 Douaa
1418 2477 1509 2533 recte
1529 2475 1649 2532 contra

235 2581 368 2659 ceteros
385 2572 546 2637 defendit.
567 2592 675 2656 quare
697 2558 913 2657 videndum,⁴
930 2594 1015 2637 num
1033 2594 1136 2661 supra
1158 2594 1295 2657 quoqne
1312 2573 1351 2638 in
1370 2575 1429 2659 Ep.
1451 2574 1570 2637 Mithr.
1592 2592 1648 2637 ea·

236 2681 318 2744 dem
355 2678 466 2745 forma
490 2682 688 2763 reponenda
715 2678 770 2746 sit.
806 2702 915 2745 -ar.-
945 2684 1116 2765 Namque
1138 2676 1311 2765 primum.
1345 2684 1390 2745 ad
1423 2680 1647 2763 antiquitates

236 2784 361 2866 Ponti,
388 2784 484 2862 cnjus
514 2784 787 2850 luculentissima
816 2787 855 2850 in
880 2787 1021 2851 Salustii
1055 2786 1212 2850 historiis
1243 2796 1317 2851 erat
1346 2786 1548 2869 descriptio,
1578 2786 1645 2848 hoc

237 2886 468 2952 referendum.
487 2903 592 2949 -sa.·
614 2884 1093 2973 Quiproetergrediehontur
1110 2886 1512 2967 equiteslcataplrraeti.
1526 2906 1647 2949 eorum

240 2988 374 3053 mentio
392 2989 431 3050 fit
448 2990 542 3073 apud
559 2989 649 3047 Plut.
668 2989 711 3052 V.
738 2990 821 3048 Luc.
837 3006 867 3049 c.
895 2990 945 3048 ιθ.
964 2988 1023 3049 XV
1047 2986 1160 3049 millia
1176 2985 1298 3073 fuisse,
1315 2988 1480 3055 Lucullus
1497 2988 1535 3053 in
1558 2990 1647 3075 pub-

237 3094 318 3157 licis
337 3093 450 3157 literis
462 3090 717 3176 perscripserat.
738 3088 798 3153 cir.
824 3109 853 3152 c.
875 3092 925 3151 ιθ.
944 3087 1129 3175 Tigranes,
1149 3112 1227 3155 cum
1245 3092 1390 3159 Lucullo
1411 3098 1503 3179 apud
1524 3094 1647 3181 Tigra-

235 3207 378 3265 nocerta
393 3196 557 3283 praelium
576 3195 835 3278 commissurus,
854 3190 1046 3275 plurimum
1062 3192 1229 3259 fiducie
1218 3218 1256 3261 ιιι
1280 3196 1324 3261 ἰίι
1343 3200 1504 3281 reposuit.
1522 3202 1574 3265 De
1590 3220 1646 3265 an
1673 3214 1676 3221 '

237 3327 373 3375 morum
393 3322 519 3391 genere
537 3299 598 3365 cfr.
614 3310 740 3388 praeter
762 3298 1026 3375 Plutarchuml.
1049 3298 1073 3363 l.
1096 3300 1157 3381 qui
1177 3286 1297 3385 ‚civem
1305 3288 1643 3399 αὗτιύςχιῆσαᾶθωι,

235 3398 365 3511 κνήμας
381 3435 416 3482 τι
432 3403 493 3481 sai
511 3391 576 3505 μιῖρ
560 3434 628 3503 ρους
644 3390 734 3505 pire
752 3389 871 3504 pipere
887 3400 1100 3503 resarcto?
1102 3390 1210 3480 ιίιιτων
1229 3398 1306 3481 circa
1339 3422 1434 3489 dicit
1471 3428 1588 3511 Veget
1614 3430 1644 3489 3

207 3553 211 3561 ·
238 3551 289 3599 ar.
309 3532 480 3597 Ammian.
501 3532 584 3595 XVI.
605 3548 651 3591 ιο.
670 3529 785 3592 XXIV.
810 3544 839 3594 a.
856 3536 940 3603 eta.
959 3529 1087 3590 xxva
1093 3527 1295 3594 .tthenmv
1319 3532 1348 3593 5.
1367 3529 1492 3594 lustin.
1513 3532 1597 3594 XLI.
1614 3550 1642 3594 a.
1673 3542 1679 3549 “

236 3641 315 3701 Tac.
339 3639 384 3698 Η.
409 3657 436 3697 ι.
459 3654 511 3715 79.
539 3632 743 3697 Tertullian.
774 3635 818 3695 de
836 3633 945 3716 pallio
966 3655 1000 3715 p.
1024 3646 1074 3711 49.
1109 3634 1169 3694 Ed.
1190 3634 1329 3699 Salmas.
1346 3636 1475 3703 Julian.
1497 3636 1590 3699 Orat.
1614 3638 1643 3701 1.

239 3752 273 3809 et
296 3762 372 3825 quae
399 3760 479 3825 pag.
505 3742 553 3819 7³·
572 3737 761 3822 spanheim
780 3738 931 3823 collegit.
951 3735 1132 3800 Heliodor.
1161 3738 1217 3799 IX.
1241 3744 1318 3814 431:
1345 3760 1421 3821 quae
1446 3742 1523 3806 lota
1547 3743 1642 3807 Was·
1746 3742 1749 3752 ’

238 3850 310 3914 sius
326 3843 506 3931 congessit.
529 3862 609 3913 cum
633 3856 749 3906 nostro
769 3842 847 3907 loco
871 3842 1067 3927 jungenda,
1091 3863 1166 3924 quae
1185 3842 1276 3906 inira
1301 3846 1371 3908 Ine.
1398 3850 1446 3927 73.
1467 3846 1640 3933 leguntur.

238 3956 337 4015 -.-ι3
357 3953 478 4032 Quum
494 3943 653 4030 interim,
669 3950 804 4011 tumme
814 3944 924 4013 etcum
940 3956 1018 4009 tum
1037 3944 1195 4025 incerto,
1217 3950 1298 4013 duae
1313 3948 1444 4017 Galliae
1463 3934 1640 4015 mulieres.

239 4061 427 4141 postremas
452 4072 554 4119 voces
570 4051 726 4117 defendit
746 4056 947 4138 Bernegger.
960 4054 1003 4114 ad
1019 4054 1142 4117 lustin.
1163 4054 1254 4118 Prol.
1275 4056 1403 4119 XXXII.
1423 4059 1574 4167 Interpp.
1595 4054 1641 4113 ad
1691 4051 1698 4059 '

220 4160 374 4225 ·Caes.B.
392 4158 480 4221 Gall.
504 4180 531 4221 ι.
551 4158 602 4224 30.
629 4157 749 4221 Heins.
766 4161 810 4221 ad
828 4159 948 4220 Claud.
967 4159 1069 4241 Rapt.
1086 4160 1241 4243 Proserp.
1265 4182 1291 4223 ι.
1313 4183 1359 4242 ι7.
1394 4158 1523 4225 similia
1541 4136 1638 4217 sirnt:

241 4258 387 4332 Graecia
413 4282 520 4353 gens,
548 4262 732 4331 Dardana
754 4284 876 4348 arma,
901 4258 1070 4333 Arcadia
1101 4284 1262 4333 nemora.
1286 4300 1328 4315 -
1355 4265 1420 4329 Aa
1451 4264 1639 4325 menstrua

1298 4362 1387 4439 15¹
