4050 5009
1581 406 1627 483 53

221 616 358 707 singula
392 614 601 708 excutienda.
632 572 810 697 Appiauus
840 613 875 673 et
905 604 1050 671 Orosius
1073 602 1219 668 innuere
1242 600 1421 687 ridentur,
1442 594 1515 681 jam
1540 622 1633 667 anno
1680 592 1691 614 ’

220 726 441 809 nonunt,
461 741 531 806 quo
551 738 643 784 anno
665 715 852 801 Sullaipse
870 734 950 779 cum
972 710 1115 777 Metello
1132 708 1196 773 Pio
1219 710 1339 775 consul
1356 706 1442 787 fuit,
1460 708 1518 772 vel
1539 726 1633 771 anno

220 841 317 917 post,
337 829 486 896 Servilio
501 834 536 892 et
555 824 699 889 Claudio
719 823 828 906 Coss,
848 818 952 884 illum
972 818 1144 885 dictatura
1160 834 1197 881 se
1211 814 1386 879 abdicasse
1405 812 1467 877 etr.
1485 814 1531 877 de
1548 812 1636 877 Bell·

223 936 295 1003 Gir.
318 939 342 999 1.
368 940 437 1000 103·
464 912 739 1035 τῷδῖἰξῆςὲτει,
770 916 858 1025 ὃμὲν
868 904 1327 1021 δῆμοςκωὶτὸητδνΣῦλλαιν
1336 903 1531 1016 θεραπεύων
1540 914 1638 1013 ἠρᾶτο

224 1042 477 1130 ὑπατεύεινὸὃέ
487 1052 545 1127 οὐκ
554 1034 775 1149 almipater
785 1029 933 1125 darsianus
939 1028 1001 1143 peis
1011 1038 1120 1125 dorcic
1130 1028 1282 1141 ἀπέφηνε
1292 1027 1462 1139 Σερουΐλιον
1471 1026 1641 1135 traversis

143 1188 144 1191 ’
222 1162 450 1251 minuatim
459 1174 637 1268 Ποῦλχρον·
647 1154 791 1247 astricti
802 1146 854 1251 vlt
873 1148 1031 1273 ptye'dnv
1050 1151 1158 1259 simle
1176 1150 1294 1260 sideris
1312 1160 1533 1253 ἐνοχλοῦντος,
1554 1155 1637 1233 insit

152 1304 161 1311 “
224 1285 390 1371 ἀπέθετο,
412 1296 622 1362 cfr.Oros.V.
632 1284 960 1383 22.,Creatisitaqne
972 1288 1007 1349 Ρ.
1016 1286 1163 1351 Servilio
1173 1288 1274 1371 ethp.
1284 1283 1640 1369 ClaudioConsplibus

225 1411 318 1476 visus
344 1418 394 1474 est
420 1409 557 1473 tandem
574 1404 672 1469 Sulla
696 1400 881 1489 privatus.”
901 1402 950 1465 Ex
968 1400 1154 1465 Plutarcho
1175 1401 1217 1469 V.
1234 1400 1340 1466 Sullae
1358 1420 1386 1463 c.
1407 1402 1463 1477 343
1483 1395 1640 1482 colligas,

225 1518 290 1603 hoe
311 1514 417 1602 paulo
446 1521 525 1577 aute
551 1508 693 1575 comitia
717 1506 915 1572 consularia
939 1512 1021 1570 anni
1045 1507 1234 1573 DGLXXV.
1257 1508 1300 1570 U.
1318 1508 1355 1569 C.
1371 1502 1498 1567 factum
1520 1499 1640 1577 fuisse3

224 1606 311 1688 Nam
333 1641 412 1686 cum
428 1620 471 1685 de
484 1614 644 1682 abdicata
656 1613 827 1678 dictatura
848 1619 1162 1698 commemorasset,
1188 1614 1263 1679 haec
1279 1610 1392 1675 addit:
1411 1606 1472 1681 nai
1484 1586 1644 1697 etcanqel

149 1752 152 1759 “
226 1728 359 1842 walnen
385 1736 503 1819 atrei,
533 1721 672 1835 &pricos
690 1721 766 1831 dele
785 1730 845 1809 real
863 1718 1046 1835 πολέμιος,
1076 1716 1221 1821 ἐπίδοξος
1238 1718 1273 1818 ἦν
1300 1712 1428 1811 ὕπατος
1455 1710 1644 1823 αἱριθῆσες·

225 1857 307 1943 θαι,
329 1848 464 1957 Μάρκος
481 1846 628 1942 Λέπιδος.
647 1886 680 1931 κ.
691 1888 719 1932 τ.
730 1868 766 1933 λ.
785 1863 946 1951 Aurelius
961 1862 1082 1931 Victor
1092 1864 1136 1925 de
1149 1859 1243 1925 Viris
1259 1860 1389 1923 illustr.
1402 1854 1556 1920 CLXXV.
1567 1870 1643 1916 rem

229 1978 269 2041 in
275 1976 392 2044 medio
407 1974 575 2058 relinquit
585 1996 594 2039 ε
605 1970 821 2057 ,Republica
831 1970 1000 2051 ordinata,
1015 1967 1222 2031 dictaturam
1235 1962 1410 2049 deposuit;
1424 1962 1513 2023 unde
1526 1952 1643 2041 sperni

229 2092 383 2166 coeptus,
405 2081 566 2146 Puteolos
579 2077 762 2163 concessit,
782 2084 816 2141 et
835 2074 976 2157 morbo,
995 2072 1060 2157 qui
1078 2068 1282 2155 phthiriasis
1300 2076 1462 2147 vocatur,
1481 2059 1646 2127 interiit?

231 2187 303 2271 Qui
322 2186 465 2267 quidem
484 2184 665 2261 scriptores
687 2178 844 2257 quamvis
862 2195 982 2241 omnes
997 2196 1061 2257 per
1084 2193 1121 2237 se
1140 2192 1264 2255 parum
1287 2179 1387 2233 certae
1404 2168 1473 2229 sint
1494 2158 1644 2225 auctori»

231 2289 328 2367 tatis,
354 2294 471 2349 tamen
500 2298 667 2347 consensu
690 2278 796 2341 fidem
816 2276 869 2338 rei
888 2281 1034 2357 augent,
1054 2273 1104 2333 ita
1121 2279 1161 2331 ut
1181 2268 1273 2330 mihi
1299 2267 1442 2349 quidem
1478 2283 1551 2327 non
1580 2265 1646 2325 du·

230 2395 331 2460 bium
361 2382 433 2457 esse
459 2387 633 2469 videatur,
663 2382 749 2465 quin
773 2380 869 2442 Sulla
900 2396 994 2440 anno
1029 2382 1110 2439 ante
1137 2371 1309 2458 Lepidum
1330 2380 1365 2436 et
1389 2370 1544 2435 Catulum
1565 2388 1647 2433 con-

230 2503 323 2569 sules
347 2498 516 2561 dictatura
545 2511 581 2557 se
608 2484 823 2553 abdicaverit.
851 2484 920 2547 Sed
940 2489 979 2543 ut
1003 2480 1069 2543 hac
1096 2478 1136 2542 in
1156 2497 1195 2541 re
1216 2475 1376 2561 Appiano
1405 2484 1440 2541 et
1460 2477 1647 2539 Plutarcho

232 2606 338 2675 fidem
358 2624 431 2669 non
459 2598 691 2685 derogandam
717 2612 788 2659 esse
814 2608 959 2667 censeo,
981 2584 1030 2648 ita
1053 2584 1129 2671 ipsa
1154 2584 1332 2649 dictaturae
1354 2581 1527 2647 abdicatio
1552 2580 1647 2644 nihil

233 2707 471 2779 admirationis
504 2704 595 2771 mihi
622 2697 934 2775 haberevidetu13
969 2712 1074 2776 quam
1103 2690 1248 2775 quidem
1279 2688 1425 2756 istorum
1451 2697 1647 2772 temporum
1709 2729 1714 2736 -

234 2818 383 2903 aequales
409 2823 500 2879 recte
529 2830 659 2875 meram
682 2804 916 2891 arrogantiam
934 2818 1006 2865 esse
1019 2798 1233 2879 judicarunt.
1261 2792 1449 2857 Dictatoris
1467 2794 1562 2857 euim
1582 2813 1650 2857 no·

237 2926 332 2997 mine
352 2916 524 3005 deposito,
547 2912 641 2979 nihil
663 2918 707 2976 de
732 2910 836 2973 sulla
858 2905 1016 2990 potentia
1033 2903 1222 2961 detractum
1238 2905 1304 2977 est,
1322 2898 1383 2956 sed
1401 2914 1442 2956 eo
1463 2895 1649 2957 imminuta

239 3022 517 3094 essevidebatur,
532 3016 627 3097 quod
637 3020 671 3072 et
685 3012 758 3090 ipse
772 3002 1008 3085 voluptatibus
1026 3006 1060 3061 et
1074 2996 1218 3063 luxurie
1231 2995 1392 3085 indulsit,
1408 3007 1442 3063 et
1455 2998 1648 3085 Pompejns,

175 3118 179 3125 ⁵
236 3130 472 3199 ‘firmissimum
501 3118 652 3183 Sullanae
680 3106 842 3173 factionis
867 3102 1095 3191 praesidinm,
1132 3123 1193 3165 sua
1225 3098 1351 3187 ipsius¹
1370 3103 1515 3168 consilia
1548 3103 1648 3187 sequi

240 3236 352 3323 coepit.
374 3232 435 3297 cfr.
457 3229 547 3293 Plut.
569 3224 688 3305 Pomp.
711 3230 759 3293 14.
784 3214 832 3276 15.
859 3209 1011 3295 Lepidus
1036 3207 1148 3291 enim,
1169 3205 1238 3271 nisi
1258 3204 1422 3291 Pompejo
1440 3204 1648 3295 suffragante

242 3340 362 3412 consul
375 3346 506 3404 creatus
527 3352 598 3395 non
611 3332 708 3392 esset.
729 3318 890 3385 clr.Plut.
907 3315 972 3379 1.1.
993 3312 1064 3401 Qui
1075 3309 1227 3398 quidem,
1246 3332 1315 3396 quo
1327 3311 1517 3376 acrioribus
1527 3314 1649 3375 stimu-

114 3484 122 3495 ι
242 3452 287 3517 lis
299 3448 430 3514 animos
449 3440 578 3507 civium
593 3432 789 3519 exploraret
799 3420 1037 3504 libertatisque
1053 3419 1183 3484 amissa
1195 3420 1316 3486 dolore
1330 3426 1507 3505 pungeret,
1518 3418 1647 3502 populo

155 3586 157 3591 ’
243 3552 447 3643 persuadere
462 3543 609 3627 studuit,
634 3560 706 3605 non
715 3536 824 3601 modo
839 3530 1011 3595 crudelem
1023 3536 1127 3610 atque
1137 3527 1337 3611 superbam,
1359 3527 1420 3589 sed
1433 3523 1647 3610 ignominio-

139 3660 141 3663 ’
244 3681 320 3729 sam
331 3656 435 3743 etiam
449 3662 482 3719 et
498 3648 701 3736 flagitiosam
719 3636 993 3706 dominationem
1009 3626 1198 3698 etiamnum
1213 3631 1257 3694 iis
1271 3650 1342 3695 esse
1356 3630 1543 3695 ferendam.
1563 3631 1650 3716 Qui-

245 3770 311 3833 bus
319 3760 434 3830 verbis
449 3756 584 3821 facilius
598 3754 682 3817 fides
695 3748 829 3825 habita,
850 3745 945 3825 quod
955 3738 1073 3803 animo
1085 3737 1211 3824 cupido
1223 3738 1278 3802 vel
1288 3735 1399 3801 levior
1416 3734 1544 3815 injuria
1557 3734 1651 3801 into·

246 3874 390 3939 leranda
411 3862 570 3945 videtur,
589 3868 622 3924 et
643 3874 763 3923 revera
782 3851 886 3916 Sullae
907 3844 1062 3934 potentia
1080 3862 1153 3907 non
1165 3842 1205 3906 in
1223 3841 1295 3923 ejus
1316 3841 1503 3927 dictatura,
1525 3845 1586 3905 sed
1609 3840 1649 3904 in

247 3978 384 4065 legibus
405 3965 575 4037 Corneliis
599 3974 632 4029 et
654 3959 859 4061 minutione
881 3952 1056 4019 nobilium
1075 3958 1147 4015 erat
1167 3947 1297 4034 posita;
1318 3968 1424 4032 quare
1446 3958 1560 4038 orator
1575 3944 1649 4007 haee

237 4083 369 4171 ‚omnia
385 4079 487 4143 simul
511 4068 675 4158 exagitat,
709 4087 821 4151 neque
843 4060 952 4148 magis
971 4060 1074 4125 Sulla
1096 4054 1332 4143 tyrannidem,
1352 4075 1456 4139 quam
1474 4048 1649 4116 licentiam

132 4256 139 4265 ,
250 4187 425 4257 nobilium
447 4186 609 4271 legesque
628 4173 769 4255 injustas
798 4162 1031 4255 conqueritur.
1059 4163 1192 4253 Quodsi
1214 4163 1321 4249 igitur
1346 4162 1435 4223 banc
1456 4138 1676 4220 orationem‘

251 4298 311 4365 ira
331 4303 366 4363 et
383 4290 459 4361 odii
473 4290 612 4378 plenam
628 4301 701 4350 esse
711 4277 948 4367 reputaveris,
965 4274 1061 4341 haud
1078 4270 1128 4336 ita
1144 4270 1255 4334 multa
1274 4264 1428 4333 iuvenies
1436 4305 1448 4340 ,
1469 4259 1509 4323 in
1526 4256 1652 4341 quibus
