4050 5009
431 381 477 455 rs

428 539 585 637 honeste
605 559 832 666 pudicitiam
843 558 1040 655 babuisse3
1062 560 1127 637 sed
1145 587 1191 637 ex
1207 559 1291 637 aliis
1309 561 1421 638 rebus
1430 561 1564 668 magis,
1582 588 1700 664 qrram
1723 561 1824 666 quod

378 684 615 788 hicuiquam
632 685 673 760 id
684 701 920 790 compertum
937 685 1051 775 foret,
1064 683 1147 760 haec
1157 684 1257 758 fama
1276 685 1434 759 valebat.
1455 688 1536 760 Iam
1546 686 1717 789 primum
1732 685 1823 760 adu-

428 808 570 886 lescens
595 808 760 886 Catilina
783 808 906 884 multa
933 807 1100 883 nefanda
1133 824 1263 910 stupra
1288 807 1444 899 fecerat,
1469 836 1559 884 cum
1583 809 1729 914 virgine
1757 836 1824 885 no·

427 931 517 1025 bili,
544 961 634 1010 cum
658 933 849 1009 sacerdote
871 936 1019 1022 Vestae,
1052 930 1127 1005 alia
1152 930 1414 1007 huiuscemodi
1439 947 1571 1008 contra
1601 932 1660 1008 ius
1688 933 1825 1036 fasque,

428 1059 621 1133 Postremo
642 1073 775 1161 captus
799 1081 926 1130 amore
945 1055 1108 1130 Aureliae
1131 1054 1337 1146 Orestillae,
1360 1056 1468 1131 cuius
1488 1072 1627 1161 praeter
1649 1056 1824 1146 formam,

431 1177 533 1258 nihil
554 1209 740 1284 umquam
762 1182 885 1254 bonus
905 1179 1094 1272 laudavit;
1112 1178 1217 1281 quod
1236 1206 1279 1253 ea
1297 1180 1442 1254 nubere
1463 1179 1520 1254 illi
1539 1179 1757 1270 dubitabat,
1780 1180 1825 1255 ti-

429 1317 537 1380 mens
558 1291 777 1410 privignum
806 1303 938 1378 adulta
967 1319 1100 1394 aetate3
1134 1329 1205 1406 pro
1225 1318 1327 1378 certo
1355 1303 1543 1393 creditur,
1569 1317 1704 1378 necato
1728 1302 1824 1391 filio,

428 1454 592 1548 vacuam
619 1428 779 1503 domum
808 1426 968 1502 scelestis
994 1426 1140 1528 nuptiis
1165 1425 1300 1500 secisse.
1343 1425 1440 1522 Quae
1464 1425 1620 1528 quidem
1648 1453 1705 1500 res
1730 1425 1825 1502 mibi

430 1550 474 1625 in
496 1551 629 1655 primis
649 1551 801 1626 ridetur
817 1575 945 1626 caussa
971 1548 1084 1623 fuisse
1105 1547 1284 1624 facinoris
1295 1550 1524 1625 maturandi.
1557 1551 1731 1652 Namque
1745 1550 1826 1624 ani·

431 1701 518 1750 mus
540 1674 732 1779 impurus,
765 1674 823 1749 dis
846 1673 1144 1775 hominibusque
1175 1671 1349 1763 infestus,
1382 1701 1508 1776 neque
1539 1673 1676 1778 vigiliis
1703 1701 1827 1796 neque

433 1797 627 1902 quietibus
649 1798 771 1874 sedari
791 1813 959 1900 poterat·
971 1781 1052 1872 ita
1078 1796 1307 1871 conscientia
1334 1813 1501 1872 mentem
1526 1798 1688 1873 excitam
1708 1814 1826 1872 vasta·

432 1921 509 1996 bat.
543 1922 666 2027 Igitur
687 1903 787 1997 colos
808 1919 1022 2026 exsanguis,
1056 1919 1150 1995 foedi
1174 1919 1301 2012 oculi,
1332 1920 1430 1996 citus
1457 1921 1589 2013 modo,
1612 1921 1727 1999 modo
1753 1939 1827 1995 tar·

374 2043 504 2121 ‘udus
524 2045 707 2137 incessus;
731 2069 884 2147 prorsus
907 2044 950 2118 in
968 2041 1065 2118 facie
1088 2044 1273 2147 voltuque
1292 2044 1468 2119 vecordia
1488 2046 1620 2120 inerat.
1670 2047 1744 2121 Sed
1765 2047 1824 2120 iu·
1951 2092 1952 2103 ι

433 2184 650 2259 rentutem‚
677 2192 813 2270 quam,
838 2181 1018 2268 utsupra
1039 2167 1221 2257 diximus,
1246 2166 1449 2258 inlexerat,
1472 2168 1603 2243 multis
1615 2170 1737 2245 modis
1751 2197 1829 2244 ma-

432 2292 472 2370 la
495 2293 667 2369 facinora
690 2289 878 2367 edocebat
928 2291 986 2363 Ex
1010 2289 1085 2363 illis
1108 2305 1213 2366 testes
1230 2290 1511 2396 signatoresque
1530 2289 1640 2367 falsos
1663 2319 1829 2369 commo·
1951 2316 1952 2377 ;

432 2415 697 2513 dare51idem,
719 2414 910 2505 fortunas,
935 2411 1105 2514 pericula
1127 2413 1217 2488 vilia
1241 2411 1513 2518 habere;post,
1536 2415 1604 2490 ubi
1619 2442 1754 2492 eorum
1773 2416 1828 2493 sa·

433 2567 538 2618 mam
557 2555 672 2641 atque
690 2538 877 2642 pudorem
888 2535 1113 2624 adtriverat,
1136 2537 1280 2611 maiora
1303 2537 1377 2611 alia
1399 2538 1631 2640 imperabat:
1653 2541 1685 2614 si
1700 2566 1828 2615 cauma

433 2661 620 2770 peccandi
644 2662 685 2738 in
699 2686 860 2767 praesens
881 2660 1009 2734 minus
1030 2658 1271 2764 suppetebat,
1294 2659 1420 2736 nihilo
1437 2661 1564 2736 minus
1579 2662 1765 2768 insontes,
1782 2663 1832 2739 si-

435 2903 534 2966 quam.
561 2883 641 2963 qnod
651 2882 750 2943 delent
762 2881 844 2941 Leia.
859 2902 889 2940 c.
900 2879 928 2938 l.
939 2883 960 2939 l.
974 2901 1016 2938 m.
1045 2877 1106 2936 Bas
1124 2898 1150 2937 ι.
1162 2878 1230 2950 Μ.
1251 2899 1306 2939 nec
1323 2891 1486 2962 agnoscunt
1500 2879 1621 2941 Palatini
1638 2881 1670 2942 ὅ.
1681 2883 1748 2954 46.
1761 2884 1790 2944 8.
1802 2905 1831 2964 9.

439 3009 486 3050 ιο.
511 3008 557 3048 ιι.
583 3009 628 3048 12.
650 2986 844 3048 Commelian.
865 2985 949 3042 Paris.
963 2982 994 3041 d.
1008 3004 1034 3041 e.
1055 2981 1113 3041 Erl.
1134 2983 1202 3065 Teg.
1222 2983 1292 3042 an.
1319 3005 1344 3043 ι.
1365 3006 1406 3043 ιιι.
1422 3005 1478 3044 sac.
1499 2983 1584 3044 Bem.
1608 3007 1634 3046 ι.
1654 2985 1833 3067 &comper-

434 3095 510 3146 tum.
528 3104 631 3146 omnes
645 3083 707 3142 bas.
721 3083 802 3143 Laid.
821 3092 850 3141 et
874 3077 955 3139 haud
973 3085 1063 3145 dubie
1079 3085 1194 3147 Gruteri
1216 3097 1245 3148 st
1258 3089 1361 3148 Wassii
1381 3089 1460 3146 libri.
1488 3089 1572 3148 Paris.
1583 3110 1610 3148 a.
1626 3111 1653 3150 c.
1668 3088 1738 3150 Tur.
1762 3111 1788 3152 ι.
1805 3113 1833 3151 2.

434 3209 529 3272 comp.
540 3189 582 3250 id.
603 3188 687 3249 Bem.
704 3207 729 3247 1.
750 3187 1068 3266 quormomitl‘ar'isb.
1088 3212 1178 3271 quom
1192 3191 1225 3252 id
1234 3191 1380 3272 cuiqttum.
1392 3192 1477 3253 Bern.
1489 3212 1613 3272 aquom
1626 3213 1664 3254 ιω
1679 3195 1742 3256 ltoc
1754 3198 1833 3276 quod

434 3296 573 3376 cuiqam
598 3293 641 3354 id.
661 3291 809 3353 uerus.

487 3421 559 3504 Cap.
580 3423 626 3486 15.
646 3419 823 3480 oduwcens.
843 3418 929 3480 Bam.
943 3441 969 3482 ι.
990 3422 1126 3482 odardum
1142 3432 1237 3483 oetota
1256 3422 1320 3482 Bas.
1333 3441 1362 3482 t.
1375 3422 1403 3482 3.
1417 3423 1448 3494 d.
1461 3444 1562 3484 omnes
1569 3424 1652 3485 Leid.
1666 3437 1788 3509 excepto
1806 3450 1837 3490 c.

436 3529 488 3611 qni
504 3538 602 3588 tamen
617 3527 649 3586 in
664 3527 794 3607 margine
806 3521 907 3592 babet.
924 3527 1055 3613 plurimi·
1068 3527 1162 3587 Cottii
1178 3527 1274 3588 Codd.
1306 3528 1389 3586 Paris
1400 3527 1430 3585 b.
1438 3549 1464 3586 c.
1476 3528 1508 3587 d.
1518 3549 1543 3588 e.
1570 3529 1643 3612 Τις.
1662 3529 1734 3590 Tur.
1756 3554 1783 3592 ι.
1805 3552 1832 3592 2.

435 3631 522 3694 ttern.
540 3653 566 3693 ι.
582 3652 610 3691 2.
629 3631 734 3692 adulto
742 3638 836 3689 atate.
856 3621 918 3687 Bas.
929 3649 956 3688 ι.
974 3617 1075 3690 Vinar.
1091 3651 1121 3690 a.
1137 3633 1233 3691 Sonat.
1246 3654 1272 3693 ι.
1299 3631 1383 3697 Paris.
1400 3653 1430 3691 r.
1456 3633 1518 3692 Erl.
1537 3633 1620 3696 bem.
1633 3633 1663 3694 3.
1688 3637 1832 3698 mator.

438 3736 501 3797 llas.
516 3757 542 3796 ι.
562 3735 642 3798 Laid.
654 3734 683 3793 b.
697 3736 716 3794 l.
729 3735 756 3793 l.
766 3735 789 3792 l.
808 3731 909 3792 decem
920 3732 1042 3794 Palatini
1061 3734 1208 3796 Commel.
1234 3734 1374 3796 Aroudsl.
1395 3735 1493 3796 Pemb.
1522 3736 1619 3798 Gueli.
1635 3759 1659 3797 ι.
1675 3758 1703 3798 a.
1716 3738 1788 3812 Μ.
1805 3743 1832 3802 5.

440 3839 470 3902 6.
485 3862 513 3922 7.
523 3841 553 3900 8.
567 3861 615 3902 ιο.
632 3837 754 3900 Eccard.
772 3835 876 3898 Vinar.
892 3845 985 3917 uterq.
1000 3838 1059 3898 inc.
1074 3860 1099 3897 ι.
1118 3840 1215 3900 Sonat.
1227 3860 1254 3900 1.
1273 3839 1359 3899 Rem.
1372 3860 1398 3899 ι.
1418 3839 1602 3901 Acadl’aris.
1614 3863 1640 3901 c.
1652 3841 1684 3901 d.
1693 3863 1720 3902 e.
1739 3863 1833 3905 vens·
1950 3854 1951 3897 Τ

437 3943 497 4004 bat.
513 3945 628 4024 aliquot
651 3941 729 4006 llivii
745 3939 842 3999 Codd.
864 3937 925 3999 Bas.
938 3960 964 3999 2.
975 3941 1004 4012 4.
1025 3943 1114 4022 pauci
1124 3940 1218 4002 Cortii
1229 3942 1306 4002 libri.
1333 3945 1583 4021 meatwnfitirmt.
1603 3943 1673 4006 Tur.
1690 3967 1719 4006 a.
1747 3949 1835 4008 color.

437 4050 478 4112 iu
492 4048 655 4110 tSallustio
668 4049 809 4127 scripmm
822 4045 978 4106 confirmat
994 4044 1078 4122 Prob.
1091 4044 1236 4107 Catlrolic.
1251 4068 1318 4130 pag.
1334 4049 1419 4129 1467.
1439 4048 1492 4107 Ed.
1514 4047 1628 4110 l'utscb.
1650 4052 1739 4112 ctiam
1757 4051 1834 4134 Pop-

438 4171 491 4213 ιιι
505 4153 537 4212 ἰιι
553 4161 671 4233 mscrpt.
688 4152 809 4212 invenit.
829 4147 927 4208 colore
946 4148 1090 4227 οωαιιςιιὺ
1107 4149 1176 4215 Nea.
1189 4159 1221 4210 ct
1230 4149 1375 4210 commu.
1396 4154 1518 4232 plurimi
1532 4153 1652 4212 Palatia.
1671 4155 1833 4216 coloratio.

438 4259 480 4322 in
502 4257 625 4342 plutini
642 4255 724 4320 Laid.
745 4254 847 4318 Basa.
858 4251 929 4325 dul.
945 4251 1047 4314 Gueu.
1060 4252 1093 4315 6.
1109 4253 1208 4336 pluras
1217 4255 1322 4319 Waoii
1335 4254 1414 4316 libri.
1433 4255 1503 4316 Tus.
1518 4277 1546 4317 a.
1566 4256 1652 4318 Bem.
1668 4279 1695 4319 ι.
1711 4277 1740 4319 2.
1754 4260 1835 4320 color
