4050 5009
429 373 502 467 ¹9⁶

426 549 544 611 herbata
564 598 579 612 .
598 549 688 614 ambo
708 572 768 634 reg.
789 598 804 617 .
823 552 947 632 ὥςηιιηι
970 555 1041 613 sore.
1085 574 1111 615 c·
1132 573 1180 615 aa.
1208 554 1247 614 ita
1268 554 1380 615 eanum
1402 600 1416 615 .
1435 550 1632 633 adoptatum
1654 544 1815 613 Ceterum.

425 658 524 715 sceleri
544 654 660 716 obuiam
683 702 698 718 .
718 642 934 737 prohibuerint.
974 681 1001 717 e.
1016 658 1065 719 ai.
1088 666 1203 730 noctae,
1223 668 1275 718 aut
1295 704 1309 719 .
1330 659 1464 721 rirtutem
1487 658 1592 739 erigere
1613 703 1628 717 .
1648 654 1708 715 duo
1721 664 1818 711 muu-

428 780 484 820 trre.
505 782 531 820 e.
547 775 594 833 aa.
606 763 695 841 patria
708 761 874 823 .beneficia
895 810 910 824 .
929 763 999 823 dein
1013 763 1108 843 patrio
1132 809 1146 823 .
1167 783 1253 841 quem
1265 763 1469 841 imperatorem
1491 809 1505 823 .
1524 771 1554 823 et
1568 780 1631 841 quae
1648 759 1679 819 in
1692 764 1787 815 renata
1805 798 1818 814 .

429 886 476 923 rne
497 885 530 924 ex
551 865 686 925 manitus
705 910 721 927 .
740 867 881 925 memoria
901 868 957 926 avi.
998 867 1087 931 c.25.
1117 886 1178 925 non
1201 867 1339 944 pamiaer
1364 868 1463 949 legatie
1490 912 1505 927 .
1534 864 1625 925 isdem
1646 866 1718 943 regie
1746 887 1759 920 r
1785 876 1817 915 ne

426 970 573 1029 decretum
594 970 675 1029 fleret
695 1018 709 1030 .
730 971 760 1029 in
782 971 846 1050 quia
865 971 906 1033 M.
926 971 1049 1029 &aurae
1069 1020 1084 1031 .
1103 971 1199 1031 Serrati
1214 972 1349 1052 princepe
1371 1016 1386 1030 .
1406 970 1438 1029 in
1457 968 1568 1030 invidia
1588 988 1632 1029 res
1651 1012 1666 1029 .
1689 960 1819 1025 escende-

426 1097 457 1133 re
478 1124 491 1136 .
512 1076 584 1133 irarn
604 1075 694 1133 renati
715 1122 729 1134 .
751 1076 794 1133 uti
814 1076 894 1153 prius
915 1124 929 1135 .
951 1072 1038 1134 minae
1058 1096 1166 1158 graree.
1208 1098 1233 1137 e.
1250 1074 1298 1137 26.
1320 1074 1435 1133 rebatur
1443 1096 1453 1147 3
1480 1075 1549 1153 quia
1569 1118 1585 1136 .
1605 1072 1674 1131 dein
1695 1066 1788 1130 omnir
1806 1112 1819 1126 .

425 1182 528 1242 obvius
547 1182 698 1240 interfecit.
739 1202 765 1244 e.
784 1201 830 1261 27.
852 1182 1001 1263 cognitum
1024 1190 1088 1241 et.
1109 1180 1220 1263 dilapsa
1240 1190 1300 1240 erat
1321 1228 1335 1241 .
1356 1179 1437 1262 regie.
1477 1178 1534 1238 Sed
1555 1226 1569 1239 .
1591 1177 1772 1237 declarantur
1790 1170 1818 1229 Ρ.

423 1284 523 1363 Scipio
544 1333 557 1344 .
577 1286 654 1357 alia,
675 1304 748 1363 qua.
789 1306 815 1348 c.
828 1286 876 1344 28.
897 1284 960 1345 duo
979 1286 1128 1346 familiaria
1148 1334 1162 1347 .
1182 1290 1348 1347 contuitur:
1369 1287 1531 1367 placeretne
1554 1330 1568 1343 .
1589 1283 1667 1362 iique
1688 1279 1819 1342 decrera-

424 1410 455 1449 re
476 1436 489 1450 .
511 1391 619 1448 multoe
639 1389 771 1447 mortalia
790 1398 819 1447 et
838 1387 918 1449 arbit
937 1434 954 1451 .
973 1391 1061 1471 capit.
1104 1410 1130 1452 e.
1145 1411 1192 1472 ²9·
1209 1392 1350 1453 Scaurum
1378 1399 1528 1470 acceperat
1553 1433 1568 1447 .
1597 1386 1708 1467 Vagam
1729 1414 1745 1431 ·
1765 1384 1821 1441 im·

424 1504 575 1574 peratum,
603 1490 752 1573 elephanti
770 1524 790 1541 ·
813 1491 922 1567 Patren,
952 1492 1160 1572 probarentne.
1202 1518 1228 1557 c.
1243 1494 1292 1557 30.
1318 1492 1441 1576 superba
1468 1492 1632 1553 crudelia.
1657 1495 1821 1571 tempestate

423 1593 556 1660 Memmii
575 1633 591 1647 -
612 1597 774 1659 orationem
785 1596 959 1678 perterritae
979 1629 998 1646 -
1018 1601 1227 1679 potissumum,
1248 1621 1320 1682 quae.
1353 1621 1379 1662 e.
1392 1597 1442 1658 31.
1464 1600 1557 1657 multa
1577 1592 1645 1655 det.
1667 1640 1682 1657 .
1703 1593 1822 1665 rimata,

423 1705 529 1786 quibua
549 1752 563 1766 .
583 1703 816 1785 parente'tradita
835 1750 851 1764 .
869 1704 958 1762 eitum
967 1742 979 1774 ,
998 1700 1127 1775 Quirite·
1147 1749 1162 1764 .
1183 1722 1236 1785 ego
1250 1702 1352 1763 hortor
1373 1749 1387 1764 .
1408 1702 1451 1763 uti
1463 1711 1564 1763 eontra
1576 1702 1693 1781 ,opaea
1714 1716 1823 1759 neeeaae

423 1819 466 1869 eat
485 1856 499 1870 .
517 1810 605 1867 multi
625 1810 710 1870 vaatri
729 1807 840 1868 ordinis
860 1807 893 1867 in
914 1852 928 1869 .
949 1808 1001 1887 qui
1024 1808 1115 1867 lacera
1137 1854 1150 1868 .
1172 1808 1321 1889 magniliei
1342 1854 1356 1867 .
1378 1807 1458 1887 quati
1479 1804 1586 1865 honori
1607 1850 1622 1867 .
1643 1803 1708 1885 quie
1722 1804 1794 1863 fidet
1808 1848 1820 1863 .

422 1915 602 1975 amicitiaeet
621 1959 636 1975 .
655 1912 755 1973 sectio.
775 1909 866 1984 Quod
887 1958 909 1972 ..
923 1931 1112 1971 nonaumma
1129 1959 1143 1971 .
1164 1912 1243 1991 quod
1257 1912 1349 1971 nraiua
1370 1956 1384 1971 .
1406 1912 1496 1993 magis
1510 1910 1604 1969 fecisse
1619 1956 1632 1970 .
1646 1908 1820 1991 indignum:

422 2039 523 2080 rerum
545 2068 559 2080 .
581 2017 711 2087 deditio,
731 2033 767 2075 ex
785 2035 843 2096 qua
865 2060 878 2075 .
899 2015 1025 2088 damna,
1047 2014 1188 2075 dedecora
1208 2014 1338 2089 -bella,
1358 2034 1442 2094 paeea
1463 2060 1478 2075 .
1497 2013 1591 2095 Atque
1604 2033 1658 2095 ego
1680 2060 1694 2075 .
1715 2015 1747 2073 ni
1764 2014 1822 2073 mi·

420 2124 574 2183 tericordia
596 2171 609 2183 .
629 2121 715 2202 epea?
753 2119 908 2179 Dominari
929 2164 944 2181 .
963 2116 1123 2197 hortorque
1149 2138 1187 2177 ue
1207 2166 1221 2179 .
1240 2119 1358 2201 grauia3
1393 2128 1490 2179 tamen
1511 2166 1525 2181 .
1547 2121 1577 2179 ni
1605 2118 1786 2181 uindicatum
1808 2162 1823 2181 .
1888 2178 1891 2181 .

420 2250 495 2311 ego,
517 2227 654 2300 Quirites.
694 2246 721 2288 e.
733 2225 783 2285 3².
798 2224 978 2297 mitteretur,
998 2221 1166 2302 interposita
1187 2270 1202 2285 .
1222 2224 1402 2304 imperatoria
1416 2225 1544 2303 plurima
1563 2216 1580 2285 .’
1602 2222 1732 2293 Caesius,
1753 2244 1821 2303 per-

420 2337 479 2395 lata
499 2382 512 2394 .
533 2334 559 2391 ei
581 2332 689 2391 timido
708 2372 727 2392 .-
743 2329 899 2389 dedidisset
918 2374 932 2388 .
952 2327 1180 2404 misericordiam
1202 2375 1216 2387 .
1238 2325 1346 2393 Caesio.
1364 2327 1466 2409 Igitur.
1507 2348 1533 2386 c.
1553 2327 1602 2389 33.
1631 2339 1739 2389 cuneta
1759 2346 1822 2409 gee-

420 2450 510 2509 rcrat;
532 2436 704 2495 Crliaebium
726 2482 740 2495 .
760 2434 873 2492 eoeleria
882 2434 1008 2513 aperiret
1029 2479 1043 2490 .
1059 2432 1173 2493 animos
1187 2433 1301 2491 mollire
1322 2478 1336 2493 .
1358 2433 1499 2513 miniatrie
1516 2434 1605 2515 egerit
1625 2480 1639 2494 .
1660 2435 1785 2513 aperiret
1806 2478 1819 2493 .

420 2546 504 2614 fore3
523 2562 591 2608 rese.
632 2562 658 2599 c.
674 2539 724 2611 34.
745 2540 888 2599 concione
908 2538 1042 2599 dictauit.
1084 2559 1110 2603 c.
1126 2537 1174 2603 35.
1195 2537 1236 2597 Ea
1256 2546 1315 2597 erat
1331 2546 1497 2617 tempestato
1517 2586 1533 2605 .
1553 2538 1662 2618 parati,
1682 2540 1786 2618 paullo
1807 2584 1819 2597 .

424 2647 527 2709 diebus
547 2645 704 2727 protectus.
745 2665 772 2703 o.
791 2642 841 2702 36.
869 2644 943 2714 alia,
964 2664 1028 2723 quae
1049 2690 1063 2703 .
1083 2643 1202 2701 iuatanti
1222 2640 1334 2702 cedere.
1374 2662 1401 2703 e.
1421 2640 1471 2724 37.
1502 2645 1614 2725 maguis
1633 2642 1787 2703 iuuenibus
1805 2690 1819 2705 .

422 2772 529 2824 meua,
550 2752 647 2814 vineae
667 2798 682 2809 .
702 2750 776 2821 alia,
797 2768 870 2827 que.
911 2768 937 2807 e.
951 2749 999 2809 38.
1020 2746 1159 2807 subdolus
1178 2768 1282 2829 augere
1302 2794 1316 2809 .
1335 2748 1542 2828 insequeretur.
1568 2748 1680 2811 Interea
1703 2794 1718 2809 .
1741 2749 1819 2830 [cor-

420 2856 568 2934 rumpere]
591 2904 605 2919 .
625 2856 796 2914 desererent.
816 2853 855 2910 ita
867 2850 973 2911 delicta
991 2852 1151 2911 occultiora
1165 2852 1225 2910 lore
1246 2898 1261 2912 .
1279 2854 1408 2910 tumultu
1429 2853 1552 2931 perculsi
1572 2898 1587 2915 .
1601 2850 1695 2914 hortea
1716 2901 1732 2916 .
1746 2855 1818 2915 ‘delu

419 2960 561 3043 Iugurtha
582 3008 596 3021 .
617 2962 692 3018 ferro
713 2960 842 3018 clausum
864 3001 879 3016 .
898 2956 1056 3015 incolumis
1070 3002 1083 3016 .
1097 2954 1265 3029 mutabant,
1285 2956 1381 3017 sicuti.
1421 2976 1447 3015 e.
1460 2954 1510 3035 39.
1531 2958 1627 3016 modia
1645 2958 1785 3021 omnibus
1804 3004 1817 3021 .

419 3070 535 3129 'aniame
555 3066 674 3125 ardebat
694 3058 710 3124 .’
729 3061 804 3122 nihil
824 3060 889 3121 eibi.
930 3083 956 3121 o.
977 3073 1025 3132 4ο.
1047 3061 1159 3119 Interea
1178 3108 1193 3121 .
1213 3058 1352 3139 partibua.
1389 3060 1482 3141 Igitur
1503 3106 1517 3122 .
1537 3061 1650 3123 Mamili
1671 3112 1685 3125 .
1706 3064 1816 3125 exerei-

421 3186 448 3232 ta
469 3220 484 3235 .
505 3183 601 3236 ortus,
624 3169 685 3227 otio
704 3178 736 3226 et
757 3215 769 3226 .
790 3164 921 3225 secundae
940 3183 983 3223 rea
1003 3210 1017 3225 .
1039 3164 1110 3223 duaa
1130 3166 1217 3243 partia
1237 3211 1253 3228 .
1272 3166 1455 3245 utquisque.
1496 3187 1522 3225 c.
1534 3166 1583 3237 4ι.
1606 3166 1657 3245 [ex
1676 3167 1817 3229 nobilita·

421 3277 467 3355 te]
491 3325 504 3337 .
525 3276 679 3358 permixtio
699 3272 811 3343 civilia,
836 3270 917 3349 quari
937 3268 1069 3327 decessio
1090 3277 1178 3326 terrae.
1220 3289 1246 3328 e.
1261 3279 1310 3339 aa.
1332 3279 1517 3331 necaverat.
1537 3271 1659 3333 civitatis
1681 3320 1695 3335 .
1717 3284 1814 3335 matu-

419 3385 478 3441 rina
498 3382 616 3439 denerat.
657 3398 684 3437 e.
700 3377 749 3446 43.
772 3372 812 3447 Q.
833 3372 965 3433 Metellae
983 3382 1014 3431 et
1026 3372 1066 3429 M.
1079 3372 1194 3431 Silanun
1213 3418 1227 3433 .
1249 3368 1446 3453 [provinciae]
1469 3422 1483 3435 .
1503 3390 1678 3456 paraverunt
1696 3409 1716 3425 -
1736 3378 1814 3439 mili-

419 3499 460 3546 ten
478 3484 601 3544 scribere
622 3531 635 3544 .
653 3489 848 3562 equoacetera
869 3524 883 3539 .
904 3498 967 3557 qua
982 3476 1062 3536 bello
1083 3520 1096 3537 .
1117 3477 1207 3535 cenati
1221 3480 1389 3539 auctoritate
1410 3528 1423 3541 .
1444 3480 1598 3555 baurim,
1614 3502 1691 3566 regen
1705 3532 1720 3547 .
1732 3488 1813 3545 auxi.

418 3592 458 3650 lia
480 3591 593 3648 mittere
614 3635 627 3648 .
647 3586 741 3647 boun
759 3584 828 3643 artie
846 3628 862 3645 .
880 3584 1015 3641 animum
1036 3582 1188 3641 invictum.
1230 3602 1256 3641 c.
1277 3580 1326 3652 44.
1356 3602 1411 3663 pro
1433 3568 1560 3645 Consule
1581 3634 1594 3647 .
1614 3588 1674 3669 epei
1695 3587 1777 3649 bone
1796 3636 1809 3649 .

419 3697 515 3756 eventi
534 3680 644 3755 civium
666 3740 680 3751 .
698 3686 756 3750 Sed
775 3707 879 3768 neque.
920 3708 947 3746 c.
962 3685 1011 3755 45.
1033 3696 1062 3745 et
1081 3686 1142 3767 ipre
1161 3705 1240 3745 eum.
1280 3706 1306 3750 e.
1323 3685 1371 3756 46.
1392 3686 1522 3749 aridum.
1542 3690 1643 3769 Itaque
1664 3740 1678 3755 .
1698 3712 1809 3775 oppor-

416 3811 507 3859 tunos
526 3798 664 3878 cognovit
685 3842 699 3855 .
719 3795 749 3853 in
771 3793 867 3874 agria,
897 3810 1022 3869 eropp.
1045 3836 1059 3850 .
1078 3791 1123 3848 uti
1144 3810 1211 3849 cum
1233 3788 1278 3849 hia
1298 3838 1312 3853 .
1333 3811 1516 3872 quacumque
1537 3838 1552 3855 .
1572 3797 1616 3855 uti
1635 3795 1744 3859 abaena.
1783 3819 1809 3856 c.

420 3907 470 3984 47.
498 3905 606 3984 gratia,
634 3902 658 3958 ai
678 3907 811 3979 paterent
828 3896 1062 3976 opportunitates
1083 3940 1097 3954 .
1117 3895 1213 3955 forent
1237 3918 1244 3952 =
1276 3905 1352 3955 ratua
1373 3942 1387 3955 .
1407 3908 1604 3958 commeatum
1627 3900 1806 3979 [iuraturum

419 4006 594 4085 exmcitnm]
618 4053 632 4065 .
652 4005 751 4063 etiam.
789 4022 817 4061 e.
834 3998 882 4071 48.
910 4018 981 4081 qnae
1008 4018 1156 4057 muamus
1176 4046 1191 4060 .
1219 4001 1250 4059 in
1277 4000 1454 4069 immensum
1480 4005 1626 4082 pertinent
1646 4054 1660 4067 .
1679 4006 1805 4079 duem,

419 4124 531 4194 prater.
569 4132 635 4190 cap.
649 4107 697 4189 49.
716 4108 846 4186 equitatu
866 4105 975 4185 pedites
993 4102 1115 4162 dilector
1135 4106 1260 4163 collocat
1279 4152 1292 4164 .
1314 4112 1422 4163 turmae
1439 4116 1526 4186 atque
1547 4110 1711 4190 manipulo·
1725 4120 1745 4172 '.
1764 4114 1804 4171 uti

414 4218 611 4301 pmdentea'.
633 4213 772 4275 necaturi
794 4258 807 4271 .
826 4209 1042 4292 equitatnm'in
1062 4206 1207 4267 enmlhue.
1248 4230 1274 4269 e.
1287 4210 1337 4269 io.
1357 4206 1432 4271 Dein
1451 4210 1512 4295 ipae
1533 4260 1546 4275 .
1566 4234 1687 4281 martum
1706 4235 1803 4277 conae.
