4050 5009
244 609 303 686 dis
316 611 505 688 Ianuariis
520 613 558 686 1.
578 614 727 687 Cottam
745 627 783 687 et
801 615 839 688 1.
859 613 1099 716 Torquatum
1119 607 1298 687 Consules
1316 601 1543 691 interiissem
1566 593 1640 700 ipsi

242 733 407 811 fascibus
427 735 626 840 correptis,
651 737 823 812 Pisonem
845 765 933 814 cum
961 736 1128 812 exercitu
1147 735 1196 810 ad
1215 728 1439 838 optinendas
1454 725 1550 802 duas
1568 717 1638 796 Hi·

240 859 394 962 spanias
409 859 566 934 mittere.
603 862 658 934 Ea
680 887 721 935 re
742 861 892 965 cognita
909 886 1054 951 rursus,
1075 861 1116 934 in
1133 859 1259 935 Nonas
1274 851 1498 932 Februarias
1513 842 1640 938 oonsi-

240 981 340 1058 lium
355 983 466 1058 caedis
485 983 764 1060 transtulerant
804 987 885 1059 Iam
902 1003 986 1060 tum
998 1012 1079 1060 non
1092 983 1319 1058 Consulibus
1330 977 1462 1067 modo,
1481 972 1546 1050 sed
1557 969 1639 1075 ple·

240 1107 369 1210 risque
391 1105 632 1181 Senatoribus
656 1109 864 1210 perniciem
886 1105 1218 1184 machinabantur.
1269 1103 1385 1202 Quod
1406 1100 1450 1177 ni
1471 1094 1638 1176 Catilina

240 1241 465 1304 mann-asset
489 1256 560 1333 pro
596 1232 702 1306 curia
726 1233 878 1336 signum
903 1233 1011 1310 sociis
1036 1233 1127 1308 dare
1135 1264 1146 1325 3
1169 1257 1214 1306 eo
1232 1229 1312 1320 die,
1341 1243 1427 1332 post
1445 1220 1642 1301 conditam

238 1351 376 1426 urbem
395 1353 574 1443 Romam,
597 1379 814 1457 pessumum
829 1357 977 1432 facinus
997 1373 1192 1462 patratum
1205 1353 1312 1430 foret.
1337 1351 1440 1449 Quia
1459 1344 1636 1424 nondum

239 1473 455 1576 trequentes
473 1479 609 1552 armati
631 1498 905 1570 convenerant,
931 1509 974 1556 ea
997 1507 1054 1555 res
1068 1477 1272 1556 consilium
1293 1475 1456 1552 diremit.
1505 1473 1685 1546 Postea¹⁹

237 1599 322 1674 Piso
342 1601 384 1675 in
401 1602 613 1678 citeriorem
627 1605 852 1708 Hispaniam
865 1605 1041 1702 Quaestor
1060 1631 1131 1708 pro
1150 1607 1313 1678 Praetore
1333 1599 1465 1674 missus
1476 1611 1549 1686 est,
1570 1591 1638 1670 ad·

238 1723 386 1798 nitente
405 1727 555 1816 Crasso,
580 1727 686 1829 quod
704 1754 793 1804 eum
809 1727 988 1802 infestum
1007 1728 1209 1803 inimicum
1223 1728 1289 1802 Cn
1299 1723 1479 1828 Pompeio
1498 1744 1637 1825 cogno·

237 1864 352 1921 verat.
390 1849 521 1952 Neque
543 1865 670 1926 tamen
690 1852 848 1927 Senatus
867 1850 1106 1954 provinciam
1130 1851 1272 1925 invitus
1291 1849 1466 1924 dederat:
1491 1845 1636 1948 quippe

237 1969 387 2046 sendum
411 1965 653 2048 hominema
686 1974 882 2077 republica
912 1973 1049 2079 procul
1074 1999 1149 2050 esse
1178 1973 1358 2050 volebat:
1394 1968 1509 2046 simul
1542 1966 1635 2071 quia

238 2095 331 2168 boni
353 2123 470 2198 quam
491 2097 619 2199 plures
640 2097 859 2200 praesidium
880 2098 922 2172 in
941 2124 985 2172 eo
1006 2096 1220 2202 putabant:
1244 2111 1284 2173 et
1298 2098 1375 2172 iam
1399 2111 1483 2170 tum
1499 2107 1635 2198 poten-

239 2220 291 2294 tia
309 2219 480 2322 Pompeii
501 2218 743 2296 formidolosa
764 2237 853 2297 erat.
890 2220 961 2296 Sed
982 2222 1012 2296 is
1031 2220 1136 2313 Piso,
1153 2222 1196 2297 in
1212 2220 1450 2327 provinciam
1462 2217 1511 2292 ab
1526 2214 1635 2318 equi·

236 2345 340 2420 tibus
363 2345 570 2448 Hispanis,
607 2369 701 2446 quos
730 2344 773 2420 in
793 2344 962 2420 exercitu
988 2343 1195 2437 ductabat,
1220 2345 1292 2420 iter
1307 2344 1465 2432 faciens,
1491 2339 1634 2417 occisus

235 2485 299 2545 est
339 2470 458 2558 Sunt,
484 2467 552 2572 qui
573 2467 626 2542 ita
654 2467 810 2559 dicunt,
836 2467 994 2573 imperia
1012 2468 1094 2545 eius
1110 2469 1273 2559 iniusta,
1296 2467 1475 2572 superba,
1497 2461 1633 2540 crude·

234 2592 286 2668 lia
308 2593 489 2668 barbaros
507 2592 717 2696 nequivisse
741 2591 844 2696 pati:
876 2590 942 2665 alii
967 2605 1096 2666 autem
1125 2592 1271 2696 equites
1300 2591 1404 2681 illos,
1430 2591 1498 2665 Cn
1522 2589 1632 2662 Pom-

232 2717 311 2824 peii
332 2733 471 2792 veteres
495 2715 663 2819 fidosque
684 2714 838 2790 clientes
859 2771 868 2804 ,
891 2715 1090 2792 voluntate
1119 2717 1200 2790 eius
1226 2715 1400 2790 Pisonem
1423 2711 1631 2818 adgressos:

232 2825 448 2942 numquam
463 2839 650 2943 Hispanos
670 2853 848 2940 praeterea
875 2839 949 2914 tale
971 2839 1120 2914 facinus
1139 2839 1282 2929 fecisse,
1308 2839 1373 2914 sed
1386 2834 1546 2941 imperia
1565 2859 1632 2909 sae·

231 2993 277 3040 va
299 2965 424 3039 multa
453 2979 563 3037 antea
593 2985 789 3065 perpessos
842 2963 915 3036 Nos
937 2990 1022 3036 eam
1041 2989 1121 3038 rem
1149 2963 1192 3038 in
1213 2963 1339 3039 medio
1361 2960 1630 3064 relinquemus.

230 3091 290 3164 Dc
309 3086 503 3192 superiore
523 3085 788 3162 coniuratione
810 3086 898 3161 satis
918 3087 1076 3163 dictum

229 3284 315 3344 Bem.
335 3304 359 3342 ι.
375 3303 416 3342 ιιι.
433 3301 479 3362 pr.
498 3281 580 3340 Laid.
592 3280 623 3340 h.
637 3282 664 3341 k.
678 3305 718 3343 m.
739 3285 915 3346 aduluoeru.
934 3285 1015 3346 Bcrn
1029 3307 1056 3346 ι.
1075 3284 1238 3348 Autronius
1259 3283 1377 3346 circiter
1386 3281 1492 3343 Nonas
1501 3279 1630 3340 mam-

229 3389 299 3450 bris.
319 3407 422 3448 omncs
444 3385 506 3446 Bas.
526 3387 585 3447 Eu.
604 3385 673 3470 Teg.
693 3390 762 3450 Tur.
784 3391 868 3452 bern.
888 3391 968 3450 Leid.
989 3389 1136 3451 Ianuarii.
1162 3389 1224 3450 Bas.
1245 3409 1272 3450 a.
1289 3389 1317 3460 4.
1345 3387 1430 3447 Bam.
1442 3385 1471 3446 3.
1491 3383 1628 3466 optirrsu·

229 3499 294 3556 dos.
316 3493 378 3554 un.
396 3514 421 3552 ι.
434 3491 499 3552 ab.
518 3490 588 3552 Tur.
603 3512 628 3551 1.
648 3493 747 3554 urbam
758 3515 883 3556 romam.
904 3495 964 3556 Bas.
980 3517 1005 3556 ι.
1023 3517 1050 3557 a.
1062 3497 1091 3558 3.
1118 3493 1188 3554 Tur.
1203 3515 1228 3555 ι.
1242 3515 1269 3554 a.
1291 3493 1377 3552 liam.
1394 3511 1420 3552 1.
1436 3513 1463 3552 a.
1477 3489 1507 3550 ὅ.
1525 3507 1629 3548 omnes

229 3600 311 3662 leid.
332 3599 417 3658 Paria.
437 3597 524 3656 Palat.
545 3598 631 3657 multi
643 3597 735 3659 corui
753 3599 831 3660 libri.
852 3619 1018 3661 minanam.
1034 3600 1131 3661 Gueli.
1149 3621 1194 3660 ro.
1207 3599 1297 3661 Acad.
1312 3621 1352 3659 m.
1365 3618 1411 3680 pr.
1422 3597 1481 3658 nr.
1491 3595 1560 3676 Τις.
1575 3613 1628 3654 ro-

228 3726 311 3766 mam
328 3713 399 3763 tom.
421 3701 608 3764 Gneisse.
627 3723 673 3763 ιο.
696 3724 742 3764 ιι.
756 3716 785 3765 st
801 3705 830 3775 4.
849 3705 878 3766 6.
894 3727 923 3786 9.
934 3727 973 3764 m.
986 3725 1042 3766 sce.
1060 3705 1142 3766 Leid.
1157 3705 1187 3764 d.
1202 3703 1233 3764 b.
1246 3727 1287 3765 m.

269 3830 343 3913 Cap.
359 3852 405 3911 ¹9·
424 3831 583 3890 annitente.
603 3829 672 3892 Tur.
688 3853 713 3892 ι.
734 3832 795 3892 Bas.
809 3854 836 3893 a.
848 3833 877 3906 4.
899 3834 1146 3914 bonioompluros.
1166 3833 1227 3893 Bas.
1245 3855 1271 3893 ι.
1283 3855 1309 3893 a.
1321 3833 1350 3894 3.
1361 3834 1390 3906 4.
1413 3832 1497 3891 Paris.
1512 3851 1539 3890 a.
1552 3828 1583 3889 b.
1600 3851 1630 3892 r.

227 3959 253 4000 a.
273 3937 333 3997 nr.
349 3933 419 4016 Tog.
439 3933 522 3993 bern.
538 3955 562 3994 ι.
579 3935 646 3996 ab.
665 3937 853 4018 cumplures.
872 3937 942 3998 Tur.
960 3959 986 3998 ι.
1017 3939 1226 4020 quamplures.
1247 3939 1331 3999 Paris.
1341 3940 1371 3999 d.
1399 3935 1495 4001 Guoli.
1525 3947 1581 4006 ι.5.
1595 3969 1626 4029 7.

228 4065 257 4124 9.
275 4061 322 4102 ιο.
361 4037 686 4119 Rem.uterq.Ecoard.
706 4042 844 4102 Senatu.
865 4041 1070 4103 Aoadlleuss.
1096 4043 1339 4125 potentiuPomp.
1368 4043 1430 4106 Bas.
1451 4067 1476 4107 ι.
1497 4047 1569 4112 ab.
1594 4053 1623 4124 4.

226 4147 296 4207 Tur.
311 4165 337 4203 ι.
357 4144 441 4202 Bam.
456 4164 480 4202 ι.
492 4163 518 4202 a.
531 4143 559 4202 3.
579 4143 778 4224 inprorincia.
800 4148 920 4207 Parias.
930 4147 989 4207 Eri.
1010 4150 1108 4229 plures
1117 4149 1219 4209 Cortii.
1240 4149 1320 4208 Leid.
1333 4171 1373 4210 m.
1393 4152 1507 4214 mama
1522 4154 1583 4217 Bas.
1596 4175 1622 4219 ι.

229 4273 269 4312 m.
284 4271 341 4310 sse.
354 4247 417 4306 Bas.
431 4245 495 4306 ab.
514 4247 584 4307 Tur.
600 4269 625 4307 1.
645 4269 747 4309 omnes
755 4249 848 4311 Cortii
861 4262 889 4312 st
901 4251 981 4312 Laid.
1002 4253 1116 4312 dicant.
1144 4253 1205 4312 Bas.
1218 4255 1247 4325 4.
1275 4253 1358 4313 Bem.
1373 4276 1398 4315 1.
1425 4256 1621 4338 relinquimus.

228 4355 308 4416 Laid.
323 4375 351 4414 a.
363 4351 394 4410 b.
410 4371 438 4412 o.
451 4349 482 4410 d.
500 4351 520 4410 l.
535 4349 567 4410 b.
580 4351 608 4412 k.
628 4351 690 4414 Bas.
700 4353 728 4414 5.
741 4355 769 4427 4.
789 4355 938 4438 superiori.
959 4355 1028 4418 Tur.
1044 4378 1070 4418 1.
1090 4357 1174 4420 Bora.
1192 4381 1217 4421 ι.
1232 4359 1260 4420 3.
1281 4363 1379 4441 plures
1394 4359 1486 4426 couti
1501 4363 1580 4428 libri.
