4050 5009
411 384 463 479 48

523 495 529 534 ‚
584 499 587 504 ,

410 598 568 669 eorum,
587 601 675 680 quae
692 591 949 671 mutaveram,
969 579 1050 688 jam
1070 608 1150 659 non
1165 579 1280 659 modo
1299 576 1515 685 probabilia
1533 576 1599 655 sed
1617 592 1722 655 extra
1740 605 1828 657 om-

409 718 501 767 nem
528 692 812 771 dubitationem
831 697 953 800 posita
981 699 1060 772 sint
1067 730 1078 793 ;
1117 698 1191 773 alia
1224 713 1375 785 contra,
1401 722 1487 799 quae
1517 696 1666 771 Cortius
1695 688 1829 771 invitis

411 807 520 883 libris
539 809 816 900 emendaverat,
843 813 960 890 Codd.
975 815 1203 889 auctoritate
1218 812 1430 888 firmentur.
1458 813 1548 909 Qua
1565 813 1607 887 in
1629 838 1670 887 re
1688 812 1829 917 soepius

409 925 571 1000 miratus
601 952 685 1002 sum
703 927 908 1003 doctissimi
930 930 1002 1003 viri
1025 929 1337 1034 intelligentiam,
1367 929 1435 1031 qui
1452 928 1531 1003 solo
1568 927 1713 1033 ingenii
1733 954 1831 1003 acu-

409 1040 516 1115 mine
529 1068 618 1117 usus
633 1067 699 1117 seu
713 1044 840 1148 potius
853 1045 1022 1146 quadam
1035 1046 1155 1120 animi
1171 1045 1406 1120 divinatione
1422 1060 1624 1147 permotus,
1645 1045 1829 1119 omnibus

410 1182 507 1258 quos
539 1176 766 1262 cognoverat
807 1159 914 1235 libris
938 1160 1266 1267 repugnantibus,
1298 1188 1320 1234 a
1343 1161 1590 1235 librariorum
1611 1160 1737 1263 glossis
1758 1161 1829 1234 Sa-

409 1272 515 1349 lustii
538 1299 750 1351 sermonem
787 1276 969 1360 defendit.
1007 1278 1096 1367 Sed,
1120 1294 1164 1351 ut
1189 1304 1232 1351 eo
1258 1292 1470 1351 revertatur
1490 1332 1499 1367 ‚
1517 1274 1623 1350 unde
1651 1274 1827 1379 profecta

408 1406 464 1466 est
472 1392 615 1481 oratio,
633 1391 894 1496 gravissimum
910 1393 1029 1478 duco,
1056 1393 1161 1497 quod
1178 1392 1357 1496 plurimis
1375 1391 1494 1473 Codd.
1518 1392 1741 1466 examinatis
1763 1392 1829 1468 in·

410 1506 592 1581 tellexisse
608 1506 707 1581 mibi
725 1508 872 1599 videor,
898 1525 1090 1612 quantum
1105 1510 1294 1583 librorum
1316 1508 1547 1596 auctoritati,
1570 1524 1610 1581 et
1629 1524 1827 1609 quantum

408 1618 554 1725 judicio
575 1622 823 1698 tribuendum
842 1624 903 1708 sit,
940 1626 1066 1701 Variis
1086 1626 1189 1700 enim
1209 1624 1457 1698 librariorum
1473 1622 1684 1711 erroribus,
1703 1625 1827 1728 scrip-

409 1754 508 1814 turae
538 1738 686 1812 mendis
714 1739 875 1842 aliisque
904 1742 1006 1818 vitiis
1034 1740 1237 1845 perspectis
1269 1739 1447 1844 cognovi,
1476 1740 1752 1815 Grammatecis
1777 1742 1825 1818 in

410 1855 664 1946 recensendis,
692 1855 867 1931 librarios
886 1858 930 1933 in
954 1857 1209 1935 describendis
1229 1856 1382 1931 Salustii
1405 1856 1513 1931 libris
1539 1856 1664 1931 multo
1684 1856 1826 1961 saepius

408 1997 582 2077 perverso
599 1971 768 2075 quodam
781 1975 994 2078 corrigendi
1011 1975 1139 2050 studio
1150 1974 1325 2075 abreptos
1335 1971 1466 2062 fuisse,
1480 2000 1598 2075 quam
1607 1972 1719 2078 vulgo
1733 2000 1826 2075 per-

408 2087 556 2164 bibent.
577 2088 622 2174 a)
657 2088 730 2163 Sed
752 2086 826 2164 bac
854 2090 902 2167 de
926 2118 967 2167 re
985 2092 1099 2196 plura
1125 2090 1167 2165 in
1192 2087 1483 2171 commentariis.
1522 2089 1639 2186 Quod
1657 2088 1824 2193 quidam

489 2360 567 2417 Item
594 2374 620 2413 1.
641 2356 708 2413 aliis
724 2358 784 2413 alia
800 2356 830 2416 3.
845 2356 875 2427 4.
896 2356 1010 2415 dimissi
1034 2357 1066 2415 in
1081 2356 1207 2419 obscuro
1223 2376 1251 2421 a.
1266 2370 1296 2430 4.
1315 2358 1435 2417 fortuna
1458 2375 1541 2435 pares
1567 2364 1637 2415 sunt
1660 2374 1689 2421 2.
1709 2354 1824 2413 memi-

489 2472 581 2526 nere,
599 2451 633 2509 in
651 2449 826 2512 bominibus
840 2471 868 2517 2.
890 2456 982 2533 paulo
996 2454 1096 2513 sevior
1116 2474 1145 2513 2.
1164 2458 1191 2517 3.
1221 2456 1366 2522 sententia
1384 2452 1459 2513 mihi
1479 2472 1541 2509 non
1561 2450 1687 2511 crudelis
1705 2472 1731 2511 r.
1751 2472 1822 2509 eam

427 2582 436 2591 ·
490 2548 666 2608 modestiam
682 2552 712 2609 3.
735 2548 772 2608 de
786 2551 892 2608 timore
909 2571 1123 2629 supervacuum
1145 2572 1171 2617 ι.
1200 2552 1359 2632 prasertim
1378 2550 1534 2630 diligentia
1555 2569 1581 2608 r.
1596 2548 1624 2607 3.
1640 2549 1668 2619 4.
1697 2568 1822 2628 possum

489 2644 630 2724 equidem
653 2666 678 2704 1.
695 2665 736 2703 m.
753 2666 810 2705 see.
830 2647 933 2706 sedin
951 2649 1072 2708 exilium
1093 2649 1226 2728 permitti
1247 2652 1277 2712 3.
1296 2649 1325 2717 4.
1352 2648 1473 2729 ignavos
1492 2668 1516 2711 t.
1533 2646 1563 2706 3.
1584 2646 1691 2705 merito
1706 2643 1824 2709 accidit

489 2753 521 2814 4.
541 2760 677 2820 provere
692 2742 808 2822 aliquid
824 2763 852 2802 2.
866 2747 896 2808 3.
918 2745 1064 2823 sapientia
1084 2751 1180 2822 major
1201 2746 1261 2803 illis
1280 2745 1337 2803 lrn't
1358 2764 1383 2801 r.

531 2837 684 2916 Jagurtha
697 2840 747 2899 85.
771 2860 831 2919 quo
850 2841 945 2919 pluris
965 2851 1008 2898 est
1025 2860 1054 2899 2.
1072 2844 1099 2901 3.
1116 2841 1147 2911 4.
1168 2840 1312 2900 beneficia
1332 2860 1359 2898 2.
1380 2839 1563 2899 substineam
1578 2838 1607 2903 3.
1629 2840 1662 2899 in
1678 2847 1820 2899 naturam

413 2995 417 3003 ,
491 2938 615 2997 vertitur
627 2936 659 2994 B.
675 2957 703 2995 2.
719 2935 749 2995 3.
764 2937 794 3008 4.
814 2958 848 2995 ex
870 2938 925 2995 illo
943 2936 1035 3016 globo
1055 2936 1093 2996 ad
1116 2936 1176 2998 hoe
1196 2937 1224 3001 3.
1256 2938 1423 3018 imaginum
1446 2936 1589 3018 stipendii
1603 2934 1633 3007 4.
1654 2936 1824 3015 imperato-

491 3053 555 3093 rem
575 3044 704 3113 quaerat.
720 3032 749 3095 3.
771 3034 885 3091 faciunt
905 3031 986 3091 idem
1007 3033 1037 3093 3.
1056 3044 1213 3114 expectant
1232 3037 1261 3094 3.
1282 3035 1372 3093 etiam
1388 3034 1470 3113 apud
1487 3054 1515 3094 2.
1536 3032 1626 3111 hujus
1644 3033 1686 3093 rei
1699 3031 1728 3092 3.
1750 3051 1822 3091 mea

490 3132 569 3190 sacta
587 3151 615 3195 2.
633 3129 662 3193 3.
681 3129 712 3200 4.
732 3128 878 3208 Equidem
900 3149 963 3188 non
983 3149 1011 3193 2.
1033 3130 1204 3189 facundiam
1227 3128 1256 3189 3.
1275 3130 1304 3201 4.
1327 3134 1487 3191 lacerarent
1507 3150 1535 3189 2.
1556 3130 1694 3211 equidem
1711 3128 1770 3189 mei
1782 3148 1823 3188 ex

489 3228 586 3287 animi
599 3227 628 3287 3.
661 3247 696 3285 ex
723 3227 870 3285 sententia
894 3227 988 3285 animi
1013 3228 1073 3285 mei
1092 3240 1121 3299 4.
1152 3224 1214 3286 bec
1229 3226 1370 3286 nobilitas
1392 3224 1477 3307 (hec
1498 3247 1558 3285 om.
1574 3222 1627 3306 4.)
1657 3224 1716 3285 boc
1729 3226 1821 3285 civile

489 3325 574 3409 (hoe
590 3346 651 3389 om.
669 3324 717 3401 4.)
738 3329 864 3400 majores
882 3323 976 3383 nostri
994 3323 1023 3387 3.
1046 3334 1127 3383 etex
1144 3334 1265 3403 parente
1282 3342 1309 3381 2.
1332 3334 1362 3382 et
1383 3324 1448 3383 aliis
1465 3322 1494 3394 4.
1514 3322 1710 3384 divitiarum:
1733 3340 1820 3381 arma

492 3436 522 3495 4.
541 3420 717 3501 jocundiora
732 3440 761 3485 2.
779 3422 807 3481 3.
823 3420 853 3491 4.
875 3418 1014 3482 habetole
1029 3420 1059 3493 4.
1079 3440 1159 3501 pror.
1184 3422 1317 3482 avaritia.

411 3618 447 3697 ⁸)
465 3616 521 3684 Vir
538 3616 665 3691 doctus,
686 3619 739 3697 qui
761 3636 857 3696 nuper
887 3618 939 3695 (in
964 3616 1153 3697 premerid.
1178 3616 1298 3677 literar.
1308 3617 1428 3686 lenens.
1439 3611 1685 3675 MDGCGXXIV.
1705 3611 1818 3675 Novbr.

491 3738 523 3799 p.
539 3711 632 3795 290.)
654 3716 820 3773 censorium
840 3717 1128 3794 munususurpavit,
1149 3714 1258 3797 (invita
1276 3714 1397 3795 qualem
1417 3714 1567 3785 Minerva,
1588 3712 1614 3769 s'i
1630 3707 1704 3789 quid
1717 3706 1818 3784 video)

493 3811 570 3871 mihi
580 3812 654 3872 vitio
664 3812 770 3885 vertit,
788 3810 869 3891 quod
884 3810 981 3871 Codd.
997 3814 1066 3871 Mss.
1081 3812 1262 3871 salustianos
1281 3832 1344 3869 non
1361 3811 1392 3868 in
1413 3813 1512 3869 classes
1527 3818 1557 3865 et
1577 3807 1704 3865 familias
1717 3804 1820 3884 diges-

492 3911 602 3980 serim,
623 3918 652 3965 et
669 3928 731 3987 quo
745 3908 866 3986 mapris
887 3908 976 3965 etiam
993 3929 1041 3967 me
1055 3910 1158 3967 erroris
1174 3908 1347 3979 convincat,
1369 3908 1544 3984 meipsum,
1563 3901 1645 3983 quod
1660 3900 1818 3980 improba-

490 4008 603 4080 verim,
623 4006 717 4065 sacere
739 4004 826 4078 dicit,
848 4006 960 4084 quippe
979 4006 1116 4083 quialios
1138 4003 1228 4063 libros
1247 4006 1400 4076 meliores,
1420 4002 1495 4059 alios
1510 4000 1667 4058 deteriores
1679 3996 1816 4056 dixerim.

492 4103 569 4164 Sane
588 4104 613 4162 si
631 4100 689 4161 hoe
705 4112 748 4160 est
769 4103 800 4161 in
815 4104 919 4161 classes
937 4100 1130 4175 distribuere,
1149 4112 1227 4160 recte
1247 4099 1359 4178 judicat
1385 4098 1504 4157 criticus
1528 4098 1580 4155 ille
1607 4094 1816 4167 acutissimus,

493 4212 526 4261 et
547 4199 626 4260 nibil
647 4199 779 4271 facilius,
800 4218 890 4277 quam
910 4208 1064 4256 stemmata
1081 4197 1135 4256 ista
1154 4195 1249 4256 Codd.
1272 4198 1343 4257 Mss.
1358 4196 1514 4254 conficere.
1553 4188 1610 4249 Sed
1641 4186 1718 4249 mibi
1741 4190 1817 4268 qui-

494 4298 565 4359 dem
583 4316 755 4380 pennasum
768 4304 829 4369 est,
850 4291 909 4355 boc
928 4292 994 4355 fieri
1012 4312 1077 4355 uon
1095 4314 1180 4376 posse
1196 4294 1255 4355 nisi
1274 4310 1370 4355 mum
1391 4300 1468 4351 certe
1485 4290 1524 4353 sit
1541 4286 1669 4347 auctoris
1685 4284 1816 4364 alienius
