<?xml version="1.0" encoding="UTF-8"?>
<!DOCTYPE html PUBLIC "-//W3C//DTD XHTML 1.0 Transitional//EN"
    "http://www.w3.org/TR/xhtml1/DTD/xhtml1-transitional.dtd">
<html xmlns="http://www.w3.org/1999/xhtml" xml:lang="en" lang="en">
 <head>
  <title>
</title>
<meta http-equiv="Content-Type" content="text/html;charset=utf-8" />
  <meta name='ocr-system' content='tesseract 3.04.00' />
  <meta name='ocr-capabilities' content='ocr_page ocr_carea ocr_par ocr_line ocrx_word'/>
</head>
<body>
  <div class='ocr_page' id='page_1' title='image "./salustiiquaeexs00sallgoog_0698.png"; bbox 0 0 4050 5009; ppageno 0'>
   <div class='ocr_carea' id='block_1_1' title="bbox 548 316 622 391">
    <p class='ocr_par' dir='ltr' id='par_1_1' title="bbox 548 316 622 391">
     <span class='ocr_line' id='line_1_1' title="bbox 548 316 622 391; baseline 0 0"><span class='ocrx_word' id='word_1_1' title='bbox 548 316 622 391; x_wconf 76' lang='grc' dir='ltr'>ι88</span> 
     </span>
    </p>
   </div>
   <div class='ocr_carea' id='block_1_2' title="bbox 504 492 1961 2955">
    <p class='ocr_par' dir='ltr' id='par_1_2' title="bbox 504 492 1961 2955">
     <span class='ocr_line' id='line_1_2' title="bbox 537 492 1961 607; baseline -0.001 -36"><span class='ocrx_word' id='word_1_2' title='bbox 537 492 674 573; x_wconf 68' lang='lat' dir='ltr'>bostis·</span> <span class='ocrx_word' id='word_1_3' title='bbox 688 497 856 576; x_wconf 71' lang='lat' dir='ltr'>aderant.</span> <span class='ocrx_word' id='word_1_4' title='bbox 891 501 1051 594; x_wconf 80' lang='lat' dir='ltr'>Marius,</span> <span class='ocrx_word' id='word_1_5' title='bbox 1071 502 1202 580; x_wconf 77' lang='lat' dir='ltr'>nbiex</span> <span class='ocrx_word' id='word_1_6' title='bbox 1221 504 1389 593; x_wconf 84' lang='lat' dir='ltr'>nunciis,</span> <span class='ocrx_word' id='word_1_7' title='bbox 1411 528 1498 605; x_wconf 71' lang='lat' dir='ltr'>quat</span> <span class='ocrx_word' id='word_1_8' title='bbox 1513 502 1630 607; x_wconf 78' lang='lat' dir='ltr'>Ligus</span> <span class='ocrx_word' id='word_1_9' title='bbox 1648 512 1791 603; x_wconf 77' lang='lat' dir='ltr'>egerat,</span> <span class='ocrx_word' id='word_1_10' title='bbox 1807 516 1961 599; x_wconf 82' lang='lat' dir='ltr'>cogno·</span> 
     </span>
     <span class='ocr_line' id='line_1_3' title="bbox 552 618 1959 731; baseline -0.008 -32"><span class='ocrx_word' id='word_1_11' title='bbox 552 618 623 711; x_wconf 77' lang='lat' dir='ltr'>vit,</span> <span class='ocrx_word' id='word_1_12' title='bbox 648 648 883 727; x_wconf 86' lang='lat' dir='ltr'>quamquam</span> <span class='ocrx_word' id='word_1_13' title='bbox 910 642 989 702; x_wconf 83' lang='lat' dir='ltr'>teto</span> <span class='ocrx_word' id='word_1_14' title='bbox 1005 626 1067 703; x_wconf 85' lang='lat' dir='ltr'>die</span> <span class='ocrx_word' id='word_1_15' title='bbox 1084 627 1251 703; x_wconf 84' lang='lat' dir='ltr'>intentes</span> <span class='ocrx_word' id='word_1_16' title='bbox 1267 627 1399 731; x_wconf 70' lang='lat' dir='ltr'>pretio</span> <span class='ocrx_word' id='word_1_17' title='bbox 1423 626 1606 703; x_wconf 77' lang='lat' dir='ltr'><strong>Numidas</strong></span> <span class='ocrx_word' id='word_1_18' title='bbox 1627 622 1838 708; x_wconf 89' lang='lat' dir='ltr'>habuerat,</span> <span class='ocrx_word' id='word_1_19' title='bbox 1867 635 1959 691; x_wconf 83' lang='lat' dir='ltr'>tum</span> 
     </span>
     <span class='ocr_line' id='line_1_4' title="bbox 550 741 1958 855; baseline 0.001 -37"><span class='ocrx_word' id='word_1_20' title='bbox 550 762 640 855; x_wconf 72' lang='lat' dir='ltr'>reru</span> <span class='ocrx_word' id='word_1_21' title='bbox 674 745 892 823; x_wconf 79' lang='lat' dir='ltr'><strong>cohortatus</strong></span> <span class='ocrx_word' id='word_1_22' title='bbox 921 749 1128 825; x_wconf 81' lang='lat' dir='ltr'>militeset</span> <span class='ocrx_word' id='word_1_23' title='bbox 1149 751 1234 854; x_wconf 81' lang='lat' dir='ltr'>ipse·</span> <span class='ocrx_word' id='word_1_24' title='bbox 1255 766 1361 825; x_wconf 81' lang='lat' dir='ltr'>extra</span> <span class='ocrx_word' id='word_1_25' title='bbox 1383 750 1512 824; x_wconf 71' lang='lat' dir='ltr'>vineas</span> <span class='ocrx_word' id='word_1_26' title='bbox 1539 772 1723 853; x_wconf 81' lang='lat' dir='ltr'>egressus,</span> <span class='ocrx_word' id='word_1_27' title='bbox 1757 741 1958 819; x_wconf 76' lang='lat' dir='ltr'>testudine</span> 
     </span>
     <span class='ocr_line' id='line_1_5' title="bbox 552 864 1959 976; baseline -0.005 -33"><span class='ocrx_word' id='word_1_28' title='bbox 552 884 641 945; x_wconf 80' lang='lat' dir='ltr'>acta·</span> <span class='ocrx_word' id='word_1_29' title='bbox 655 871 853 949; x_wconf 72' lang='lat' dir='ltr'><strong>succedere</strong></span> <span class='ocrx_word' id='word_1_30' title='bbox 873 890 913 947; x_wconf 88' lang='lat' dir='ltr'>et·</span> <span class='ocrx_word' id='word_1_31' title='bbox 929 874 1045 949; x_wconf 87' lang='lat' dir='ltr'>simul</span> <span class='ocrx_word' id='word_1_32' title='bbox 1064 871 1210 948; x_wconf 85' lang='lat' dir='ltr'>bostem</span> <span class='ocrx_word' id='word_1_33' title='bbox 1235 872 1432 947; x_wconf 86' lang='lat' dir='ltr'>tormentis</span> <span class='ocrx_word' id='word_1_34' title='bbox 1455 871 1733 976; x_wconf 62' lang='lat' dir='ltr'>sagittariisque</span> <span class='ocrx_word' id='word_1_35' title='bbox 1753 884 1792 942; x_wconf 84' lang='lat' dir='ltr'>et</span> <span class='ocrx_word' id='word_1_36' title='bbox 1814 864 1959 939; x_wconf 85' lang='lat' dir='ltr'>fundi·</span> 
     </span>
     <span class='ocr_line' id='line_1_6' title="bbox 552 992 1959 1098; baseline -0.006 -29"><span class='ocrx_word' id='word_1_37' title='bbox 552 992 870 1071; x_wconf 80' lang='lat' dir='ltr'>toribus-eminus</span> <span class='ocrx_word' id='word_1_38' title='bbox 897 1012 1043 1072; x_wconf 78' lang='lat' dir='ltr'>terrere</span> <span class='ocrx_word' id='word_1_39' title='bbox 1086 999 1138 1071; x_wconf 78' lang='lat' dir='ltr'>At</span> <span class='ocrx_word' id='word_1_40' title='bbox 1156 995 1332 1083; x_wconf 73' lang='lat' dir='ltr'>Numidas</span> <span class='ocrx_word' id='word_1_41' title='bbox 1353 1022 1455 1098; x_wconf 85' lang='lat' dir='ltr'>saepe</span> <span class='ocrx_word' id='word_1_42' title='bbox 1477 1011 1589 1069; x_wconf 79' lang='lat' dir='ltr'>antea</span> <span class='ocrx_word' id='word_1_43' title='bbox 1618 993 1736 1067; x_wconf 83' lang='lat' dir='ltr'>vineis</span> <span class='ocrx_word' id='word_1_44' title='bbox 1757 993 1959 1064; x_wconf 84' lang='lat' dir='ltr'>Romans-</span> 
     </span>
     <span class='ocr_line' id='line_1_7' title="bbox 550 1091 1960 1209; baseline -0.006 -16"><span class='ocrx_word' id='word_1_45' title='bbox 550 1122 640 1193; x_wconf 74' lang='lat' dir='ltr'>num</span> <span class='ocrx_word' id='word_1_46' title='bbox 656 1118 861 1209; x_wconf 68' lang='lat' dir='ltr'>subversis,</span> <span class='ocrx_word' id='word_1_47' title='bbox 881 1120 972 1194; x_wconf 83' lang='lat' dir='ltr'>item</span> <span class='ocrx_word' id='word_1_48' title='bbox 992 1119 1170 1209; x_wconf 87' lang='lat' dir='ltr'>incensis,</span> <span class='ocrx_word' id='word_1_49' title='bbox 1198 1146 1281 1194; x_wconf 85' lang='lat' dir='ltr'>non</span> <span class='ocrx_word' id='word_1_50' title='bbox 1297 1119 1444 1195; x_wconf 76' lang='lat' dir='ltr'>castelli</span> <span class='ocrx_word' id='word_1_51' title='bbox 1458 1117 1651 1193; x_wconf 86' lang='lat' dir='ltr'>moenibus</span> <span class='ocrx_word' id='word_1_52' title='bbox 1672 1091 1753 1191; x_wconf 77' lang='lat' dir='ltr'>sese</span> <span class='ocrx_word' id='word_1_53' title='bbox 1769 1113 1960 1188; x_wconf 84' lang='lat' dir='ltr'>tutaban-</span> 
     </span>
     <span class='ocr_line' id='line_1_8' title="bbox 551 1236 1959 1346; baseline -0.006 -29"><span class='ocrx_word' id='word_1_54' title='bbox 551 1254 635 1336; x_wconf 80' lang='lat' dir='ltr'>tur3</span> <span class='ocrx_word' id='word_1_55' title='bbox 655 1242 724 1318; x_wconf 84' lang='lat' dir='ltr'>sed·</span> <span class='ocrx_word' id='word_1_56' title='bbox 741 1269 813 1345; x_wconf 88' lang='lat' dir='ltr'>pro</span> <span class='ocrx_word' id='word_1_57' title='bbox 831 1268 942 1317; x_wconf 87' lang='lat' dir='ltr'>muro</span> <span class='ocrx_word' id='word_1_58' title='bbox 960 1242 1039 1319; x_wconf 86' lang='lat' dir='ltr'>dies</span> <span class='ocrx_word' id='word_1_59' title='bbox 1051 1258 1255 1345; x_wconf 82' lang='lat' dir='ltr'>noctesque</span> <span class='ocrx_word' id='word_1_60' title='bbox 1276 1242 1439 1346; x_wconf 81' lang='lat' dir='ltr'>agitare:</span> <span class='ocrx_word' id='word_1_61' title='bbox 1459 1240 1684 1317; x_wconf 83' lang='lat' dir='ltr'>maledicere</span> <span class='ocrx_word' id='word_1_62' title='bbox 1703 1236 1890 1313; x_wconf 83' lang='lat' dir='ltr'>Romanis</span> <span class='ocrx_word' id='word_1_63' title='bbox 1911 1262 1959 1309; x_wconf 88' lang='lat' dir='ltr'>ae</span> 
     </span>
     <span class='ocr_line' id='line_1_9' title="bbox 549 1361 1957 1469; baseline -0.006 -29"><span class='ocrx_word' id='word_1_64' title='bbox 549 1365 683 1441; x_wconf 45' lang='lat' dir='ltr'>Mario.</span> <span class='ocrx_word' id='word_1_65' title='bbox 698 1368 913 1443; x_wconf 72' lang='lat' dir='ltr'>vecordiam</span> <span class='ocrx_word' id='word_1_66' title='bbox 929 1367 1139 1461; x_wconf 73' lang='lat' dir='ltr'>obiectare,</span> <span class='ocrx_word' id='word_1_67' title='bbox 1161 1364 1350 1442; x_wconf 88' lang='lat' dir='ltr'>militibus</span> <span class='ocrx_word' id='word_1_68' title='bbox 1371 1365 1509 1440; x_wconf 87' lang='lat' dir='ltr'>nostris</span> <span class='ocrx_word' id='word_1_69' title='bbox 1533 1362 1729 1469; x_wconf 67' lang='lat' dir='ltr'>Iugurtha}</span> <span class='ocrx_word' id='word_1_70' title='bbox 1752 1361 1957 1437; x_wconf 77' lang='lat' dir='ltr'>servitium</span> 
     </span>
     <span class='ocr_line' id='line_1_10' title="bbox 548 1484 1956 1584; baseline -0.006 -19"><span class='ocrx_word' id='word_1_71' title='bbox 548 1487 712 1584; x_wconf 72' lang='lat' dir='ltr'>minari,</span> <span class='ocrx_word' id='word_1_72' title='bbox 747 1490 923 1566; x_wconf 88' lang='lat' dir='ltr'>secundis</span> <span class='ocrx_word' id='word_1_73' title='bbox 952 1490 1064 1565; x_wconf 89' lang='lat' dir='ltr'>rebus</span> <span class='ocrx_word' id='word_1_74' title='bbox 1091 1488 1231 1564; x_wconf 85' lang='lat' dir='ltr'>feroces</span> <span class='ocrx_word' id='word_1_75' title='bbox 1257 1514 1339 1565; x_wconf 81' lang='lat' dir='ltr'>esse.</span> <span class='ocrx_word' id='word_1_76' title='bbox 1385 1490 1545 1563; x_wconf 85' lang='lat' dir='ltr'>Interim</span> <span class='ocrx_word' id='word_1_77' title='bbox 1567 1488 1746 1563; x_wconf 90' lang='lat' dir='ltr'>omnibus</span> <span class='ocrx_word' id='word_1_78' title='bbox 1766 1484 1956 1561; x_wconf 83' lang='lat' dir='ltr'>Romanis</span> 
     </span>
     <span class='ocr_line' id='line_1_11' title="bbox 550 1608 1957 1719; baseline -0.003 -32"><span class='ocrx_word' id='word_1_79' title='bbox 550 1608 797 1716; x_wconf 80' lang='lat' dir='ltr'>hostibusque</span> <span class='ocrx_word' id='word_1_80' title='bbox 815 1614 947 1719; x_wconf 84' lang='lat' dir='ltr'>praelio</span> <span class='ocrx_word' id='word_1_81' title='bbox 971 1612 1145 1702; x_wconf 87' lang='lat' dir='ltr'>intentis,</span> <span class='ocrx_word' id='word_1_82' title='bbox 1167 1639 1304 1717; x_wconf 77' lang='lat' dir='ltr'>magna</span> <span class='ocrx_word' id='word_1_83' title='bbox 1326 1612 1521 1715; x_wconf 82' lang='lat' dir='ltr'>utrimque</span> <span class='ocrx_word' id='word_1_84' title='bbox 1535 1612 1574 1689; x_wconf 81' lang='lat' dir='ltr'>vi</span> <span class='ocrx_word' id='word_1_85' title='bbox 1599 1639 1677 1717; x_wconf 77' lang='lat' dir='ltr'>pra</span> <span class='ocrx_word' id='word_1_86' title='bbox 1690 1611 1809 1717; x_wconf 81' lang='lat' dir='ltr'>gloria</span> <span class='ocrx_word' id='word_1_87' title='bbox 1835 1625 1957 1712; x_wconf 87' lang='lat' dir='ltr'>atque</span> 
     </span>
     <span class='ocr_line' id='line_1_12' title="bbox 548 1734 1954 1842; baseline -0.004 -31"><span class='ocrx_word' id='word_1_88' title='bbox 548 1734 712 1838; x_wconf 82' lang='lat' dir='ltr'>imperio</span> <span class='ocrx_word' id='word_1_89' title='bbox 740 1736 823 1828; x_wconf 83' lang='lat' dir='ltr'>his,</span> <span class='ocrx_word' id='word_1_90' title='bbox 847 1737 924 1813; x_wconf 90' lang='lat' dir='ltr'>illis</span> <span class='ocrx_word' id='word_1_91' title='bbox 956 1764 1029 1842; x_wconf 90' lang='lat' dir='ltr'>pro</span> <span class='ocrx_word' id='word_1_92' title='bbox 1051 1736 1174 1811; x_wconf 88' lang='lat' dir='ltr'>salute</span> <span class='ocrx_word' id='word_1_93' title='bbox 1196 1736 1452 1826; x_wconf 81' lang='lat' dir='ltr'>certantibus,</span> <span class='ocrx_word' id='word_1_94' title='bbox 1473 1751 1628 1839; x_wconf 86' lang='lat' dir='ltr'>repente</span> <span class='ocrx_word' id='word_1_95' title='bbox 1655 1762 1677 1810; x_wconf 88' lang='lat' dir='ltr'>a</span> <span class='ocrx_word' id='word_1_96' title='bbox 1713 1751 1816 1837; x_wconf 83' lang='lat' dir='ltr'>tergo</span> <span class='ocrx_word' id='word_1_97' title='bbox 1844 1735 1954 1838; x_wconf 78' lang='lat' dir='ltr'>signa</span> 
     </span>
     <span class='ocr_line' id='line_1_13' title="bbox 550 1857 1958 1965; baseline -0.006 -28"><span class='ocrx_word' id='word_1_98' title='bbox 550 1884 687 1937; x_wconf 84' lang='lat' dir='ltr'>canere</span> <span class='ocrx_word' id='word_1_99' title='bbox 703 1893 719 1933; x_wconf 73' lang='lat' dir='ltr'>r</span> <span class='ocrx_word' id='word_1_100' title='bbox 740 1886 792 1935; x_wconf 82' lang='lat' dir='ltr'>ec·</span> <span class='ocrx_word' id='word_1_101' title='bbox 808 1860 933 1965; x_wconf 87' lang='lat' dir='ltr'>primo</span> <span class='ocrx_word' id='word_1_102' title='bbox 951 1861 1182 1936; x_wconf 55' lang='lat' dir='ltr'>mulieres‘et</span> <span class='ocrx_word' id='word_1_103' title='bbox 1195 1860 1316 1964; x_wconf 87' lang='lat' dir='ltr'>pueri,</span> <span class='ocrx_word' id='word_1_104' title='bbox 1330 1860 1398 1963; x_wconf 87' lang='lat' dir='ltr'>qui</span> <span class='ocrx_word' id='word_1_105' title='bbox 1416 1860 1539 1934; x_wconf 79' lang='lat' dir='ltr'>risum</span> <span class='ocrx_word' id='word_1_106' title='bbox 1553 1875 1829 1965; x_wconf 75' lang='lat' dir='ltr'>processerant,</span> <span class='ocrx_word' id='word_1_107' title='bbox 1848 1857 1958 1961; x_wconf 85' lang='lat' dir='ltr'>fuge·</span> 
     </span>
     <span class='ocr_line' id='line_1_14' title="bbox 550 1982 1956 2089; baseline -0.006 -29"><span class='ocrx_word' id='word_1_108' title='bbox 550 2008 615 2078; x_wconf 62' lang='lat' dir='ltr'>res</span> <span class='ocrx_word' id='word_1_109' title='bbox 636 1982 873 2080; x_wconf 66' lang='lat' dir='ltr'>deinde,&#39;uti=</span> <span class='ocrx_word' id='word_1_110' title='bbox 885 1984 1046 2089; x_wconf 89' lang='lat' dir='ltr'>quisque</span> <span class='ocrx_word' id='word_1_111' title='bbox 1064 2011 1176 2060; x_wconf 88' lang='lat' dir='ltr'>muro</span> <span class='ocrx_word' id='word_1_112' title='bbox 1190 2011 1397 2088; x_wconf 81' lang='lat' dir='ltr'>proxumus</span> <span class='ocrx_word' id='word_1_113' title='bbox 1413 2000 1724 2088; x_wconf 81' lang='lat' dir='ltr'>erat,·p0st1ems</span> <span class='ocrx_word' id='word_1_114' title='bbox 1741 1985 1876 2056; x_wconf 86' lang='lat' dir='ltr'>cuncti</span> <span class='ocrx_word' id='word_1_115' title='bbox 1896 2007 1956 2054; x_wconf 90' lang='lat' dir='ltr'>ar·</span> 
     </span>
     <span class='ocr_line' id='line_1_15' title="bbox 549 2105 1950 2211; baseline -0.005 -26"><span class='ocrx_word' id='word_1_116' title='bbox 549 2107 645 2185; x_wconf 84' lang='lat' dir='ltr'>mati</span> <span class='ocrx_word' id='word_1_117' title='bbox 671 2108 916 2211; x_wconf 86' lang='lat' dir='ltr'>inermesque.</span> <span class='ocrx_word' id='word_1_118' title='bbox 968 2108 1085 2205; x_wconf 88' lang='lat' dir='ltr'>Quod</span> <span class='ocrx_word' id='word_1_119' title='bbox 1112 2109 1180 2183; x_wconf 90' lang='lat' dir='ltr'>ubi</span> <span class='ocrx_word' id='word_1_120' title='bbox 1204 2108 1360 2198; x_wconf 88' lang='lat' dir='ltr'>accidit,</span> <span class='ocrx_word' id='word_1_121' title='bbox 1376 2135 1422 2183; x_wconf 89' lang='lat' dir='ltr'>eo</span> <span class='ocrx_word' id='word_1_122' title='bbox 1447 2109 1571 2183; x_wconf 89' lang='lat' dir='ltr'>acrius</span> <span class='ocrx_word' id='word_1_123' title='bbox 1597 2106 1759 2183; x_wconf 79' lang='lat' dir='ltr'>Romani</span> <span class='ocrx_word' id='word_1_124' title='bbox 1790 2105 1950 2191; x_wconf 81' lang='lat' dir='ltr'>instare,</span> 
     </span>
     <span class='ocr_line' id='line_1_16' title="bbox 549 2229 1951 2337; baseline -0.008 -27"><span class='ocrx_word' id='word_1_125' title='bbox 549 2230 712 2310; x_wconf 72' lang='lat' dir='ltr'>fundere</span> <span class='ocrx_word' id='word_1_126' title='bbox 729 2260 773 2307; x_wconf 87' lang='lat' dir='ltr'>ac</span> <span class='ocrx_word' id='word_1_127' title='bbox 788 2233 986 2337; x_wconf 85' lang='lat' dir='ltr'>plerosque</span> <span class='ocrx_word' id='word_1_128' title='bbox 1010 2232 1280 2307; x_wconf 87' lang='lat' dir='ltr'>tantummodo.</span> <span class='ocrx_word' id='word_1_129' title='bbox 1293 2232 1479 2306; x_wconf 86' lang='lat' dir='ltr'>sauciare:</span> <span class='ocrx_word' id='word_1_130' title='bbox 1504 2230 1594 2307; x_wconf 89' lang='lat' dir='ltr'>dein</span> <span class='ocrx_word' id='word_1_131' title='bbox 1611 2257 1724 2335; x_wconf 90' lang='lat' dir='ltr'>super</span> <span class='ocrx_word' id='word_1_132' title='bbox 1738 2229 1951 2305; x_wconf 87' lang='lat' dir='ltr'>occisorum</span> 
     </span>
     <span class='ocr_line' id='line_1_17' title="bbox 551 2351 1952 2465; baseline -0.004 -33"><span class='ocrx_word' id='word_1_133' title='bbox 551 2380 710 2461; x_wconf 80' lang='lat' dir='ltr'>corpora</span> <span class='ocrx_word' id='word_1_134' title='bbox 725 2356 877 2448; x_wconf 79' lang='lat' dir='ltr'>vadere,</span> <span class='ocrx_word' id='word_1_135' title='bbox 890 2356 989 2431; x_wconf 84' lang='lat' dir='ltr'>avidi</span> <span class='ocrx_word' id='word_1_136' title='bbox 1006 2356 1135 2465; x_wconf 80' lang='lat' dir='ltr'>gloriae</span> <span class='ocrx_word' id='word_1_137' title='bbox 1153 2372 1338 2431; x_wconf 85' lang='lat' dir='ltr'>certantes</span> <span class='ocrx_word' id='word_1_138' title='bbox 1350 2351 1506 2431; x_wconf 82' lang='lat' dir='ltr'>murum</span> <span class='ocrx_word' id='word_1_139' title='bbox 1515 2372 1663 2459; x_wconf 86' lang='lat' dir='ltr'>petere,</span> <span class='ocrx_word' id='word_1_140' title='bbox 1681 2382 1806 2457; x_wconf 88' lang='lat' dir='ltr'>neque</span> <span class='ocrx_word' id='word_1_141' title='bbox 1818 2379 1952 2459; x_wconf 90' lang='lat' dir='ltr'>quem·</span> 
     </span>
     <span class='ocr_line' id='line_1_18' title="bbox 549 2478 1950 2583; baseline -0.002 -30"><span class='ocrx_word' id='word_1_142' title='bbox 549 2505 668 2581; x_wconf 87' lang='lat' dir='ltr'>quam</span> <span class='ocrx_word' id='word_1_143' title='bbox 688 2480 863 2554; x_wconf 87' lang='lat' dir='ltr'>omnium</span> <span class='ocrx_word' id='word_1_144' title='bbox 879 2480 1007 2583; x_wconf 83' lang='lat' dir='ltr'>praeda</span> <span class='ocrx_word' id='word_1_145' title='bbox 1032 2480 1182 2556; x_wconf 88' lang='lat' dir='ltr'>morari.</span> <span class='ocrx_word' id='word_1_146' title='bbox 1232 2478 1293 2553; x_wconf 89' lang='lat' dir='ltr'>Sic</span> <span class='ocrx_word' id='word_1_147' title='bbox 1306 2478 1403 2553; x_wconf 85' lang='lat' dir='ltr'>forte</span> <span class='ocrx_word' id='word_1_148' title='bbox 1422 2496 1589 2557; x_wconf 88' lang='lat' dir='ltr'>correcta</span> <span class='ocrx_word' id='word_1_149' title='bbox 1607 2478 1720 2555; x_wconf 86' lang='lat' dir='ltr'>Marii</span> <span class='ocrx_word' id='word_1_150' title='bbox 1745 2478 1950 2561; x_wconf 85' lang='lat' dir='ltr'>temeritas,</span> 
     </span>
     <span class='ocr_line' id='line_1_19' title="bbox 504 2600 1949 2711; baseline -0.008 -28"><span class='ocrx_word' id='word_1_151' title='bbox 504 2618 544 2703; x_wconf 78' lang='lat'>95</span> <span class='ocrx_word' id='word_1_152' title='bbox 554 2600 717 2707; x_wconf 82' lang='lat' dir='ltr'>gloriam</span> <span class='ocrx_word' id='word_1_153' title='bbox 736 2630 781 2679; x_wconf 77' lang='lat' dir='ltr'>er</span> <span class='ocrx_word' id='word_1_154' title='bbox 810 2602 923 2711; x_wconf 81' lang='lat' dir='ltr'>culpa</span> <span class='ocrx_word' id='word_1_155' title='bbox 942 2604 1097 2680; x_wconf 85' lang='lat' dir='ltr'>invenit.</span> <span class='ocrx_word' id='word_1_156' title='bbox 1150 2605 1326 2679; x_wconf 87' lang='lat' dir='ltr'>Ceterum</span> <span class='ocrx_word' id='word_1_157' title='bbox 1349 2602 1444 2677; x_wconf 89' lang='lat' dir='ltr'>dum</span> <span class='ocrx_word' id='word_1_158' title='bbox 1462 2630 1505 2677; x_wconf 92' lang='lat' dir='ltr'>ea</span> <span class='ocrx_word' id='word_1_159' title='bbox 1523 2629 1580 2678; x_wconf 88' lang='lat' dir='ltr'>res</span> <span class='ocrx_word' id='word_1_160' title='bbox 1599 2603 1760 2708; x_wconf 83' lang='lat' dir='ltr'>geritur,</span> <span class='ocrx_word' id='word_1_161' title='bbox 1784 2605 1826 2679; x_wconf 87' lang='lat' dir='ltr'>L.</span> <span class='ocrx_word' id='word_1_162' title='bbox 1845 2600 1949 2678; x_wconf 89' lang='lat' dir='ltr'>Sulla</span> 
     </span>
     <span class='ocr_line' id='line_1_20' title="bbox 554 2723 1950 2831; baseline -0.003 -31"><span class='ocrx_word' id='word_1_163' title='bbox 554 2723 730 2824; x_wconf 86' lang='lat' dir='ltr'>Quaestor</span> <span class='ocrx_word' id='word_1_164' title='bbox 750 2753 839 2802; x_wconf 91' lang='lat' dir='ltr'>cum</span> <span class='ocrx_word' id='word_1_165' title='bbox 858 2730 996 2831; x_wconf 80' lang='lat' dir='ltr'>magno</span> <span class='ocrx_word' id='word_1_166' title='bbox 1017 2728 1192 2830; x_wconf 88' lang='lat' dir='ltr'>equitatu</span> <span class='ocrx_word' id='word_1_167' title='bbox 1213 2728 1254 2801; x_wconf 90' lang='lat' dir='ltr'>in</span> <span class='ocrx_word' id='word_1_168' title='bbox 1273 2727 1529 2803; x_wconf 76' lang='lat' dir='ltr'>castraverit:</span> <span class='ocrx_word' id='word_1_169' title='bbox 1543 2754 1637 2829; x_wconf 89' lang='lat' dir='ltr'>quos</span> <span class='ocrx_word' id='word_1_170' title='bbox 1657 2726 1724 2801; x_wconf 70' lang='lat' dir='ltr'>uti.</span> <span class='ocrx_word' id='word_1_171' title='bbox 1732 2754 1778 2801; x_wconf 85' lang='lat' dir='ltr'>ex</span> <span class='ocrx_word' id='word_1_172' title='bbox 1787 2728 1898 2801; x_wconf 83' lang='lat' dir='ltr'>Latio</span> <span class='ocrx_word' id='word_1_173' title='bbox 1914 2740 1950 2798; x_wconf 87' lang='lat' dir='ltr'>et</span> 
     </span>
     <span class='ocr_line' id='line_1_21' title="bbox 553 2847 1947 2955; baseline -0.005 -30"><span class='ocrx_word' id='word_1_174' title='bbox 553 2849 703 2926; x_wconf 85' lang='lat' dir='ltr'>assciis</span> <span class='ocrx_word' id='word_1_175' title='bbox 727 2866 896 2955; x_wconf 80' lang='lat' dir='ltr'>cogeret,</span> <span class='ocrx_word' id='word_1_176' title='bbox 920 2852 1049 2926; x_wconf 86' lang='lat' dir='ltr'>Romoe</span> <span class='ocrx_word' id='word_1_177' title='bbox 1071 2850 1223 2926; x_wconf 90' lang='lat' dir='ltr'>relictus</span> <span class='ocrx_word' id='word_1_178' title='bbox 1249 2866 1339 2927; x_wconf 87' lang='lat' dir='ltr'>erat.</span> <span class='ocrx_word' id='word_1_179' title='bbox 1374 2850 1658 2953; x_wconf 80' lang='lat' dir='ltr'>sedquoniam</span> <span class='ocrx_word' id='word_1_180' title='bbox 1678 2876 1748 2926; x_wconf 90' lang='lat' dir='ltr'>nos</span> <span class='ocrx_word' id='word_1_181' title='bbox 1761 2850 1862 2925; x_wconf 86' lang='lat' dir='ltr'>tanti</span> <span class='ocrx_word' id='word_1_182' title='bbox 1879 2847 1947 2926; x_wconf 83' lang='lat' dir='ltr'>viri</span> 
     </span>
    </p>
   </div>
   <div class='ocr_carea' id='block_1_3' title="bbox 457 3045 1947 3549">
    <p class='ocr_par' dir='ltr' id='par_1_3' title="bbox 457 3045 1947 3549">
     <span class='ocr_line' id='line_1_22' title="bbox 553 3045 1947 3131; baseline -0.004 -22"><span class='ocrx_word' id='word_1_183' title='bbox 553 3048 622 3110; x_wconf 80' lang='lat' dir='ltr'>tat.</span> <span class='ocrx_word' id='word_1_184' title='bbox 642 3048 700 3114; x_wconf 75' lang='lat' dir='ltr'>Pal.</span> <span class='ocrx_word' id='word_1_185' title='bbox 714 3072 739 3109; x_wconf 90' lang='grc' dir='ltr'>ι.</span> <span class='ocrx_word' id='word_1_186' title='bbox 753 3070 779 3109; x_wconf 75' lang='grc' dir='ltr'>ιι</span> <span class='ocrx_word' id='word_1_187' title='bbox 792 3050 860 3110; x_wconf 81' lang='lat' dir='ltr'>Seu.</span> <span class='ocrx_word' id='word_1_188' title='bbox 875 3070 899 3109; x_wconf 74' lang='grc' dir='ltr'>ι».</span> <span class='ocrx_word' id='word_1_189' title='bbox 919 3049 1016 3110; x_wconf 83' lang='lat' dir='ltr'>Gusll&#39;.</span> <span class='ocrx_word' id='word_1_190' title='bbox 1030 3072 1055 3109; x_wconf 66' lang='lat' dir='ltr'>r.</span> <span class='ocrx_word' id='word_1_191' title='bbox 1071 3048 1140 3112; x_wconf 78' lang='lat' dir='ltr'>Feb.</span> <span class='ocrx_word' id='word_1_192' title='bbox 1160 3071 1185 3109; x_wconf 90' lang='grc' dir='ltr'>ι.</span> <span class='ocrx_word' id='word_1_193' title='bbox 1196 3072 1238 3109; x_wconf 90' lang='lat' dir='ltr'>m.</span> <span class='ocrx_word' id='word_1_194' title='bbox 1249 3072 1296 3131; x_wconf 87' lang='lat' dir='ltr'>pr.</span> <span class='ocrx_word' id='word_1_195' title='bbox 1315 3052 1388 3111; x_wconf 54' lang='grc' dir='ltr'>Τίιιι.4</span> <span class='ocrx_word' id='word_1_196' title='bbox 1406 3072 1447 3109; x_wconf 90' lang='lat' dir='ltr'>m.</span> <span class='ocrx_word' id='word_1_197' title='bbox 1456 3070 1501 3129; x_wconf 90' lang='lat' dir='ltr'>pr.</span> <span class='ocrx_word' id='word_1_198' title='bbox 1515 3047 1638 3108; x_wconf 54' lang='lat' dir='ltr'>medrus</span> <span class='ocrx_word' id='word_1_199' title='bbox 1648 3049 1681 3108; x_wconf 78' lang='lat' dir='ltr'>b.</span> <span class='ocrx_word' id='word_1_200' title='bbox 1695 3048 1814 3109; x_wconf 88' lang='lat' dir='ltr'>Comm.</span> <span class='ocrx_word' id='word_1_201' title='bbox 1831 3045 1947 3110; x_wconf 76' lang='lat' dir='ltr'>testudi-</span> 
     </span>
     <span class='ocr_line' id='line_1_23' title="bbox 552 3149 1947 3236; baseline -0.005 -21"><span class='ocrx_word' id='word_1_202' title='bbox 552 3156 681 3233; x_wconf 80' lang='lat' dir='ltr'>nssncta</span> <span class='ocrx_word' id='word_1_203' title='bbox 695 3154 792 3214; x_wconf 79' lang='lat' dir='ltr'>Gusls.</span> <span class='ocrx_word' id='word_1_204' title='bbox 802 3154 831 3219; x_wconf 83' lang='lat'>3.</span> <span class='ocrx_word' id='word_1_205' title='bbox 851 3174 889 3213; x_wconf 84' lang='lat' dir='ltr'>ne</span> <span class='ocrx_word' id='word_1_206' title='bbox 898 3154 1009 3215; x_wconf 80' lang='lat' dir='ltr'>Mario.</span> <span class='ocrx_word' id='word_1_207' title='bbox 1031 3175 1068 3215; x_wconf 86' lang='lat' dir='ltr'>ae</span> <span class='ocrx_word' id='word_1_208' title='bbox 1085 3176 1150 3220; x_wconf 74' lang='lat' dir='ltr'>om.</span> <span class='ocrx_word' id='word_1_209' title='bbox 1165 3156 1353 3217; x_wconf 84' lang='lat' dir='ltr'>duo&#39;Wassii.</span> <span class='ocrx_word' id='word_1_210' title='bbox 1373 3157 1406 3216; x_wconf 83' lang='lat' dir='ltr'>in</span> <span class='ocrx_word' id='word_1_211' title='bbox 1415 3154 1518 3236; x_wconf 77' lang='lat' dir='ltr'>praehb</span> <span class='ocrx_word' id='word_1_212' title='bbox 1534 3152 1742 3215; x_wconf 63' lang='lat' dir='ltr'>insenserat.</span> <span class='ocrx_word' id='word_1_213' title='bbox 1764 3174 1790 3214; x_wconf 86' lang='lat' dir='ltr'>t.</span> <span class='ocrx_word' id='word_1_214' title='bbox 1811 3149 1947 3214; x_wconf 72' lang='lat' dir='ltr'>Pmmauis</span> 
     </span>
     <span class='ocr_line' id='line_1_24' title="bbox 551 3258 1944 3341; baseline -0.001 -20"><span class='ocrx_word' id='word_1_215' title='bbox 551 3260 684 3321; x_wconf 84' lang='lat' dir='ltr'>omnibus</span> <span class='ocrx_word' id='word_1_216' title='bbox 703 3263 743 3320; x_wconf 88' lang='lat' dir='ltr'>ita</span> <span class='ocrx_word' id='word_1_217' title='bbox 758 3260 879 3323; x_wconf 74' lang='lat' dir='ltr'>Harerc.</span> <span class='ocrx_word' id='word_1_218' title='bbox 900 3258 980 3323; x_wconf 78' lang='lat' dir='ltr'>leid.</span> <span class='ocrx_word' id='word_1_219' title='bbox 1001 3258 1307 3341; x_wconf 72' lang='lat' dir='ltr'>Bas.1.·progloris,</span> <span class='ocrx_word' id='word_1_220' title='bbox 1324 3282 1380 3341; x_wconf 83' lang='lat' dir='ltr'>pro</span> <span class='ocrx_word' id='word_1_221' title='bbox 1403 3259 1524 3340; x_wconf 77' lang='lat' dir='ltr'>imperio</span> <span class='ocrx_word' id='word_1_222' title='bbox 1540 3260 1603 3318; x_wconf 85' lang='lat' dir='ltr'>duo</span> <span class='ocrx_word' id='word_1_223' title='bbox 1620 3258 1733 3319; x_wconf 82' lang='lat' dir='ltr'>Wassii.</span> <span class='ocrx_word' id='word_1_224' title='bbox 1761 3279 1880 3319; x_wconf 81' lang='lat' dir='ltr'>murum</span> <span class='ocrx_word' id='word_1_225' title='bbox 1895 3275 1944 3336; x_wconf 77' lang='lat' dir='ltr'>po-</span> 
     </span>
     <span class='ocr_line' id='line_1_25' title="bbox 457 3360 1947 3447; baseline -0.004 -20"><span class='ocrx_word' id='word_1_226' title='bbox 457 3420 461 3427; x_wconf 92' lang='lat'>.</span> <span class='ocrx_word' id='word_1_227' title='bbox 550 3374 610 3425; x_wconf 74' lang='lat' dir='ltr'>tere</span> <span class='ocrx_word' id='word_1_228' title='bbox 629 3366 670 3425; x_wconf 81' lang='lat' dir='ltr'>ita</span> <span class='ocrx_word' id='word_1_229' title='bbox 684 3368 783 3446; x_wconf 78' lang='lat' dir='ltr'>vulgo.</span> <span class='ocrx_word' id='word_1_230' title='bbox 814 3382 947 3443; x_wconf 78' lang='lat' dir='ltr'>rumpere</span> <span class='ocrx_word' id='word_1_231' title='bbox 962 3361 1059 3421; x_wconf 83' lang='lat' dir='ltr'>Guell&#39;.</span> <span class='ocrx_word' id='word_1_232' title='bbox 1079 3384 1104 3421; x_wconf 94' lang='grc' dir='ltr'>ι.</span> <span class='ocrx_word' id='word_1_233' title='bbox 1126 3365 1368 3426; x_wconf 71' lang='lat' dir='ltr'>ascenderellon</span> <span class='ocrx_word' id='word_1_234' title='bbox 1389 3363 1479 3424; x_wconf 70' lang='lat' dir='ltr'>And.</span> <span class='ocrx_word' id='word_1_235' title='bbox 1501 3365 1603 3428; x_wconf 81' lang='lat' dir='ltr'>insert.</span> <span class='ocrx_word' id='word_1_236' title='bbox 1620 3384 1645 3423; x_wconf 85' lang='lat'>1.</span> <span class='ocrx_word' id='word_1_237' title='bbox 1672 3362 1757 3422; x_wconf 78' lang='lat' dir='ltr'>Rem.</span> <span class='ocrx_word' id='word_1_238' title='bbox 1784 3364 1866 3447; x_wconf 78' lang='lat' dir='ltr'>berg.</span> <span class='ocrx_word' id='word_1_239' title='bbox 1897 3360 1947 3421; x_wconf 77' lang='lat' dir='ltr'>vi-</span> 
     </span>
     <span class='ocr_line' id='line_1_26' title="bbox 551 3464 1942 3549; baseline -0.004 -20"><span class='ocrx_word' id='word_1_240' title='bbox 551 3488 615 3529; x_wconf 82' lang='lat' dir='ltr'>nar.</span> <span class='ocrx_word' id='word_1_241' title='bbox 627 3489 654 3527; x_wconf 84' lang='lat' dir='ltr'>a.</span> <span class='ocrx_word' id='word_1_242' title='bbox 674 3469 736 3528; x_wconf 81' lang='lat' dir='ltr'>Bas.</span> <span class='ocrx_word' id='word_1_243' title='bbox 746 3468 784 3538; x_wconf 74' lang='grc'>4.,</span> <span class='ocrx_word' id='word_1_244' title='bbox 795 3468 914 3527; x_wconf 74' lang='lat' dir='ltr'>Vtata.</span> <span class='ocrx_word' id='word_1_245' title='bbox 925 3468 953 3531; x_wconf 81' lang='lat'>3.</span> <span class='ocrx_word' id='word_1_246' title='bbox 975 3467 1072 3527; x_wconf 86' lang='lat' dir='ltr'>Guelf.</span> <span class='ocrx_word' id='word_1_247' title='bbox 1084 3468 1114 3533; x_wconf 88' lang='grc'>6.</span> <span class='ocrx_word' id='word_1_248' title='bbox 1126 3491 1154 3549; x_wconf 85' lang='lat'>7.</span> <span class='ocrx_word' id='word_1_249' title='bbox 1167 3491 1195 3549; x_wconf 85' lang='lat'>9.</span> <span class='ocrx_word' id='word_1_250' title='bbox 1208 3491 1254 3529; x_wconf 85' lang='lat' dir='ltr'>ro.</span> <span class='ocrx_word' id='word_1_251' title='bbox 1265 3490 1321 3530; x_wconf 82' lang='lat' dir='ltr'>ts..</span> <span class='ocrx_word' id='word_1_252' title='bbox 1330 3470 1412 3529; x_wconf 85' lang='lat' dir='ltr'>Leid.</span> <span class='ocrx_word' id='word_1_253' title='bbox 1421 3470 1523 3531; x_wconf 61' lang='lat' dir='ltr'>arde.</span> <span class='ocrx_word' id='word_1_254' title='bbox 1536 3470 1557 3529; x_wconf 81' lang='lat' dir='ltr'>l.</span> <span class='ocrx_word' id='word_1_255' title='bbox 1578 3478 1714 3548; x_wconf 65' lang='lat' dir='ltr'>commta</span> <span class='ocrx_word' id='word_1_256' title='bbox 1731 3468 1801 3530; x_wconf 82' lang='lat' dir='ltr'>vin.</span> <span class='ocrx_word' id='word_1_257' title='bbox 1816 3490 1843 3528; x_wconf 80' lang='lat' dir='ltr'>r.</span> <span class='ocrx_word' id='word_1_258' title='bbox 1863 3464 1942 3527; x_wconf 70' lang='lat' dir='ltr'>lad.</span> 
     </span>
    </p>
   </div>
   <div class='ocr_carea' id='block_1_4' title="bbox 551 3571 1941 3748">
    <p class='ocr_par' dir='ltr' id='par_1_4' title="bbox 551 3571 1941 3748">
     <span class='ocr_line' id='line_1_27' title="bbox 551 3571 1941 3656; baseline -0.004 -21"><span class='ocrx_word' id='word_1_259' title='bbox 551 3576 654 3635; x_wconf 74' lang='lat' dir='ltr'>Fraus.</span> <span class='ocrx_word' id='word_1_260' title='bbox 674 3573 733 3632; x_wconf 90' lang='lat' dir='ltr'>inc.</span> <span class='ocrx_word' id='word_1_261' title='bbox 751 3592 776 3632; x_wconf 83' lang='lat' dir='ltr'>r.</span> <span class='ocrx_word' id='word_1_262' title='bbox 796 3572 880 3635; x_wconf 82' lang='lat' dir='ltr'>Rem.</span> <span class='ocrx_word' id='word_1_263' title='bbox 898 3594 923 3637; x_wconf 88' lang='grc' dir='ltr'>ι.</span> <span class='ocrx_word' id='word_1_264' title='bbox 943 3572 1023 3638; x_wconf 74' lang='lat' dir='ltr'>Vrst.</span> <span class='ocrx_word' id='word_1_265' title='bbox 1040 3592 1067 3633; x_wconf 85' lang='lat' dir='ltr'>a.</span> <span class='ocrx_word' id='word_1_266' title='bbox 1079 3571 1108 3638; x_wconf 81' lang='lat'>3.</span> <span class='ocrx_word' id='word_1_267' title='bbox 1129 3572 1226 3633; x_wconf 85' lang='lat' dir='ltr'>Guels.</span> <span class='ocrx_word' id='word_1_268' title='bbox 1235 3574 1269 3645; x_wconf 75' lang='grc'>,4.</span> <span class='ocrx_word' id='word_1_269' title='bbox 1280 3575 1309 3635; x_wconf 86' lang='grc'>6.</span> <span class='ocrx_word' id='word_1_270' title='bbox 1323 3597 1352 3656; x_wconf 87' lang='lat'>7.</span> <span class='ocrx_word' id='word_1_271' title='bbox 1365 3596 1394 3655; x_wconf 78' lang='lat' dir='ltr'>q.</span> <span class='ocrx_word' id='word_1_272' title='bbox 1408 3595 1454 3635; x_wconf 76' lang='lat' dir='ltr'>tn.</span> <span class='ocrx_word' id='word_1_273' title='bbox 1474 3574 1592 3635; x_wconf 57' lang='lat' dir='ltr'>lisine.</span> <span class='ocrx_word' id='word_1_274' title='bbox 1613 3574 1868 3655; x_wconf 81' lang='lat' dir='ltr'>quinqusWsssii.</span> <span class='ocrx_word' id='word_1_275' title='bbox 1888 3572 1941 3630; x_wconf 75' lang='lat' dir='ltr'>tn.</span> 
     </span>
     <span class='ocr_line' id='line_1_28' title="bbox 555 3674 797 3748; baseline -0.029 -11"><span class='ocrx_word' id='word_1_276' title='bbox 555 3674 620 3748; x_wconf 65' lang='lat' dir='ltr'>lul.</span> <span class='ocrx_word' id='word_1_277' title='bbox 641 3674 766 3736; x_wconf 60' lang='lat' dir='ltr'>Berua.</span> <span class='ocrx_word' id='word_1_278' title='bbox 796 3724 797 3729; x_wconf 74' lang='grc'>,</span> 
     </span>
    </p>
   </div>
   <div class='ocr_carea' id='block_1_5' title="bbox 550 3802 1939 4200">
    <p class='ocr_par' dir='ltr' id='par_1_5' title="bbox 550 3802 1939 4200">
     <span class='ocr_line' id='line_1_29' title="bbox 595 3802 1938 3889; baseline -0.001 -23"><span class='ocrx_word' id='word_1_279' title='bbox 595 3868 599 3875; x_wconf 81' lang='grc'><em>,</em></span> <span class='ocrx_word' id='word_1_280' title='bbox 635 3802 709 3887; x_wconf 66' lang='lat' dir='ltr'>Gap.</span> <span class='ocrx_word' id='word_1_281' title='bbox 725 3806 775 3887; x_wconf 84' lang='lat'>9⁵·</span> <span class='ocrx_word' id='word_1_282' title='bbox 800 3802 873 3863; x_wconf 70' lang='lat' dir='ltr'>suta</span> <span class='ocrx_word' id='word_1_283' title='bbox 891 3803 953 3863; x_wconf 74' lang='lat' dir='ltr'>Bas.</span> <span class='ocrx_word' id='word_1_284' title='bbox 974 3826 1000 3869; x_wconf 89' lang='lat'>1.</span> <span class='ocrx_word' id='word_1_285' title='bbox 1021 3806 1061 3864; x_wconf 84' lang='lat' dir='ltr'>its</span> <span class='ocrx_word' id='word_1_286' title='bbox 1081 3804 1201 3887; x_wconf 86' lang='lat' dir='ltr'>ubique.</span> <span class='ocrx_word' id='word_1_287' title='bbox 1227 3809 1301 3867; x_wconf 83' lang='lat' dir='ltr'>dum</span> <span class='ocrx_word' id='word_1_288' title='bbox 1314 3806 1523 3887; x_wconf 73' lang='lat' dir='ltr'>enresngt&#39;lur</span> <span class='ocrx_word' id='word_1_289' title='bbox 1541 3808 1683 3889; x_wconf 82' lang='lat' dir='ltr'>paucist</span> <span class='ocrx_word' id='word_1_290' title='bbox 1698 3806 1853 3869; x_wconf 75' lang='lat' dir='ltr'>deteriores</span> <span class='ocrx_word' id='word_1_291' title='bbox 1866 3806 1938 3866; x_wconf 77' lang='lat' dir='ltr'>Cort</span> 
     </span>
     <span class='ocr_line' id='line_1_30' title="bbox 550 3908 1939 3995; baseline -0.001 -26"><span class='ocrx_word' id='word_1_292' title='bbox 550 3908 669 3971; x_wconf 69' lang='lat' dir='ltr'>teins.</span> <span class='ocrx_word' id='word_1_293' title='bbox 683 3909 753 3971; x_wconf 66' lang='grc' dir='ltr'>ὼε.</span> <span class='ocrx_word' id='word_1_294' title='bbox 768 3908 807 3969; x_wconf 84' lang='grc' dir='ltr'><strong>Ιι..</strong></span> <span class='ocrx_word' id='word_1_295' title='bbox 830 3919 955 3989; x_wconf 86' lang='lat' dir='ltr'>quatuor</span> <span class='ocrx_word' id='word_1_296' title='bbox 967 3910 1093 3991; x_wconf 82' lang='lat' dir='ltr'>Popmae.</span> <span class='ocrx_word' id='word_1_297' title='bbox 1125 3912 1185 3970; x_wconf 87' lang='lat' dir='ltr'>duo</span> <span class='ocrx_word' id='word_1_298' title='bbox 1202 3911 1315 3975; x_wconf 84' lang='lat' dir='ltr'>Wassii.</span> <span class='ocrx_word' id='word_1_299' title='bbox 1336 3911 1398 3972; x_wconf 85' lang='lat' dir='ltr'>Bas.</span> <span class='ocrx_word' id='word_1_300' title='bbox 1416 3912 1446 3983; x_wconf 69' lang='grc'>4,</span> <span class='ocrx_word' id='word_1_301' title='bbox 1474 3912 1635 3972; x_wconf 71' lang='lat' dir='ltr'>exereitum</span> <span class='ocrx_word' id='word_1_302' title='bbox 1649 3922 1766 3992; x_wconf 79' lang='lat' dir='ltr'>cogeret</span> <span class='ocrx_word' id='word_1_303' title='bbox 1783 3911 1939 3995; x_wconf 74' lang='lat' dir='ltr'>pensilis.</span> 
     </span>
     <span class='ocr_line' id='line_1_31' title="bbox 551 3999 1938 4096; baseline -0.001 -22"><span class='ocrx_word' id='word_1_304' title='bbox 551 4011 679 4074; x_wconf 77' lang='lat' dir='ltr'>stort.</span> <span class='ocrx_word' id='word_1_305' title='bbox 696 4011 782 4076; x_wconf 81' lang='lat' dir='ltr'>Beru.</span> <span class='ocrx_word' id='word_1_306' title='bbox 794 4034 820 4072; x_wconf 84' lang='lat' dir='ltr'>t.</span> <span class='ocrx_word' id='word_1_307' title='bbox 841 4012 1000 4073; x_wconf 73' lang='lat' dir='ltr'>mrcitum</span> <span class='ocrx_word' id='word_1_308' title='bbox 1021 4017 1154 4096; x_wconf 83' lang='lat' dir='ltr'>plerique</span> <span class='ocrx_word' id='word_1_309' title='bbox 1169 4035 1230 4076; x_wconf 88' lang='lat' dir='ltr'>om.</span> <span class='ocrx_word' id='word_1_310' title='bbox 1250 3999 1365 4075; x_wconf 62' lang='lat' dir='ltr'>amun</span> <span class='ocrx_word' id='word_1_311' title='bbox 1380 4036 1445 4096; x_wconf 81' lang='lat' dir='ltr'>rog.</span> <span class='ocrx_word' id='word_1_312' title='bbox 1472 4014 1556 4081; x_wconf 78' lang='lat' dir='ltr'>bern.</span> <span class='ocrx_word' id='word_1_313' title='bbox 1569 4016 1600 4076; x_wconf 76' lang='lat'>3.</span> <span class='ocrx_word' id='word_1_314' title='bbox 1625 4036 1690 4096; x_wconf 80' lang='lat' dir='ltr'>cog.</span> <span class='ocrx_word' id='word_1_315' title='bbox 1715 4019 1821 4079; x_wconf 82' lang='lat' dir='ltr'>milites</span> <span class='ocrx_word' id='word_1_316' title='bbox 1838 4020 1938 4096; x_wconf 82' lang='lat' dir='ltr'>aliquot</span> 
     </span>
     <span class='ocr_line' id='line_1_32' title="bbox 551 4113 1936 4200; baseline 0.001 -23"><span class='ocrx_word' id='word_1_317' title='bbox 551 4118 679 4178; x_wconf 86' lang='lat' dir='ltr'>iuniores</span> <span class='ocrx_word' id='word_1_318' title='bbox 695 4116 821 4182; x_wconf 82' lang='lat' dir='ltr'>exGort.</span> <span class='ocrx_word' id='word_1_319' title='bbox 836 4113 980 4179; x_wconf 82' lang='lat' dir='ltr'>exhibent.</span> <span class='ocrx_word' id='word_1_320' title='bbox 1000 4118 1072 4180; x_wconf 86' lang='lat' dir='ltr'>item</span> <span class='ocrx_word' id='word_1_321' title='bbox 1095 4120 1174 4185; x_wconf 84' lang='lat' dir='ltr'>leid.</span> <span class='ocrx_word' id='word_1_322' title='bbox 1186 4122 1207 4186; x_wconf 80' lang='lat' dir='ltr'>l.</span> <span class='ocrx_word' id='word_1_323' title='bbox 1219 4143 1246 4181; x_wconf 86' lang='lat' dir='ltr'>e.</span> <span class='ocrx_word' id='word_1_324' title='bbox 1265 4119 1365 4192; x_wconf 61' lang='grc' dir='ltr'>ΒΜ.</span> <span class='ocrx_word' id='word_1_325' title='bbox 1393 4122 1472 4200; x_wconf 82' lang='lat' dir='ltr'>quod</span> <span class='ocrx_word' id='word_1_326' title='bbox 1492 4120 1550 4179; x_wconf 77' lang='lat' dir='ltr'>uti·</span> <span class='ocrx_word' id='word_1_327' title='bbox 1562 4119 1624 4179; x_wconf 79' lang='lat' dir='ltr'>Bas.</span> <span class='ocrx_word' id='word_1_328' title='bbox 1639 4142 1663 4179; x_wconf 87' lang='grc' dir='ltr'>ι.</span> <span class='ocrx_word' id='word_1_329' title='bbox 1694 4120 1791 4180; x_wconf 71' lang='lat' dir='ltr'>Sonat.</span> <span class='ocrx_word' id='word_1_330' title='bbox 1809 4123 1903 4184; x_wconf 69' lang='lat' dir='ltr'>linat.</span> <span class='ocrx_word' id='word_1_331' title='bbox 1915 4137 1936 4175; x_wconf 80' lang='grc' dir='ltr'>ι.</span> 
     </span>
    </p>
   </div>
   <div class='ocr_carea' id='block_1_6' title="bbox 551 4210 1937 4309">
    <p class='ocr_par' dir='ltr' id='par_1_6' title="bbox 551 4210 1937 4309">
     <span class='ocr_line' id='line_1_33' title="bbox 551 4210 1937 4309; baseline -0.001 -19"><span class='ocrx_word' id='word_1_332' title='bbox 551 4210 652 4290; x_wconf 70' lang='lat' dir='ltr'>Heus.</span> <span class='ocrx_word' id='word_1_333' title='bbox 670 4222 806 4293; x_wconf 68' lang='lat' dir='ltr'>Guellr.</span> <span class='ocrx_word' id='word_1_334' title='bbox 818 4242 846 4285; x_wconf 82' lang='lat' dir='ltr'>a.</span> <span class='ocrx_word' id='word_1_335' title='bbox 867 4220 1016 4287; x_wconf 76' lang='lat' dir='ltr'>camonis</span> <span class='ocrx_word' id='word_1_336' title='bbox 1032 4223 1111 4287; x_wconf 87' lang='lat' dir='ltr'>libri.</span> <span class='ocrx_word' id='word_1_337' title='bbox 1132 4225 1218 4289; x_wconf 79' lang='lat' dir='ltr'>Pstis.</span> <span class='ocrx_word' id='word_1_338' title='bbox 1230 4246 1270 4292; x_wconf 86' lang='lat' dir='ltr'>a..</span> <span class='ocrx_word' id='word_1_339' title='bbox 1285 4246 1355 4309; x_wconf 73' lang='lat' dir='ltr'>quos</span> <span class='ocrx_word' id='word_1_340' title='bbox 1369 4226 1415 4289; x_wconf 82' lang='lat' dir='ltr'>uti</span> <span class='ocrx_word' id='word_1_341' title='bbox 1424 4224 1569 4289; x_wconf 62' lang='lat' dir='ltr'>&#39;Guslfib</span> <span class='ocrx_word' id='word_1_342' title='bbox 1589 4244 1674 4309; x_wconf 72' lang='lat' dir='ltr'>quem</span> <span class='ocrx_word' id='word_1_343' title='bbox 1689 4225 1734 4287; x_wconf 77' lang='lat' dir='ltr'>utt&#39;</span> <span class='ocrx_word' id='word_1_344' title='bbox 1744 4226 1876 4288; x_wconf 79' lang='lat' dir='ltr'>&#39;Paris.d.</span> <span class='ocrx_word' id='word_1_345' title='bbox 1893 4214 1937 4300; x_wconf 74' lang='lat' dir='ltr'>qul</span> 
     </span>
    </p>
   </div>
   <div class='ocr_carea' id='block_1_7' title="bbox 0 0 2030 5009">
    <p class='ocr_par' dir='ltr' id='par_1_7' title="bbox 0 0 2030 5009">
     <span class='ocr_line' id='line_1_34' title="bbox 0 0 2030 5009; baseline 0 2"><span class='ocrx_word' id='word_1_346' title='bbox 0 0 2030 5009; x_wconf 95' lang='lat' dir='ltr'> </span> 
     </span>
    </p>
   </div>
  </div>
 </body>
</html>
