4050 5009
656 657 1142 739 EPISTOLAL

321 833 396 907 Pro
417 858 506 909 vero
538 852 649 914 antea
682 838 900 932 obtinebat,
923 866 1039 948 regna
1066 856 1182 944 atque
1207 838 1366 945 imperia
1400 834 1622 917 fortunam

205 950 435 1047 denodare,
470 958 561 1035 item
579 961 673 1052 alia,
698 988 785 1067 quae
810 990 880 1069 per
903 966 1075 1042 mortalis
1107 964 1216 1041 avide
1244 963 1482 1069 cupiuntur:
1508 964 1600 1069 quia

203 1092 239 1151 et
263 1079 370 1184 apud
387 1080 564 1188 indignos
584 1110 681 1190 saepe
704 1102 833 1178 erant,
860 1090 968 1192 quasi
993 1108 1062 1193 per
1086 1088 1302 1165 lubidinem
1331 1088 1441 1165 dota:
1474 1114 1601 1191 neque

201 1202 383 1307 cuiquam
403 1206 627 1313 incorrupta
643 1230 940 1315 permanserant
983 1212 1056 1289 Sed
1077 1238 1133 1289 res
1148 1213 1281 1289 docuit
1298 1212 1339 1288 id
1357 1238 1491 1289 verum
1511 1238 1600 1303 esse,

200 1329 304 1429 quod
327 1332 370 1407 in
395 1334 629 1411 carminibus
644 1335 791 1440 Appius
807 1335 878 1427 ait,
902 1334 1058 1413 fabrum
1079 1363 1154 1413 esse
1169 1362 1246 1413 suae
1268 1364 1459 1440 quemque
1478 1335 1601 1412 fortu-

200 1478 278 1527 nae:
295 1471 412 1558 atque
423 1457 465 1535 in
480 1475 517 1534 te
532 1486 710 1536 maxume
719 1516 733 1551 ,-
742 1460 810 1562 qui
825 1476 978 1535 tantum
995 1462 1091 1536 alios
1106 1486 1326 1567 praegressus
1348 1487 1401 1553 es,
1423 1462 1481 1536 uti
1494 1461 1600 1565 prius

198 1574 328 1653 defessi
360 1581 439 1655 sint
457 1580 630 1659 hominos
657 1582 851 1659 laudando
882 1583 981 1659 iacta
1004 1601 1096 1677 tua,
1129 1613 1247 1688 quam
1273 1602 1317 1661 tu
1348 1584 1462 1662 laude
1484 1585 1599 1691 digua

197 1700 389 1779 faciundo.
429 1708 606 1783 Ceterum
625 1709 684 1781 uti
709 1707 910 1798 fabricata,
937 1708 991 1783 sic
1010 1710 1151 1784 virtute
1171 1726 1298 1813 parta,
1324 1738 1442 1815 quam
1462 1737 1600 1817 magna

198 1827 386 1905 industria
405 1827 540 1905 haberi
563 1830 669 1905 decet
676 1864 686 1923 3
711 1858 761 1905 ne
783 1829 932 1905 incuria
954 1831 1233 1925 deformentur,
1259 1852 1328 1908 aut
1342 1850 1527 1911 corruant
1542 1834 1601 1908 in-

198 1951 357 2028 firmata.
391 1955 510 2028 Nemo
530 1954 635 2031 enim
655 1952 765 2030 alteri
788 1953 993 2057 imperium
1011 1955 1140 2031 volens
1156 1958 1350 2033 concedit:
1374 1975 1413 2033 et
1430 1960 1600 2061 quamvis

195 2078 320 2153 bonus
339 2094 455 2181 atque
479 2078 641 2154 clemens
657 2079 722 2169 sit,
750 2078 819 2181 qui
840 2078 927 2181 plus
944 2096 1086 2183 potest3
1112 2096 1260 2172 tamen,
1287 2083 1378 2185 quia
1403 2083 1505 2158 malo
1526 2108 1601 2157 esse

194 2201 302 2291 lieet,
328 2200 565 2277 formidatur.
602 2201 649 2277 Id
680 2201 823 2293 evenit,
849 2202 940 2306 quia
968 2203 1142 2309 plerique
1169 2232 1299 2282 rerum
1323 2223 1494 2311 potentes
1515 2234 1599 2311 per·

193 2352 299 2401 vorse
325 2324 534 2401 consulunt
555 2340 595 2401 et
613 2351 658 2402 eo
678 2350 718 2401 se
730 2325 957 2403 munitiores
970 2342 1136 2431 putant,
1164 2356 1242 2433 quo
1264 2330 1341 2423 illi,·
1372 2332 1512 2435 quibus
1529 2333 1599 2406 im-

193 2451 380 2553 peritant,
404 2450 605 2551 nequiores
625 2448 740 2525 suere.
779 2455 829 2525 At
850 2468 982 2526 contra
1004 2452 1044 2526 id
1063 2453 1157 2528 eniti
1178 2454 1301 2545 decet,
1326 2456 1512 2559 cumipse
1531 2456 1599 2531 bo·

193 2600 267 2649 nus
281 2589 398 2677 atque
411 2588 589 2648 strenuus
606 2572 672 2667 sis,
687 2574 746 2647 uti
759 2602 876 2677 quam
889 2576 1055 2681 optumis
1070 2576 1269 2681 imperitos.
1295 2578 1392 2653 Nam
1404 2605 1599 2683 pessumus
1620 2614 1624 2619 ·

193 2698 358 2801 quisque
370 2720 587 2802 aspermme
598 2712 783 2772 rectorem
799 2698 953 2801 patitur.
979 2698 1052 2773 Sed
1070 2700 1138 2773 tibi
1152 2699 1226 2775 hoc
1243 2702 1392 2806 gravius
1402 2720 1463 2795 est,
1478 2730 1596 2806 quam
1616 2739 1620 2747 ¹

193 2839 285 2897 ante
298 2838 335 2896 te
351 2822 545 2911 omuibus,
558 2821 673 2897 armis
689 2839 800 2927 parta
816 2849 1061 2926 componere;
1073 2822 1178 2925 quod
1195 2826 1342 2901 bellum
1355 2826 1519 2901 aliorum
1529 2854 1597 2931 pa-

193 2975 238 3024 ce
262 2946 417 3023 mollius
438 2946 577 3050 gessisti
599 2978 607 3020 ε
643 2945 693 3021 ad
717 2944 792 3021 hoc
816 2945 973 3021 victores
994 2946 1164 3050 prmdam
1185 2964 1344 3052 petunt,
1377 2951 1468 3027 victi
1501 2952 1599 3028 cives

192 3086 294 3148 sunt
318 3073 424 3145 Inter
432 3069 501 3144 has
520 3069 759 3147 difficultates
772 3069 1012 3148 evadendum
1028 3086 1082 3146 ost
1103 3072 1192 3161 tibi,
1218 3088 1334 3176 atque
1347 3074 1388 3150 in
1402 3091 1597 3179 posterum

192 3194 383 3272 firmanda
410 3194 643 3297 respublica,
674 3220 754 3268 non
778 3193 898 3269 armis
916 3192 1048 3286 modo,
1084 3222 1209 3299 neque
1232 3195 1434 3273 advorsum
1458 3197 1594 3291 hostis,

190 3321 257 3397 sed
281 3316 388 3423 qnod
415 3317 540 3393 multo
568 3318 691 3393 maius
721 3318 924 3421 multoque
951 3319 1118 3422 asperius
1148 3336 1220 3411 est,
1246 3320 1356 3398 bonis
1376 3322 1478 3427 pacis
1504 3324 1596 3397 arti«

83 3489 84 3492 =
191 3447 271 3523 bus
309 3444 411 3547 Ergo
428 3441 568 3531 omnis,
591 3468 746 3546 magna,
763 3440 946 3516 mediocri
966 3441 1150 3545 sapientia
1173 3468 1231 3519 ros
1255 3442 1336 3521 hue
1354 3462 1484 3522 vocat:
1508 3472 1597 3549 quae

83 3579 84 3587 ’
190 3572 355 3674 quisque
377 3583 536 3670 optuma
565 3582 705 3669 potest,
738 3566 797 3640 uti
825 3565 966 3640 dicant
1003 3570 1058 3641 Ac
1080 3563 1177 3641 mihi
1196 3567 1249 3642 sic
1273 3568 1445 3645 videtur:
1472 3570 1596 3675 quali-
1691 3630 1695 3641 ,

190 3718 358 3797 cumque
381 3687 496 3765 modo
519 3706 563 3766 tu
585 3689 784 3766 victoriam
808 3688 1077 3794 composueris,
1104 3689 1157 3765 ita
1187 3690 1265 3804 alia
1292 3696 1421 3771 omnia
1453 3694 1594 3771 futura.

756 3897 825 3959 Eri
839 3918 908 3958 sro
921 3916 963 3957 nt
1002 3896 1029 3963 Ι.
1091 3963 1094 3969 ,

273 4004 350 4091 Cap.
370 4026 396 4066 1.
426 4004 552 4086 Populus
575 4002 727 4065 Romanus
740 4025 798 4086 pro
822 4024 893 4066 vcro
913 4002 1012 4063 Ursini
1029 4000 1118 4077 liber3
1138 3980 1208 4064 item
1229 3996 1313 4065 Febr.
1332 4000 1446 4065 etBn'c.
1466 3998 1517 4061 ted
1536 4022 1593 4083 pro

191 4092 309 4176 moiseo.
319 4112 447 4189 fabrum
462 4132 519 4173 csse
533 4132 592 4172 suu
611 4119 749 4193 pronom.
770 4132 833 4171 om.
846 4110 930 4172 Fabr.
954 4120 984 4169 et
1001 4104 1078 4174 Bric.
1095 4114 1279 4189 praegressus
1298 4125 1400 4167 omncs
1417 4102 1494 4165 libn'.
1512 4124 1594 4184 prcc-

193 4200 283 4301 tergr.
303 4218 378 4278 olim
395 4216 519 4277 editum
539 4217 618 4295 qood
632 4216 737 4276 &dum
755 4214 849 4281 vatic.
870 4216 950 4295 quod
964 4210 1052 4275 ceteri
1068 4234 1129 4273 orn.
1150 4219 1262 4295 magna
1279 4209 1434 4282 mediocris
1450 4208 1593 4291 sapienta

194 4327 232 4387 ita
251 4322 337 4385 Febr.
357 4330 387 4384 ct
404 4320 480 4389 bric.
510 4318 706 4402 mediocribus
723 4322 828 4407 vulgo.¹
843 4318 989 4384 mediocri
1000 4316 1159 4404 legandum
1172 4336 1285 4382 censeo.
1360 4358 1365 4367 .
