<?xml version="1.0" encoding="UTF-8"?>
<!DOCTYPE html PUBLIC "-//W3C//DTD XHTML 1.0 Transitional//EN"
    "http://www.w3.org/TR/xhtml1/DTD/xhtml1-transitional.dtd">
<html xmlns="http://www.w3.org/1999/xhtml" xml:lang="en" lang="en">
 <head>
  <title>
</title>
<meta http-equiv="Content-Type" content="text/html;charset=utf-8" />
  <meta name='ocr-system' content='tesseract 3.04.00' />
  <meta name='ocr-capabilities' content='ocr_page ocr_carea ocr_par ocr_line ocrx_word'/>
</head>
<body>
  <div class='ocr_page' id='page_1' title='image "./salustiiquaeexs00sallgoog_0665.png"; bbox 0 0 4050 5009; ppageno 0'>
   <div class='ocr_carea' id='block_1_1' title="bbox 1439 406 1507 485">
    <p class='ocr_par' dir='ltr' id='par_1_1' title="bbox 1439 406 1507 485">
     <span class='ocr_line' id='line_1_1' title="bbox 1439 406 1507 485; baseline 0.059 -3"><span class='ocrx_word' id='word_1_1' title='bbox 1439 406 1507 485; x_wconf 78' lang='lat'><strong>155</strong></span> 
     </span>
    </p>
   </div>
   <div class='ocr_carea' id='block_1_2' title="bbox 113 580 1508 3057">
    <p class='ocr_par' dir='ltr' id='par_1_2' title="bbox 113 580 1508 3057">
     <span class='ocr_line' id='line_1_2' title="bbox 124 580 1508 687; baseline 0.005 -30"><span class='ocrx_word' id='word_1_2' title='bbox 124 606 174 669; x_wconf 75' lang='lat' dir='ltr'><strong>m,</strong></span> <span class='ocrx_word' id='word_1_3' title='bbox 196 606 320 687; x_wconf 81' lang='lat' dir='ltr'><strong>cogere</strong></span> <span class='ocrx_word' id='word_1_4' title='bbox 344 584 575 659; x_wconf 77' lang='lat' dir='ltr'><strong>exercitum:</strong></span> <span class='ocrx_word' id='word_1_5' title='bbox 599 580 784 671; x_wconf 81' lang='lat' dir='ltr'><strong>civitates,</strong></span> <span class='ocrx_word' id='word_1_6' title='bbox 810 608 896 686; x_wconf 76' lang='lat' dir='ltr'><strong>quse</strong></span> <span class='ocrx_word' id='word_1_7' title='bbox 918 584 967 659; x_wconf 88' lang='lat' dir='ltr'><strong>ab</strong></span> <span class='ocrx_word' id='word_1_8' title='bbox 990 608 1030 661; x_wconf 84' lang='lat' dir='ltr'><strong>se</strong></span> <span class='ocrx_word' id='word_1_9' title='bbox 1047 580 1279 674; x_wconf 78' lang='lat' dir='ltr'><strong>deiecerant,</strong></span> <span class='ocrx_word' id='word_1_10' title='bbox 1301 580 1508 663; x_wconf 84' lang='lat' dir='ltr'><strong>formidine</strong></span> 
     </span>
     <span class='ocr_line' id='line_1_3' title="bbox 122 706 1506 811; baseline 0.007 -33"><span class='ocrx_word' id='word_1_11' title='bbox 122 722 180 779; x_wconf 88' lang='lat' dir='ltr'><strong>aut</strong></span> <span class='ocrx_word' id='word_1_12' title='bbox 199 707 419 783; x_wconf 85' lang='lat' dir='ltr'><strong>ostentando</strong></span> <span class='ocrx_word' id='word_1_13' title='bbox 444 706 600 811; x_wconf 84' lang='lat' dir='ltr'><strong>praemia</strong></span> <span class='ocrx_word' id='word_1_14' title='bbox 629 706 840 783; x_wconf 78' lang='lat' dir='ltr'><strong>adfectare:</strong></span> <span class='ocrx_word' id='word_1_15' title='bbox 866 708 1104 783; x_wconf 89' lang='lat' dir='ltr'><strong>communire</strong></span> <span class='ocrx_word' id='word_1_16' title='bbox 1127 732 1214 783; x_wconf 88' lang='lat' dir='ltr'><strong>suos</strong></span> <span class='ocrx_word' id='word_1_17' title='bbox 1236 708 1356 799; x_wconf 83' lang='lat' dir='ltr'><strong>locos,</strong></span> <span class='ocrx_word' id='word_1_18' title='bbox 1380 736 1506 803; x_wconf 81' lang='lat' dir='ltr'><strong>arma,</strong></span> 
     </span>
     <span class='ocr_line' id='line_1_4' title="bbox 122 822 1505 935; baseline 0.006 -32"><span class='ocrx_word' id='word_1_19' title='bbox 122 828 199 917; x_wconf 81' lang='lat' dir='ltr'><strong>tela,</strong></span> <span class='ocrx_word' id='word_1_20' title='bbox 223 830 392 933; x_wconf 84' lang='lat' dir='ltr'><strong>aliaque,</strong></span> <span class='ocrx_word' id='word_1_21' title='bbox 422 822 508 933; x_wconf 73' lang='lat' dir='ltr'><strong>quie</strong></span> <span class='ocrx_word' id='word_1_22' title='bbox 535 856 600 935; x_wconf 88' lang='lat' dir='ltr'><strong>spe</strong></span> <span class='ocrx_word' id='word_1_23' title='bbox 627 831 729 935; x_wconf 85' lang='lat' dir='ltr'>pacis</span> <span class='ocrx_word' id='word_1_24' title='bbox 749 831 943 925; x_wconf 87' lang='lat' dir='ltr'><strong>amiserat,</strong></span> <span class='ocrx_word' id='word_1_25' title='bbox 970 830 1122 907; x_wconf 80' lang='lat' dir='ltr'><strong>reficere</strong></span> <span class='ocrx_word' id='word_1_26' title='bbox 1146 848 1214 908; x_wconf 88' lang='lat' dir='ltr'><strong>aut</strong></span> <span class='ocrx_word' id='word_1_27' title='bbox 1240 837 1505 911; x_wconf 80' lang='lat' dir='ltr'><strong>commercari:</strong></span> 
     </span>
     <span class='ocr_line' id='line_1_5' title="bbox 120 954 1505 1063; baseline 0.005 -35"><span class='ocrx_word' id='word_1_28' title='bbox 120 954 250 1029; x_wconf 58' lang='lat' dir='ltr'><strong>servitia</strong></span> <span class='ocrx_word' id='word_1_29' title='bbox 264 957 524 1031; x_wconf 85' lang='lat' dir='ltr'><strong>Romanorum</strong></span> <span class='ocrx_word' id='word_1_30' title='bbox 552 954 716 1029; x_wconf 81' lang='lat' dir='ltr'><strong>adlicere</strong></span> <span class='ocrx_word' id='word_1_31' title='bbox 735 971 773 1030; x_wconf 90' lang='lat' dir='ltr'><strong>et</strong></span> <span class='ocrx_word' id='word_1_32' title='bbox 792 980 853 1031; x_wconf 89' lang='lat' dir='ltr'><strong>eos</strong></span> <span class='ocrx_word' id='word_1_33' title='bbox 873 955 986 1060; x_wconf 82' lang='lat' dir='ltr'><strong>ipsos,</strong></span> <span class='ocrx_word' id='word_1_34' title='bbox 1012 956 1081 1060; x_wconf 88' lang='lat' dir='ltr'><strong>qui</strong></span> <span class='ocrx_word' id='word_1_35' title='bbox 1106 955 1149 1033; x_wconf 88' lang='lat' dir='ltr'><strong>in</strong></span> <span class='ocrx_word' id='word_1_36' title='bbox 1169 956 1352 1063; x_wconf 81' lang='lat' dir='ltr'><strong>praesidiis</strong></span> <span class='ocrx_word' id='word_1_37' title='bbox 1376 976 1505 1052; x_wconf 84' lang='lat' dir='ltr'><strong>erant,</strong></span> 
     </span>
     <span class='ocr_line' id='line_1_6' title="bbox 120 1077 1505 1191; baseline 0.006 -38"><span class='ocrx_word' id='word_1_38' title='bbox 120 1080 264 1179; x_wconf 84' lang='lat' dir='ltr'><strong>pecunia</strong></span> <span class='ocrx_word' id='word_1_39' title='bbox 285 1094 491 1183; x_wconf 83' lang='lat' dir='ltr'><strong>temptare:</strong></span> <span class='ocrx_word' id='word_1_40' title='bbox 515 1104 668 1184; x_wconf 86' lang='lat' dir='ltr'><strong>prorsus</strong></span> <span class='ocrx_word' id='word_1_41' title='bbox 697 1077 798 1153; x_wconf 88' lang='lat' dir='ltr'><strong>nihil</strong></span> <span class='ocrx_word' id='word_1_42' title='bbox 826 1080 1016 1155; x_wconf 85' lang='lat' dir='ltr'><strong>intactum</strong></span> <span class='ocrx_word' id='word_1_43' title='bbox 1043 1107 1168 1185; x_wconf 85' lang='lat' dir='ltr'><strong>neque</strong></span> <span class='ocrx_word' id='word_1_44' title='bbox 1196 1082 1372 1185; x_wconf 86' lang='lat' dir='ltr'><strong>quietum</strong></span> <span class='ocrx_word' id='word_1_45' title='bbox 1396 1086 1505 1191; x_wconf 78' lang='lat' dir='ltr'><strong>pati:</strong></span> 
     </span>
     <span class='ocr_line' id='line_1_7' title="bbox 122 1204 1504 1315; baseline 0.008 -40"><span class='ocrx_word' id='word_1_46' title='bbox 122 1218 244 1279; x_wconf 85' lang='lat' dir='ltr'><strong>cuncta</strong></span> <span class='ocrx_word' id='word_1_47' title='bbox 263 1204 412 1307; x_wconf 79' lang='lat' dir='ltr'><strong>agitate.</strong></span> <span class='ocrx_word' id='word_1_48' title='bbox 450 1204 573 1307; x_wconf 82' lang='lat' dir='ltr'><strong>Igitur</strong></span> <span class='ocrx_word' id='word_1_49' title='bbox 595 1206 819 1296; x_wconf 86' lang='lat' dir='ltr'><strong>Vaccenses,</strong></span> <span class='ocrx_word' id='word_1_50' title='bbox 853 1230 930 1307; x_wconf 86' lang='lat' dir='ltr'><strong>quo</strong></span> <span class='ocrx_word' id='word_1_51' title='bbox 952 1204 1128 1280; x_wconf 86' lang='lat' dir='ltr'><strong>Metellus</strong></span> <span class='ocrx_word' id='word_1_52' title='bbox 1158 1206 1289 1298; x_wconf 87' lang='lat' dir='ltr'><strong>initio,</strong></span> <span class='ocrx_word' id='word_1_53' title='bbox 1319 1210 1504 1315; x_wconf 76' lang='lat' dir='ltr'><strong>Iugurtha</strong></span> 
     </span>
     <span class='ocr_line' id='line_1_8' title="bbox 120 1326 1504 1437; baseline 0.009 -38"><span class='ocrx_word' id='word_1_54' title='bbox 120 1326 345 1429; x_wconf 84' lang='lat' dir='ltr'><strong>pacificante,</strong></span> <span class='ocrx_word' id='word_1_55' title='bbox 369 1328 588 1433; x_wconf 82' lang='lat' dir='ltr'><strong>proesidium</strong></span> <span class='ocrx_word' id='word_1_56' title='bbox 609 1326 858 1431; x_wconf 77' lang='lat' dir='ltr'><strong>imposuerat,</strong></span> <span class='ocrx_word' id='word_1_57' title='bbox 881 1328 1029 1433; x_wconf 82' lang='lat' dir='ltr'><strong>fatigati</strong></span> <span class='ocrx_word' id='word_1_58' title='bbox 1052 1328 1148 1434; x_wconf 79' lang='lat' dir='ltr'><strong>regis</strong></span> <span class='ocrx_word' id='word_1_59' title='bbox 1163 1332 1360 1435; x_wconf 73' lang='lat' dir='ltr'><strong>suppliciis</strong></span> <span class='ocrx_word' id='word_1_60' title='bbox 1380 1360 1504 1437; x_wconf 82' lang='lat' dir='ltr'><strong>neque</strong></span> 
     </span>
     <span class='ocr_line' id='line_1_9' title="bbox 120 1450 1504 1555; baseline 0.006 -30"><span class='ocrx_word' id='word_1_61' title='bbox 120 1470 219 1527; x_wconf 86' lang='lat' dir='ltr'><strong>autea</strong></span> <span class='ocrx_word' id='word_1_62' title='bbox 248 1454 446 1529; x_wconf 85' lang='lat' dir='ltr'><strong>voluntate</strong></span> <span class='ocrx_word' id='word_1_63' title='bbox 476 1451 652 1542; x_wconf 87' lang='lat' dir='ltr'><strong>alienati,</strong></span> <span class='ocrx_word' id='word_1_64' title='bbox 678 1450 869 1555; x_wconf 72' lang='lat' dir='ltr'><strong>principos</strong></span> <span class='ocrx_word' id='word_1_65' title='bbox 902 1451 1063 1526; x_wconf 89' lang='lat' dir='ltr'><strong>civitatis</strong></span> <span class='ocrx_word' id='word_1_66' title='bbox 1092 1452 1193 1527; x_wconf 79' lang='lat' dir='ltr'><strong>inter</strong></span> <span class='ocrx_word' id='word_1_67' title='bbox 1216 1480 1256 1529; x_wconf 85' lang='lat' dir='ltr'><strong>se</strong></span> <span class='ocrx_word' id='word_1_68' title='bbox 1279 1458 1504 1534; x_wconf 87' lang='lat' dir='ltr'><strong>coniurant:</strong></span> 
     </span>
     <span class='ocr_line' id='line_1_10' title="bbox 119 1576 1505 1687; baseline 0.006 -36"><span class='ocrx_word' id='word_1_69' title='bbox 119 1605 199 1653; x_wconf 89' lang='lat' dir='ltr'><strong>nam</strong></span> <span class='ocrx_word' id='word_1_70' title='bbox 220 1578 365 1683; x_wconf 72' lang='lat' dir='ltr'><strong>volgus,</strong></span> <span class='ocrx_word' id='word_1_71' title='bbox 388 1578 446 1651; x_wconf 91' lang='lat' dir='ltr'><strong>uti</strong></span> <span class='ocrx_word' id='word_1_72' title='bbox 467 1576 693 1681; x_wconf 85' lang='lat' dir='ltr'><strong>plerumque</strong></span> <span class='ocrx_word' id='word_1_73' title='bbox 710 1576 825 1665; x_wconf 88' lang='lat' dir='ltr'><strong>solet,</strong></span> <span class='ocrx_word' id='word_1_74' title='bbox 849 1591 887 1650; x_wconf 89' lang='lat' dir='ltr'><strong>et</strong></span> <span class='ocrx_word' id='word_1_75' title='bbox 906 1604 1083 1652; x_wconf 84' lang='lat' dir='ltr'><strong>maxume</strong></span> <span class='ocrx_word' id='word_1_76' title='bbox 1104 1577 1382 1674; x_wconf 81' lang='lat' dir='ltr'><strong>Numidarum,</strong></span> <span class='ocrx_word' id='word_1_77' title='bbox 1401 1582 1505 1687; x_wconf 84' lang='lat' dir='ltr'><strong>inge-</strong></span> 
     </span>
     <span class='ocr_line' id='line_1_11' title="bbox 118 1698 1503 1804; baseline 0.005 -27"><span class='ocrx_word' id='word_1_78' title='bbox 118 1703 174 1779; x_wconf 89' lang='lat' dir='ltr'><strong>nio</strong></span> <span class='ocrx_word' id='word_1_79' title='bbox 187 1703 317 1778; x_wconf 88' lang='lat' dir='ltr'><strong>mobili</strong></span> <span class='ocrx_word' id='word_1_80' title='bbox 328 1700 566 1793; x_wconf 91' lang='lat' dir='ltr'><strong>,seditiosum</strong></span> <span class='ocrx_word' id='word_1_81' title='bbox 581 1714 696 1801; x_wconf 87' lang='lat' dir='ltr'><strong>atque</strong></span> <span class='ocrx_word' id='word_1_82' title='bbox 711 1698 985 1775; x_wconf 86' lang='lat' dir='ltr'><strong>discordiosum</strong></span> <span class='ocrx_word' id='word_1_83' title='bbox 1002 1716 1100 1791; x_wconf 89' lang='lat' dir='ltr'><strong>erat,</strong></span> <span class='ocrx_word' id='word_1_84' title='bbox 1117 1702 1304 1804; x_wconf 89' lang='lat' dir='ltr'><strong>cupidum</strong></span> <span class='ocrx_word' id='word_1_85' title='bbox 1315 1731 1503 1783; x_wconf 84' lang='lat' dir='ltr'><strong>novarum</strong></span> 
     </span>
     <span class='ocr_line' id='line_1_12' title="bbox 117 1822 1502 1931; baseline 0.007 -32"><span class='ocrx_word' id='word_1_86' title='bbox 117 1853 232 1903; x_wconf 89' lang='lat' dir='ltr'><strong>rerum</strong></span> <span class='ocrx_word' id='word_1_87' title='bbox 240 1886 258 1931; x_wconf 29' lang='grc' dir='ltr'><strong>,Ι</strong></span> <span class='ocrx_word' id='word_1_88' title='bbox 275 1826 395 1929; x_wconf 90' lang='lat' dir='ltr'><strong>quieti</strong></span> <span class='ocrx_word' id='word_1_89' title='bbox 417 1842 454 1901; x_wconf 89' lang='lat' dir='ltr'><strong>et</strong></span> <span class='ocrx_word' id='word_1_90' title='bbox 475 1824 552 1899; x_wconf 93' lang='lat' dir='ltr'><strong>otio</strong></span> <span class='ocrx_word' id='word_1_91' title='bbox 572 1824 773 1899; x_wconf 81' lang='lat' dir='ltr'><strong>advorsum</strong></span> <span class='ocrx_word' id='word_1_92' title='bbox 799 1856 807 1896; x_wconf 73' lang='grc' dir='ltr'><strong><em>ε</em></strong></span> <span class='ocrx_word' id='word_1_93' title='bbox 832 1822 946 1913; x_wconf 93' lang='lat' dir='ltr'><strong>dein,</strong></span> <span class='ocrx_word' id='word_1_94' title='bbox 967 1826 1183 1930; x_wconf 81' lang='lat' dir='ltr'><strong>compositis</strong></span> <span class='ocrx_word' id='word_1_95' title='bbox 1204 1826 1354 1906; x_wconf 79' lang='lat' dir='ltr'><strong>interae</strong></span> <span class='ocrx_word' id='word_1_96' title='bbox 1370 1834 1502 1924; x_wconf 88' lang='lat' dir='ltr'><strong>rebus,</strong></span> 
     </span>
     <span class='ocr_line' id='line_1_13' title="bbox 117 1945 1503 2058; baseline -0.007 -31"><span class='ocrx_word' id='word_1_97' title='bbox 117 1952 152 2026; x_wconf 89' lang='lat' dir='ltr'><strong>in</strong></span> <span class='ocrx_word' id='word_1_98' title='bbox 168 1952 266 2027; x_wconf 89' lang='lat' dir='ltr'><strong>diem</strong></span> <span class='ocrx_word' id='word_1_99' title='bbox 285 1951 441 2027; x_wconf 86' lang='lat' dir='ltr'><strong>tertium</strong></span> <span class='ocrx_word' id='word_1_100' title='bbox 458 1949 715 2041; x_wconf 87' lang='lat' dir='ltr'><strong>constituunt;</strong></span> <span class='ocrx_word' id='word_1_101' title='bbox 739 1947 844 2051; x_wconf 88' lang='lat' dir='ltr'><strong>quod</strong></span> <span class='ocrx_word' id='word_1_102' title='bbox 860 1946 890 2023; x_wconf 85' lang='lat' dir='ltr'><strong>is</strong></span> <span class='ocrx_word' id='word_1_103' title='bbox 906 1945 1021 2023; x_wconf 84' lang='lat' dir='ltr'><strong>festus</strong></span> <span class='ocrx_word' id='word_1_104' title='bbox 1042 1948 1327 2054; x_wconf 79' lang='lat' dir='ltr'><strong>celebratusque</strong></span> <span class='ocrx_word' id='word_1_105' title='bbox 1343 1981 1414 2058; x_wconf 83' lang='lat' dir='ltr'><strong>per</strong></span> <span class='ocrx_word' id='word_1_106' title='bbox 1424 1983 1503 2033; x_wconf 76' lang='lat' dir='ltr'><strong>om.</strong></span> 
     </span>
     <span class='ocr_line' id='line_1_14' title="bbox 115 2072 1504 2177; baseline 0.003 -26"><span class='ocrx_word' id='word_1_107' title='bbox 115 2102 193 2151; x_wconf 88' lang='lat' dir='ltr'><strong>nem</strong></span> <span class='ocrx_word' id='word_1_108' title='bbox 209 2076 376 2151; x_wconf 83' lang='lat' dir='ltr'><strong>Africam</strong></span> <span class='ocrx_word' id='word_1_109' title='bbox 395 2072 532 2149; x_wconf 89' lang='lat' dir='ltr'><strong>ludum</strong></span> <span class='ocrx_word' id='word_1_110' title='bbox 548 2089 586 2147; x_wconf 90' lang='lat' dir='ltr'><strong>et</strong></span> <span class='ocrx_word' id='word_1_111' title='bbox 604 2072 796 2147; x_wconf 86' lang='lat' dir='ltr'><strong>lasciviam</strong></span> <span class='ocrx_word' id='word_1_112' title='bbox 822 2072 939 2177; x_wconf 84' lang='lat' dir='ltr'><strong>magis</strong></span> <span class='ocrx_word' id='word_1_113' title='bbox 965 2098 1083 2175; x_wconf 86' lang='lat' dir='ltr'><strong>quam</strong></span> <span class='ocrx_word' id='word_1_114' title='bbox 1114 2073 1359 2151; x_wconf 85' lang='lat' dir='ltr'><strong>formidinem</strong></span> <span class='ocrx_word' id='word_1_115' title='bbox 1380 2097 1504 2155; x_wconf 80' lang='lat' dir='ltr'><strong>osten·</strong></span> 
     </span>
     <span class='ocr_line' id='line_1_15' title="bbox 116 2196 1504 2302; baseline 0.002 -27"><span class='ocrx_word' id='word_1_116' title='bbox 116 2202 215 2277; x_wconf 87' lang='lat' dir='ltr'><strong>tabat.</strong></span> <span class='ocrx_word' id='word_1_117' title='bbox 266 2198 339 2276; x_wconf 88' lang='lat' dir='ltr'><strong>Sed</strong></span> <span class='ocrx_word' id='word_1_118' title='bbox 362 2198 429 2274; x_wconf 92' lang='lat' dir='ltr'><strong>ubi</strong></span> <span class='ocrx_word' id='word_1_119' title='bbox 453 2214 600 2302; x_wconf 77' lang='lat' dir='ltr'><strong>tempus</strong></span> <span class='ocrx_word' id='word_1_120' title='bbox 621 2196 713 2286; x_wconf 85' lang='lat' dir='ltr'><strong>fuit,</strong></span> <span class='ocrx_word' id='word_1_121' title='bbox 733 2196 972 2273; x_wconf 76' lang='lat' dir='ltr'><strong>centuriones</strong></span> <span class='ocrx_word' id='word_1_122' title='bbox 997 2197 1248 2301; x_wconf 83' lang='lat' dir='ltr'><strong>tribunosque</strong></span> <span class='ocrx_word' id='word_1_123' title='bbox 1272 2201 1447 2279; x_wconf 88' lang='lat' dir='ltr'><strong>militaris</strong></span> <span class='ocrx_word' id='word_1_124' title='bbox 1465 2222 1504 2281; x_wconf 92' lang='lat' dir='ltr'><strong>et</strong></span> 
     </span>
     <span class='ocr_line' id='line_1_16' title="bbox 114 2319 1505 2431; baseline 0.004 -32"><span class='ocrx_word' id='word_1_125' title='bbox 114 2322 468 2431; x_wconf 79' lang='lat' dir='ltr'><strong>ipsum-praelectum</strong></span> <span class='ocrx_word' id='word_1_126' title='bbox 484 2320 625 2427; x_wconf 91' lang='lat' dir='ltr'><strong>oppidi,</strong></span> <span class='ocrx_word' id='word_1_127' title='bbox 646 2322 687 2395; x_wconf 88' lang='lat' dir='ltr'><strong>T.</strong></span> <span class='ocrx_word' id='word_1_128' title='bbox 708 2320 929 2424; x_wconf 86' lang='lat' dir='ltr'><strong>Turpilium</strong></span> <span class='ocrx_word' id='word_1_129' title='bbox 947 2319 1145 2411; x_wconf 88' lang='lat' dir='ltr'><strong>Silanum,</strong></span> <span class='ocrx_word' id='word_1_130' title='bbox 1171 2322 1269 2399; x_wconf 86' lang='lat' dir='ltr'><strong>alius</strong></span> <span class='ocrx_word' id='word_1_131' title='bbox 1296 2327 1418 2403; x_wconf 86' lang='lat' dir='ltr'><strong>alium</strong></span> <span class='ocrx_word' id='word_1_132' title='bbox 1435 2328 1505 2404; x_wconf 85' lang='lat' dir='ltr'><strong>do-</strong></span> 
     </span>
     <span class='ocr_line' id='line_1_17' title="bbox 115 2443 1504 2555; baseline 0.001 -28"><span class='ocrx_word' id='word_1_133' title='bbox 115 2479 185 2529; x_wconf 86' lang='lat' dir='ltr'><strong>mos</strong></span> <span class='ocrx_word' id='word_1_134' title='bbox 208 2476 294 2527; x_wconf 88' lang='lat' dir='ltr'><strong>suas</strong></span> <span class='ocrx_word' id='word_1_135' title='bbox 318 2448 512 2524; x_wconf 84' lang='lat' dir='ltr'><strong>invitant:</strong></span> <span class='ocrx_word' id='word_1_136' title='bbox 542 2472 605 2523; x_wconf 88' lang='lat' dir='ltr'><strong>eos</strong></span> <span class='ocrx_word' id='word_1_137' title='bbox 634 2443 778 2535; x_wconf 90' lang='lat' dir='ltr'><strong>omnis,</strong></span> <span class='ocrx_word' id='word_1_138' title='bbox 809 2460 947 2547; x_wconf 63' lang='lat' dir='ltr'><strong>praeter</strong></span> <span class='ocrx_word' id='word_1_139' title='bbox 976 2446 1215 2549; x_wconf 85' lang='lat' dir='ltr'><strong>Turpilium,</strong></span> <span class='ocrx_word' id='word_1_140' title='bbox 1240 2448 1342 2524; x_wconf 84' lang='lat' dir='ltr'><strong>inter</strong></span> <span class='ocrx_word' id='word_1_141' title='bbox 1372 2452 1504 2555; x_wconf 86' lang='lat' dir='ltr'><strong>epulas</strong></span> 
     </span>
     <span class='ocr_line' id='line_1_18' title="bbox 115 2568 1506 2677; baseline 0.001 -26"><span class='ocrx_word' id='word_1_142' title='bbox 115 2577 338 2655; x_wconf 90' lang='lat' dir='ltr'><strong>obtruncant</strong></span> <span class='ocrx_word' id='word_1_143' title='bbox 360 2605 368 2646; x_wconf 73' lang='grc' dir='ltr'><strong>ε</strong></span> <span class='ocrx_word' id='word_1_144' title='bbox 393 2586 521 2675; x_wconf 84' lang='lat' dir='ltr'><strong>postca</strong></span> <span class='ocrx_word' id='word_1_145' title='bbox 540 2570 678 2645; x_wconf 81' lang='lat' dir='ltr'><strong>milites</strong></span> <span class='ocrx_word' id='word_1_146' title='bbox 696 2568 881 2674; x_wconf 89' lang='lat' dir='ltr'><strong>palantis,</strong></span> <span class='ocrx_word' id='word_1_147' title='bbox 897 2568 1080 2661; x_wconf 87' lang='lat' dir='ltr'><strong>inermos,</strong></span> <span class='ocrx_word' id='word_1_148' title='bbox 1107 2571 1251 2677; x_wconf 87' lang='lat' dir='ltr'><strong>quippe</strong></span> <span class='ocrx_word' id='word_1_149' title='bbox 1274 2572 1317 2647; x_wconf 90' lang='lat' dir='ltr'><strong>in</strong></span> <span class='ocrx_word' id='word_1_150' title='bbox 1349 2575 1417 2650; x_wconf 89' lang='lat' dir='ltr'><strong>tali</strong></span> <span class='ocrx_word' id='word_1_151' title='bbox 1443 2576 1506 2654; x_wconf 89' lang='lat' dir='ltr'><strong>die</strong></span> 
     </span>
     <span class='ocr_line' id='line_1_19' title="bbox 113 2692 1506 2802; baseline 0.001 -27"><span class='ocrx_word' id='word_1_152' title='bbox 113 2728 151 2777; x_wconf 87' lang='lat' dir='ltr'><strong>ac</strong></span> <span class='ocrx_word' id='word_1_153' title='bbox 171 2700 250 2779; x_wconf 86' lang='lat' dir='ltr'><strong>sine</strong></span> <span class='ocrx_word' id='word_1_154' title='bbox 280 2698 468 2801; x_wconf 90' lang='lat' dir='ltr'><strong>imperio,</strong></span> <span class='ocrx_word' id='word_1_155' title='bbox 491 2694 776 2801; x_wconf 77' lang='lat' dir='ltr'><strong>adgrediuntur.</strong></span> <span class='ocrx_word' id='word_1_156' title='bbox 827 2692 933 2767; x_wconf 91' lang='lat' dir='ltr'><strong>Idem</strong></span> <span class='ocrx_word' id='word_1_157' title='bbox 969 2692 1097 2797; x_wconf 85' lang='lat' dir='ltr'><strong>plebes</strong></span> <span class='ocrx_word' id='word_1_158' title='bbox 1128 2693 1239 2788; x_wconf 87' lang='lat' dir='ltr'><strong>facit,</strong></span> <span class='ocrx_word' id='word_1_159' title='bbox 1263 2724 1351 2802; x_wconf 83' lang='lat' dir='ltr'><strong>pars</strong></span> <span class='ocrx_word' id='word_1_160' title='bbox 1381 2701 1506 2777; x_wconf 89' lang='lat' dir='ltr'><strong>edocti</strong></span> 
     </span>
     <span class='ocr_line' id='line_1_20' title="bbox 116 2816 1507 2922; baseline 0 -21"><span class='ocrx_word' id='word_1_161' title='bbox 116 2826 158 2901; x_wconf 84' lang='lat' dir='ltr'><strong>ab</strong></span> <span class='ocrx_word' id='word_1_162' title='bbox 182 2823 404 2909; x_wconf 87' lang='lat' dir='ltr'><strong>nobilitate,</strong></span> <span class='ocrx_word' id='word_1_163' title='bbox 424 2819 490 2895; x_wconf 85' lang='lat' dir='ltr'><strong>alii</strong></span> <span class='ocrx_word' id='word_1_164' title='bbox 511 2818 638 2894; x_wconf 87' lang='lat' dir='ltr'><strong>studio</strong></span> <span class='ocrx_word' id='word_1_165' title='bbox 656 2817 794 2893; x_wconf 84' lang='lat' dir='ltr'><strong>talium</strong></span> <span class='ocrx_word' id='word_1_166' title='bbox 815 2842 944 2891; x_wconf 88' lang='lat' dir='ltr'><strong>rerum</strong></span> <span class='ocrx_word' id='word_1_167' title='bbox 965 2816 1143 2893; x_wconf 86' lang='lat' dir='ltr'><strong>incitati:</strong></span> <span class='ocrx_word' id='word_1_168' title='bbox 1167 2819 1253 2922; x_wconf 81' lang='lat' dir='ltr'><strong>quis</strong></span> <span class='ocrx_word' id='word_1_169' title='bbox 1279 2839 1362 2898; x_wconf 87' lang='lat' dir='ltr'><strong>acta</strong></span> <span class='ocrx_word' id='word_1_170' title='bbox 1384 2826 1507 2902; x_wconf 87' lang='lat' dir='ltr'><strong>consi-</strong></span> 
     </span>
     <span class='ocr_line' id='line_1_21' title="bbox 115 2940 1507 3057; baseline 0.003 -35"><span class='ocrx_word' id='word_1_171' title='bbox 115 2947 278 3055; x_wconf 86' lang='lat' dir='ltr'><strong>liumque</strong></span> <span class='ocrx_word' id='word_1_172' title='bbox 309 2944 573 3052; x_wconf 84' lang='lat' dir='ltr'><strong>ignorantibus</strong></span> <span class='ocrx_word' id='word_1_173' title='bbox 595 2942 783 3020; x_wconf 88' lang='lat' dir='ltr'><strong>tumultus</strong></span> <span class='ocrx_word' id='word_1_174' title='bbox 804 2940 883 3044; x_wconf 87' lang='lat' dir='ltr'><strong>ipse</strong></span> <span class='ocrx_word' id='word_1_175' title='bbox 904 2956 942 3015; x_wconf 88' lang='lat' dir='ltr'><strong>ct</strong></span> <span class='ocrx_word' id='word_1_176' title='bbox 966 2966 1023 3017; x_wconf 87' lang='lat' dir='ltr'><strong>res</strong></span> <span class='ocrx_word' id='word_1_177' title='bbox 1045 2970 1154 3018; x_wconf 81' lang='lat' dir='ltr'><strong>novae</strong></span> <span class='ocrx_word' id='word_1_178' title='bbox 1181 2944 1270 3019; x_wconf 84' lang='lat' dir='ltr'><strong>satis</strong></span> <span class='ocrx_word' id='word_1_179' title='bbox 1292 2946 1507 3057; x_wconf 77' lang='lat' dir='ltr'><strong>placebant.</strong></span> 
     </span>
    </p>
   </div>
   <div class='ocr_carea' id='block_1_3' title="bbox 114 3140 1506 3637">
    <p class='ocr_par' dir='ltr' id='par_1_3' title="bbox 114 3140 1506 3637">
     <span class='ocr_line' id='line_1_22' title="bbox 115 3140 1506 3227; baseline -0.001 -20"><span class='ocrx_word' id='word_1_180' title='bbox 115 3151 148 3209; x_wconf 78' lang='lat' dir='ltr'><strong>ita</strong></span> <span class='ocrx_word' id='word_1_181' title='bbox 156 3150 262 3213; x_wconf 81' lang='lat' dir='ltr'><strong>Carrio.</strong></span> <span class='ocrx_word' id='word_1_182' title='bbox 284 3146 388 3209; x_wconf 81' lang='lat' dir='ltr'><strong>milites</strong></span> <span class='ocrx_word' id='word_1_183' title='bbox 400 3156 426 3204; x_wconf 87' lang='lat' dir='ltr'><strong>et</strong></span> <span class='ocrx_word' id='word_1_184' title='bbox 440 3152 535 3223; x_wconf 79' lang='lat' dir='ltr'><strong>negot.</strong></span> <span class='ocrx_word' id='word_1_185' title='bbox 557 3140 660 3203; x_wconf 79' lang='lat' dir='ltr'><strong>milites</strong></span> <span class='ocrx_word' id='word_1_186' title='bbox 673 3162 733 3202; x_wconf 87' lang='lat' dir='ltr'><strong>om.</strong></span> <span class='ocrx_word' id='word_1_187' title='bbox 745 3141 807 3206; x_wconf 77' lang='lat' dir='ltr'><strong>Bes.</strong></span> <span class='ocrx_word' id='word_1_188' title='bbox 823 3160 847 3204; x_wconf 91' lang='grc' dir='ltr'><strong>ι.</strong></span> <span class='ocrx_word' id='word_1_189' title='bbox 870 3160 973 3206; x_wconf 83' lang='lat' dir='ltr'><strong>m.scc.</strong></span> <span class='ocrx_word' id='word_1_190' title='bbox 994 3140 1079 3201; x_wconf 78' lang='lat' dir='ltr'><strong>llem.</strong></span> <span class='ocrx_word' id='word_1_191' title='bbox 1094 3162 1120 3207; x_wconf 92' lang='grc' dir='ltr'><strong>ι.</strong></span> <span class='ocrx_word' id='word_1_192' title='bbox 1141 3143 1200 3203; x_wconf 83' lang='grc' dir='ltr'><strong>ἰιιο.</strong></span> <span class='ocrx_word' id='word_1_193' title='bbox 1215 3164 1241 3204; x_wconf 79' lang='lat' dir='ltr'><strong>s.</strong></span> <span class='ocrx_word' id='word_1_194' title='bbox 1268 3144 1386 3204; x_wconf 88' lang='lat' dir='ltr'><strong>Comm.</strong></span> <span class='ocrx_word' id='word_1_195' title='bbox 1407 3145 1466 3206; x_wconf 80' lang='lat' dir='ltr'><strong>ru.</strong></span> <span class='ocrx_word' id='word_1_196' title='bbox 1477 3168 1506 3227; x_wconf 91' lang='lat'><strong>7.</strong></span> 
     </span>
     <span class='ocr_line' id='line_1_23' title="bbox 116 3247 1506 3336; baseline -0.004 -21"><span class='ocrx_word' id='word_1_197' title='bbox 116 3254 225 3315; x_wconf 80' lang='lat' dir='ltr'><strong>lcid.d.</strong></span> <span class='ocrx_word' id='word_1_198' title='bbox 243 3254 326 3336; x_wconf 78' lang='lat' dir='ltr'><strong>pacit</strong></span> <span class='ocrx_word' id='word_1_199' title='bbox 338 3272 385 3333; x_wconf 78' lang='lat' dir='ltr'><strong>spe</strong></span> <span class='ocrx_word' id='word_1_200' title='bbox 398 3260 450 3311; x_wconf 81' lang='lat' dir='ltr'><strong>eut</strong></span> <span class='ocrx_word' id='word_1_201' title='bbox 463 3269 511 3328; x_wconf 81' lang='lat' dir='ltr'><strong>spe</strong></span> <span class='ocrx_word' id='word_1_202' title='bbox 518 3247 600 3328; x_wconf 79' lang='lat' dir='ltr'><strong>pacis</strong></span> <span class='ocrx_word' id='word_1_203' title='bbox 620 3248 716 3307; x_wconf 83' lang='lat' dir='ltr'><strong>Guell.</strong></span> <span class='ocrx_word' id='word_1_204' title='bbox 730 3252 757 3310; x_wconf 81' lang='lat'><strong>3.</strong></span> <span class='ocrx_word' id='word_1_205' title='bbox 771 3248 799 3307; x_wconf 90' lang='grc'><strong>6.</strong></span> <span class='ocrx_word' id='word_1_206' title='bbox 813 3268 841 3327; x_wconf 86' lang='lat'><strong>7.</strong></span> <span class='ocrx_word' id='word_1_207' title='bbox 852 3268 880 3327; x_wconf 85' lang='lat'><strong>9.</strong></span> <span class='ocrx_word' id='word_1_208' title='bbox 896 3266 941 3306; x_wconf 88' lang='grc' dir='ltr'><strong>ιο.</strong></span> <span class='ocrx_word' id='word_1_209' title='bbox 958 3268 1002 3311; x_wconf 87' lang='grc' dir='ltr'><strong>ιι.</strong></span> <span class='ocrx_word' id='word_1_210' title='bbox 1017 3268 1063 3307; x_wconf 83' lang='grc' dir='ltr'><strong>ιι.</strong></span> <span class='ocrx_word' id='word_1_211' title='bbox 1090 3248 1157 3308; x_wconf 85' lang='lat' dir='ltr'><strong>Ecc.</strong></span> <span class='ocrx_word' id='word_1_212' title='bbox 1178 3248 1261 3314; x_wconf 84' lang='lat' dir='ltr'><strong>llem.</strong></span> <span class='ocrx_word' id='word_1_213' title='bbox 1278 3270 1303 3309; x_wconf 93' lang='grc' dir='ltr'><strong>ι.</strong></span> <span class='ocrx_word' id='word_1_214' title='bbox 1323 3251 1384 3310; x_wconf 91' lang='lat' dir='ltr'><strong>inc.</strong></span> <span class='ocrx_word' id='word_1_215' title='bbox 1404 3256 1506 3312; x_wconf 82' lang='lat' dir='ltr'><strong>Franc.</strong></span> 
     </span>
     <span class='ocr_line' id='line_1_24' title="bbox 117 3350 1505 3434; baseline -0.002 -17"><span class='ocrx_word' id='word_1_216' title='bbox 117 3358 159 3424; x_wconf 84' lang='lat' dir='ltr'><strong>lc.</strong></span> <span class='ocrx_word' id='word_1_217' title='bbox 183 3362 276 3423; x_wconf 81' lang='lat' dir='ltr'><strong>Struv.</strong></span> <span class='ocrx_word' id='word_1_218' title='bbox 296 3358 396 3419; x_wconf 79' lang='lat' dir='ltr'><strong>Vinar.</strong></span> <span class='ocrx_word' id='word_1_219' title='bbox 415 3376 442 3415; x_wconf 84' lang='grc' dir='ltr'><strong>ι.</strong></span> <span class='ocrx_word' id='word_1_220' title='bbox 463 3356 542 3415; x_wconf 83' lang='lat' dir='ltr'><strong>Vrat.</strong></span> <span class='ocrx_word' id='word_1_221' title='bbox 563 3353 645 3418; x_wconf 87' lang='lat' dir='ltr'><strong>Leid.</strong></span> <span class='ocrx_word' id='word_1_222' title='bbox 659 3374 684 3413; x_wconf 86' lang='lat' dir='ltr'><strong>e.</strong></span> <span class='ocrx_word' id='word_1_223' title='bbox 697 3350 728 3411; x_wconf 92' lang='lat' dir='ltr'><strong>b.</strong></span> <span class='ocrx_word' id='word_1_224' title='bbox 741 3352 769 3412; x_wconf 81' lang='lat' dir='ltr'><strong>k.</strong></span> <span class='ocrx_word' id='word_1_225' title='bbox 785 3356 804 3413; x_wconf 90' lang='lat' dir='ltr'><strong>l.</strong></span> <span class='ocrx_word' id='word_1_226' title='bbox 817 3374 847 3411; x_wconf 91' lang='grc' dir='ltr'><strong>ιι.</strong></span> <span class='ocrx_word' id='word_1_227' title='bbox 874 3354 933 3412; x_wconf 84' lang='lat' dir='ltr'><strong>Erl.</strong></span> <span class='ocrx_word' id='word_1_228' title='bbox 954 3352 1054 3423; x_wconf 67' lang='grc' dir='ltr'><strong>ΒΜ.</strong></span> <span class='ocrx_word' id='word_1_229' title='bbox 1075 3352 1160 3412; x_wconf 80' lang='lat' dir='ltr'><strong>Bcrn.</strong></span> <span class='ocrx_word' id='word_1_230' title='bbox 1173 3374 1198 3411; x_wconf 97' lang='grc' dir='ltr'><strong>ι.</strong></span> <span class='ocrx_word' id='word_1_231' title='bbox 1217 3353 1298 3434; x_wconf 83' lang='lat' dir='ltr'><strong>pacis</strong></span> <span class='ocrx_word' id='word_1_232' title='bbox 1313 3374 1374 3433; x_wconf 74' lang='lat' dir='ltr'><strong>sper</strong></span> <span class='ocrx_word' id='word_1_233' title='bbox 1392 3352 1473 3414; x_wconf 82' lang='lat' dir='ltr'><strong>Laid.</strong></span> <span class='ocrx_word' id='word_1_234' title='bbox 1484 3356 1505 3414; x_wconf 89' lang='lat' dir='ltr'><strong>i.</strong></span> 
     </span>
     <span class='ocr_line' id='line_1_25' title="bbox 114 3455 1504 3539; baseline -0.002 -18"><span class='ocrx_word' id='word_1_235' title='bbox 114 3462 200 3526; x_wconf 83' lang='lat' dir='ltr'><strong>Turic.</strong></span> <span class='ocrx_word' id='word_1_236' title='bbox 219 3466 302 3525; x_wconf 87' lang='lat' dir='ltr'><strong>Bern.</strong></span> <span class='ocrx_word' id='word_1_237' title='bbox 315 3463 343 3523; x_wconf 86' lang='lat'><strong>3.</strong></span> <span class='ocrx_word' id='word_1_238' title='bbox 364 3460 531 3521; x_wconf 76' lang='lat' dir='ltr'><strong>blamiliom</strong></span> <span class='ocrx_word' id='word_1_239' title='bbox 548 3460 689 3518; x_wconf 81' lang='lat' dir='ltr'><strong>meliores.</strong></span> <span class='ocrx_word' id='word_1_240' title='bbox 722 3458 772 3517; x_wconf 82' lang='lat' dir='ltr'><strong>elii</strong></span> <span class='ocrx_word' id='word_1_241' title='bbox 796 3456 924 3517; x_wconf 83' lang='lat' dir='ltr'><strong>Mamill.</strong></span> <span class='ocrx_word' id='word_1_242' title='bbox 949 3458 995 3518; x_wconf 78' lang='lat' dir='ltr'><strong>rel</strong></span> <span class='ocrx_word' id='word_1_243' title='bbox 1017 3455 1122 3521; x_wconf 79' lang='lat' dir='ltr'><strong>Martii.</strong></span> <span class='ocrx_word' id='word_1_244' title='bbox 1142 3458 1276 3537; x_wconf 79' lang='lat' dir='ltr'><strong>perculsa</strong></span> <span class='ocrx_word' id='word_1_245' title='bbox 1288 3478 1342 3538; x_wconf 86' lang='lat' dir='ltr'><strong>per</strong></span> <span class='ocrx_word' id='word_1_246' title='bbox 1359 3459 1413 3539; x_wconf 82' lang='lat' dir='ltr'><strong>leg.</strong></span> <span class='ocrx_word' id='word_1_247' title='bbox 1444 3460 1504 3521; x_wconf 79' lang='lat' dir='ltr'><strong>tu.</strong></span> 
     </span>
     <span class='ocr_line' id='line_1_26' title="bbox 116 3560 1198 3637; baseline -0.007 -8"><span class='ocrx_word' id='word_1_248' title='bbox 116 3570 185 3633; x_wconf 85' lang='lat' dir='ltr'><strong>Leid.</strong></span> <span class='ocrx_word' id='word_1_249' title='bbox 198 3570 269 3630; x_wconf 90' lang='lat' dir='ltr'><strong>h.n.</strong></span> <span class='ocrx_word' id='word_1_250' title='bbox 290 3570 387 3629; x_wconf 85' lang='lat' dir='ltr'><strong>Guell.</strong></span> <span class='ocrx_word' id='word_1_251' title='bbox 407 3588 451 3630; x_wconf 89' lang='grc' dir='ltr'><strong>ιο.</strong></span> <span class='ocrx_word' id='word_1_252' title='bbox 480 3566 538 3625; x_wconf 90' lang='lat' dir='ltr'><strong>inc.</strong></span> <span class='ocrx_word' id='word_1_253' title='bbox 551 3584 577 3623; x_wconf 80' lang='grc' dir='ltr'><strong>ι.</strong></span> <span class='ocrx_word' id='word_1_254' title='bbox 598 3562 682 3621; x_wconf 84' lang='lat' dir='ltr'><strong>Rem.</strong></span> <span class='ocrx_word' id='word_1_255' title='bbox 700 3582 725 3619; x_wconf 96' lang='grc' dir='ltr'><strong>ι.</strong></span> <span class='ocrx_word' id='word_1_256' title='bbox 745 3580 880 3637; x_wconf 72' lang='lat' dir='ltr'><strong>peruersa</strong></span> <span class='ocrx_word' id='word_1_257' title='bbox 899 3564 1017 3623; x_wconf 79' lang='lat' dir='ltr'><strong>vrat.t.</strong></span> <span class='ocrx_word' id='word_1_258' title='bbox 1039 3560 1136 3620; x_wconf 84' lang='lat' dir='ltr'><strong>Guell&#39;.</strong></span> <span class='ocrx_word' id='word_1_259' title='bbox 1153 3584 1198 3621; x_wconf 88' lang='grc' dir='ltr'><strong>ιι.</strong></span> 
     </span>
    </p>
   </div>
   <div class='ocr_carea' id='block_1_4' title="bbox 118 3688 1506 4403">
    <p class='ocr_par' dir='ltr' id='par_1_4' title="bbox 118 3688 1506 4403">
     <span class='ocr_line' id='line_1_27' title="bbox 189 3688 1504 3781; baseline -0.021 -18"><span class='ocrx_word' id='word_1_260' title='bbox 189 3700 259 3781; x_wconf 83' lang='lat' dir='ltr'><strong>Cap.</strong></span> <span class='ocrx_word' id='word_1_261' title='bbox 275 3700 323 3761; x_wconf 87' lang='lat'><strong>66.</strong></span> <span class='ocrx_word' id='word_1_262' title='bbox 354 3696 459 3777; x_wconf 79' lang='lat' dir='ltr'><strong>inrepit</strong></span> <span class='ocrx_word' id='word_1_263' title='bbox 480 3696 536 3754; x_wconf 90' lang='lat' dir='ltr'><strong>inc.</strong></span> <span class='ocrx_word' id='word_1_264' title='bbox 557 3692 607 3751; x_wconf 84' lang='lat' dir='ltr'><strong>lle.</strong></span> <span class='ocrx_word' id='word_1_265' title='bbox 629 3692 723 3749; x_wconf 81' lang='lat' dir='ltr'><strong>stmv.</strong></span> <span class='ocrx_word' id='word_1_266' title='bbox 745 3688 828 3752; x_wconf 86' lang='lat' dir='ltr'><strong>Rem.</strong></span> <span class='ocrx_word' id='word_1_267' title='bbox 844 3708 868 3745; x_wconf 91' lang='grc' dir='ltr'><strong>ι.</strong></span> <span class='ocrx_word' id='word_1_268' title='bbox 896 3688 964 3747; x_wconf 82' lang='lat' dir='ltr'><strong>vin.</strong></span> <span class='ocrx_word' id='word_1_269' title='bbox 979 3710 1005 3749; x_wconf 80' lang='lat' dir='ltr'><strong>a.</strong></span> <span class='ocrx_word' id='word_1_270' title='bbox 1026 3690 1095 3749; x_wconf 83' lang='lat' dir='ltr'><strong>Tur.</strong></span> <span class='ocrx_word' id='word_1_271' title='bbox 1124 3690 1343 3774; x_wconf 74' lang='lat' dir='ltr'><strong>Guell.6.7.9‚</strong></span> <span class='ocrx_word' id='word_1_272' title='bbox 1357 3715 1402 3754; x_wconf 71' lang='grc' dir='ltr'><strong>ιο,</strong></span> <span class='ocrx_word' id='word_1_273' title='bbox 1424 3692 1504 3755; x_wconf 56' lang='lat' dir='ltr'><strong>hid,</strong></span> 
     </span>
     <span class='ocr_line' id='line_1_28' title="bbox 118 3792 1506 3879; baseline -0.004 -17"><span class='ocrx_word' id='word_1_274' title='bbox 118 3826 140 3868; x_wconf 86' lang='grc' dir='ltr'><strong>ι.</strong></span> <span class='ocrx_word' id='word_1_275' title='bbox 153 3828 176 3865; x_wconf 86' lang='lat' dir='ltr'><strong>c.</strong></span> <span class='ocrx_word' id='word_1_276' title='bbox 189 3808 207 3865; x_wconf 81' lang='lat' dir='ltr'><strong>l.</strong></span> <span class='ocrx_word' id='word_1_277' title='bbox 221 3808 248 3865; x_wconf 81' lang='lat' dir='ltr'><strong>k.</strong></span> <span class='ocrx_word' id='word_1_278' title='bbox 263 3828 303 3864; x_wconf 91' lang='grc' dir='ltr'><strong>ιιι.</strong></span> <span class='ocrx_word' id='word_1_279' title='bbox 322 3825 353 3868; x_wconf 87' lang='grc' dir='ltr'><strong>ιι.</strong></span> <span class='ocrx_word' id='word_1_280' title='bbox 383 3803 497 3879; x_wconf 73' lang='lat' dir='ltr'><strong>aliaque</strong></span> <span class='ocrx_word' id='word_1_281' title='bbox 514 3796 614 3858; x_wconf 83' lang='lat' dir='ltr'><strong>omnic</strong></span> <span class='ocrx_word' id='word_1_282' title='bbox 634 3796 714 3854; x_wconf 84' lang='lat' dir='ltr'><strong>Leid.</strong></span> <span class='ocrx_word' id='word_1_283' title='bbox 726 3794 755 3859; x_wconf 86' lang='lat' dir='ltr'><strong>b.</strong></span> <span class='ocrx_word' id='word_1_284' title='bbox 776 3792 837 3853; x_wconf 86' lang='lat' dir='ltr'><strong>alia</strong></span> <span class='ocrx_word' id='word_1_285' title='bbox 854 3794 954 3853; x_wconf 83' lang='lat' dir='ltr'><strong>omnio</strong></span> <span class='ocrx_word' id='word_1_286' title='bbox 981 3794 1062 3854; x_wconf 84' lang='lat' dir='ltr'><strong>Leid.</strong></span> <span class='ocrx_word' id='word_1_287' title='bbox 1075 3816 1106 3854; x_wconf 91' lang='lat' dir='ltr'><strong>n.</strong></span> <span class='ocrx_word' id='word_1_288' title='bbox 1127 3810 1213 3875; x_wconf 74' lang='lat' dir='ltr'><strong>utque</strong></span> <span class='ocrx_word' id='word_1_289' title='bbox 1226 3799 1304 3871; x_wconf 76' lang='lat' dir='ltr'><strong>olio,</strong></span> <span class='ocrx_word' id='word_1_290' title='bbox 1319 3819 1383 3878; x_wconf 79' lang='lat' dir='ltr'><strong>qutt</strong></span> <span class='ocrx_word' id='word_1_291' title='bbox 1403 3802 1461 3859; x_wconf 91' lang='lat' dir='ltr'><strong>inc.</strong></span> <span class='ocrx_word' id='word_1_292' title='bbox 1478 3822 1506 3862; x_wconf 81' lang='grc' dir='ltr'><strong>ιι.</strong></span> 
     </span>
     <span class='ocr_line' id='line_1_29' title="bbox 118 3898 1504 3989; baseline -0.011 -19"><span class='ocrx_word' id='word_1_293' title='bbox 118 3911 171 3970; x_wconf 83' lang='lat' dir='ltr'><strong>alio</strong></span> <span class='ocrx_word' id='word_1_294' title='bbox 186 3933 245 3989; x_wconf 74' lang='lat' dir='ltr'><strong>quc</strong></span> <span class='ocrx_word' id='word_1_295' title='bbox 264 3912 332 3971; x_wconf 84' lang='lat' dir='ltr'><strong>Ecc.</strong></span> <span class='ocrx_word' id='word_1_296' title='bbox 353 3908 448 3970; x_wconf 84' lang='lat' dir='ltr'><strong>Guell.</strong></span> <span class='ocrx_word' id='word_1_297' title='bbox 461 3905 490 3965; x_wconf 74' lang='grc' dir='ltr'><strong>ὅ.</strong></span> <span class='ocrx_word' id='word_1_298' title='bbox 510 3904 579 3962; x_wconf 86' lang='grc' dir='ltr'><strong>Τιιι.</strong></span> <span class='ocrx_word' id='word_1_299' title='bbox 600 3902 720 3963; x_wconf 75' lang='lat' dir='ltr'><strong>Bcrn.3.</strong></span> <span class='ocrx_word' id='word_1_300' title='bbox 746 3898 889 3977; x_wconf 74' lang='lat' dir='ltr'><strong>Vagenses</strong></span> <span class='ocrx_word' id='word_1_301' title='bbox 908 3898 1007 3959; x_wconf 80' lang='lat' dir='ltr'><strong>Norat.</strong></span> <span class='ocrx_word' id='word_1_302' title='bbox 1039 3898 1182 3962; x_wconf 62' lang='lat' dir='ltr'><strong>sacenses</strong></span> <span class='ocrx_word' id='word_1_303' title='bbox 1202 3904 1347 3963; x_wconf 85' lang='lat' dir='ltr'><strong>Commel.</strong></span> <span class='ocrx_word' id='word_1_304' title='bbox 1369 3904 1504 3965; x_wconf 50' lang='lat' dir='ltr'><strong>Guelfif„</strong></span> 
     </span>
     <span class='ocr_line' id='line_1_30' title="bbox 125 4004 1506 4097; baseline -0.02 -16"><span class='ocrx_word' id='word_1_305' title='bbox 125 4036 153 4075; x_wconf 78' lang='grc' dir='ltr'><strong>ιο</strong></span> <span class='ocrx_word' id='word_1_306' title='bbox 180 4018 279 4097; x_wconf 76' lang='lat' dir='ltr'><strong>volgm</strong></span> <span class='ocrx_word' id='word_1_307' title='bbox 299 4015 361 4075; x_wconf 81' lang='lat' dir='ltr'><strong>llas.</strong></span> <span class='ocrx_word' id='word_1_308' title='bbox 378 4034 402 4071; x_wconf 88' lang='lat'><strong>1.</strong></span> <span class='ocrx_word' id='word_1_309' title='bbox 422 4013 518 4069; x_wconf 76' lang='lat' dir='ltr'><strong>Senot.</strong></span> <span class='ocrx_word' id='word_1_310' title='bbox 539 4008 627 4070; x_wconf 82' lang='lat' dir='ltr'><strong>dead.</strong></span> <span class='ocrx_word' id='word_1_311' title='bbox 650 4006 748 4064; x_wconf 88' lang='lat' dir='ltr'><strong>lleuss.</strong></span> <span class='ocrx_word' id='word_1_312' title='bbox 767 4005 847 4063; x_wconf 80' lang='lat' dir='ltr'><strong>Vtut.</strong></span> <span class='ocrx_word' id='word_1_313' title='bbox 861 4026 888 4063; x_wconf 82' lang='lat'><strong>2.</strong></span> <span class='ocrx_word' id='word_1_314' title='bbox 919 4004 991 4064; x_wconf 60' lang='lat' dir='ltr'><strong>stite.</strong></span> <span class='ocrx_word' id='word_1_315' title='bbox 1007 4016 1080 4065; x_wconf 83' lang='lat' dir='ltr'><strong>erat.</strong></span> <span class='ocrx_word' id='word_1_316' title='bbox 1101 4018 1174 4067; x_wconf 87' lang='lat' dir='ltr'><strong>erat.</strong></span> <span class='ocrx_word' id='word_1_317' title='bbox 1189 4030 1249 4067; x_wconf 89' lang='lat' dir='ltr'><strong>om.</strong></span> <span class='ocrx_word' id='word_1_318' title='bbox 1265 4010 1325 4069; x_wconf 88' lang='lat' dir='ltr'><strong>duo</strong></span> <span class='ocrx_word' id='word_1_319' title='bbox 1339 4009 1417 4068; x_wconf 79' lang='lat' dir='ltr'><strong>libri,</strong></span> <span class='ocrx_word' id='word_1_320' title='bbox 1436 4010 1506 4069; x_wconf 58' lang='lat' dir='ltr'><strong>dein</strong></span> 
     </span>
     <span class='ocr_line' id='line_1_31' title="bbox 121 4110 1506 4187; baseline -0.01 -8"><span class='ocrx_word' id='word_1_321' title='bbox 121 4118 188 4181; x_wconf 76' lang='lat' dir='ltr'><strong>bivii</strong></span> <span class='ocrx_word' id='word_1_322' title='bbox 201 4122 275 4181; x_wconf 88' lang='lat' dir='ltr'><strong>libri.</strong></span> <span class='ocrx_word' id='word_1_323' title='bbox 293 4118 482 4183; x_wconf 83' lang='lat' dir='ltr'><strong>constituunt.</strong></span> <span class='ocrx_word' id='word_1_324' title='bbox 509 4115 642 4175; x_wconf 81' lang='lat' dir='ltr'><strong>deterior.</strong></span> <span class='ocrx_word' id='word_1_325' title='bbox 667 4110 734 4169; x_wconf 89' lang='lat' dir='ltr'><strong>libri</strong></span> <span class='ocrx_word' id='word_1_326' title='bbox 754 4110 879 4179; x_wconf 72' lang='lat' dir='ltr'><strong>cadem,</strong></span> <span class='ocrx_word' id='word_1_327' title='bbox 907 4110 1162 4187; x_wconf 58' lang='lat' dir='ltr'><strong>interfectionem,</strong></span> <span class='ocrx_word' id='word_1_328' title='bbox 1189 4112 1361 4173; x_wconf 77' lang='lat' dir='ltr'><strong>occisionem</strong></span> <span class='ocrx_word' id='word_1_329' title='bbox 1381 4116 1506 4175; x_wconf 69' lang='lat' dir='ltr'><strong>addunt,</strong></span> 
     </span>
     <span class='ocr_line' id='line_1_32' title="bbox 123 4213 1506 4301; baseline -0.005 -17"><span class='ocrx_word' id='word_1_330' title='bbox 123 4222 262 4289; x_wconf 82' lang='lat' dir='ltr'><strong>Sullanum</strong></span> <span class='ocrx_word' id='word_1_331' title='bbox 274 4226 351 4289; x_wconf 76' lang='lat' dir='ltr'><strong>Rivii</strong></span> <span class='ocrx_word' id='word_1_332' title='bbox 366 4222 468 4283; x_wconf 81' lang='lat' dir='ltr'><strong>vetusti</strong></span> <span class='ocrx_word' id='word_1_333' title='bbox 486 4232 514 4279; x_wconf 86' lang='lat' dir='ltr'><strong>et</strong></span> <span class='ocrx_word' id='word_1_334' title='bbox 531 4218 652 4279; x_wconf 85' lang='lat' dir='ltr'><strong>Palatini</strong></span> <span class='ocrx_word' id='word_1_335' title='bbox 672 4213 925 4296; x_wconf 84' lang='lat' dir='ltr'><strong>plures,Silcnum</strong></span> <span class='ocrx_word' id='word_1_336' title='bbox 946 4218 1033 4295; x_wconf 84' lang='lat' dir='ltr'><strong>pauci</strong></span> <span class='ocrx_word' id='word_1_337' title='bbox 1045 4238 1079 4276; x_wconf 79' lang='lat' dir='ltr'><strong>cx</strong></span> <span class='ocrx_word' id='word_1_338' title='bbox 1094 4218 1153 4275; x_wconf 85' lang='lat' dir='ltr'><strong>Pal.</strong></span> <span class='ocrx_word' id='word_1_339' title='bbox 1174 4217 1331 4301; x_wconf 73' lang='lat' dir='ltr'><strong>Syllanam</strong></span> <span class='ocrx_word' id='word_1_340' title='bbox 1342 4222 1402 4279; x_wconf 85' lang='lat' dir='ltr'><strong>alii.</strong></span> <span class='ocrx_word' id='word_1_341' title='bbox 1423 4217 1506 4280; x_wconf 79' lang='lat' dir='ltr'><strong>incr-</strong></span> 
     </span>
     <span class='ocr_line' id='line_1_33' title="bbox 124 4320 1428 4403; baseline -0.013 -11"><span class='ocrx_word' id='word_1_342' title='bbox 124 4352 177 4393; x_wconf 81' lang='lat' dir='ltr'><strong>mos</strong></span> <span class='ocrx_word' id='word_1_343' title='bbox 195 4334 292 4394; x_wconf 84' lang='lat' dir='ltr'><strong>llas.1.</strong></span> <span class='ocrx_word' id='word_1_344' title='bbox 313 4329 394 4390; x_wconf 80' lang='lat' dir='ltr'><strong>Laid.</strong></span> <span class='ocrx_word' id='word_1_345' title='bbox 407 4332 426 4387; x_wconf 93' lang='lat' dir='ltr'><strong>l.</strong></span> <span class='ocrx_word' id='word_1_346' title='bbox 449 4328 508 4385; x_wconf 89' lang='lat' dir='ltr'><strong>duo</strong></span> <span class='ocrx_word' id='word_1_347' title='bbox 521 4324 608 4385; x_wconf 75' lang='lat' dir='ltr'><strong>Ririi.</strong></span> <span class='ocrx_word' id='word_1_348' title='bbox 626 4322 720 4403; x_wconf 80' lang='lat' dir='ltr'><strong>plebes</strong></span> <span class='ocrx_word' id='word_1_349' title='bbox 733 4340 808 4380; x_wconf 82' lang='lat' dir='ltr'><strong>unus</strong></span> <span class='ocrx_word' id='word_1_350' title='bbox 822 4320 908 4381; x_wconf 76' lang='lat' dir='ltr'><strong>llivii.</strong></span> <span class='ocrx_word' id='word_1_351' title='bbox 931 4320 1015 4380; x_wconf 77' lang='lat' dir='ltr'><strong>Besa.</strong></span> <span class='ocrx_word' id='word_1_352' title='bbox 1027 4321 1056 4381; x_wconf 76' lang='grc' dir='ltr'><strong>ὅ.</strong></span> <span class='ocrx_word' id='word_1_353' title='bbox 1078 4323 1142 4401; x_wconf 83' lang='lat' dir='ltr'><strong>quis</strong></span> <span class='ocrx_word' id='word_1_354' title='bbox 1156 4345 1256 4384; x_wconf 68' lang='lat' dir='ltr'><strong>omnm</strong></span> <span class='ocrx_word' id='word_1_355' title='bbox 1273 4326 1331 4385; x_wconf 80' lang='lat' dir='ltr'><strong>lore</strong></span> <span class='ocrx_word' id='word_1_356' title='bbox 1350 4324 1428 4386; x_wconf 63' lang='lat' dir='ltr'><strong>libri,</strong></span> 
     </span>
    </p>
   </div>
   <div class='ocr_carea' id='block_1_5' title="bbox 1852 4191 2018 4438">
    <p class='ocr_par' dir='ltr' id='par_1_5' title="bbox 1852 4191 2018 4438">
     <span class='ocr_line' id='line_1_34' title="bbox 1852 4191 2018 4438; baseline -0.006 0"><span class='ocrx_word' id='word_1_357' title='bbox 1852 4191 2018 4438; x_wconf 39' lang='lat' dir='ltr'><strong>tl&amp;</strong></span> 
     </span>
    </p>
   </div>
   <div class='ocr_carea' id='block_1_6' title="bbox 0 0 2030 5009">
    <p class='ocr_par' dir='ltr' id='par_1_6' title="bbox 0 0 2030 5009">
     <span class='ocr_line' id='line_1_35' title="bbox 0 0 2030 5009; baseline 0 2"><span class='ocrx_word' id='word_1_358' title='bbox 0 0 2030 5009; x_wconf 95' lang='lat' dir='ltr'><strong> </strong></span> 
     </span>
    </p>
   </div>
  </div>
 </body>
</html>
