4050 5009
425 431 467 480 12

419 584 642 689 bonumque
676 585 781 689 apud
809 611 870 662 eos
897 613 976 662 non
1007 586 1151 692 legibus
1169 587 1316 693 magis,
1349 606 1466 691 quarn
1491 601 1631 663 natura
1659 584 1810 662 valebat

419 709 564 814 Iurgia,
584 709 803 800 discordias,
828 711 1037 786 simultates
1053 739 1141 786 cum
1158 709 1330 787 hostibus
1345 710 1589 786 exercebant:
1610 709 1706 785 cives
1724 735 1812 782 cum

419 832 565 908 civibus
586 832 634 908 de
646 832 788 908 virtute
805 833 1021 926 certabant;
1042 834 1084 908 in
1097 834 1294 937 suppliciis
1311 835 1471 910 deorum
1489 832 1699 940 magnifici,
1710 831 1812 908 dorni

420 957 545 1060 parci,
569 956 610 1031 in
632 955 771 1030 amicos
800 955 926 1030 fideles
951 973 1069 1030 erant.
1109 957 1269 1032 Duabus
1287 955 1355 1032 bis
1385 957 1558 1048 artibrn,
1594 957 1751 1033 audacia
1768 956 1813 1029 in

421 1077 545 1170 bello,
565 1079 633 1154 ubi
652 1105 727 1182 pax
747 1095 937 1168 evenerat,
962 1079 1156 1182 acquitate,
1181 1105 1296 1182 seque
1314 1107 1471 1184 remque
1490 1080 1687 1184 publicam
1708 1106 1813 1154 cura·

421 1203 526 1278 bant.
555 1204 731 1300 Quarum
761 1229 890 1276 rerum
908 1228 974 1306 ego
994 1228 1172 1276 maxuma
1194 1202 1423 1281 documenta
1445 1203 1528 1279 hacc
1544 1202 1687 1293 habeo,
1711 1202 1815 1305 quod

419 1327 463 1402 in
484 1327 586 1404 bello
605 1327 740 1430 saepius
761 1325 998 1400 vindicatum
1025 1326 1143 1400 estin
1168 1351 1247 1415 eos,
1278 1327 1347 1429 qui
1375 1344 1509 1401 contra
1537 1328 1743 1430 imperium
1773 1327 1815 1399 in

326 1453 331 1460 ⁴
419 1448 566 1525 hostem
599 1464 880 1553 pugnaverant,
913 1448 1057 1550 quique
1084 1448 1248 1539 tardius,
1283 1451 1465 1539 revocati,
1497 1451 1629 1553 praelio
1659 1475 1818 1524 excesse-

419 1589 527 1664 rant,
547 1599 664 1676 quam
678 1571 746 1675 qui
764 1573 868 1675 signa
889 1571 1103 1674 relinquere
1115 1629 1125 1659 ,
1136 1587 1205 1646 aut
1220 1572 1321 1676 pulsi
1334 1630 1344 1664 ,
1357 1573 1441 1648 loco
1455 1574 1587 1648 oedere
1602 1574 1685 1649 ausi
1698 1591 1816 1648 erant

421 1701 468 1772 ln
497 1723 591 1801 pace
620 1723 727 1786 vero,
756 1694 862 1797 quod
887 1694 1079 1769 beneficiis
1104 1722 1221 1797 quam
1250 1712 1356 1772 metu
1375 1696 1581 1798 imperium
1603 1697 1820 1801 agitabant,

375 1839 484 1911 roet,
518 1836 671 1924 accepta
693 1819 859 1907 iniuria,
897 1818 1101 1921 ignoscere,
1133 1844 1250 1921 quam
1279 1819 1453 1923 persequi
1491 1820 1695 1895 malebant
1747 1821 1820 1895 Sed

419 1945 488 2022 ubi
509 1945 637 2021 labore
656 1951 772 2046 atque
796 1941 939 2015 iustitia
957 1939 1170 2043 respublica
1191 1941 1327 2031 crevit',
1352 1968 1453 2046 reges
1472 1943 1601 2046 magni
1629 1943 1729 2018 bello
1750 1944 1817 2019 do-

419 2069 523 2160 miti,
549 2068 722 2144 nationes
743 2065 830 2141 feroe
848 2081 885 2140 et
904 2064 1040 2168 populi
1056 2065 1225 2170 ingentes
1243 2064 1282 2139 vi
1303 2066 1464 2155 subacti,
1489 2065 1819 2170 Ca1·tbago,*aemu·

418 2191 455 2268 la
489 2191 639 2296 imperii
665 2189 849 2278 Romani,
883 2189 932 2261 ab
957 2187 1074 2291 stirpe
1100 2188 1268 2277 interiit,
1301 2205 1442 2263 cuncta
1476 2191 1596 2265 maria
1634 2206 1820 2294 terraeque

418 2317 627 2420 patebant:
653 2313 780 2388 stevire
803 2312 958 2387 fortuna
989 2338 1034 2384 ac
1054 2312 1208 2386 miscere
1231 2311 1360 2386 omnia
1382 2313 1508 2415 coepit.
1550 2313 1629 2410 Qui
1652 2312 1819 2402 labores,

418 2441 609 2546 pericula,
632 2437 766 2512 dubias
784 2453 900 2538 atquc
920 2460 1068 2540 asperas
1093 2462 1150 2510 res
1179 2433 1291 2513 facile
1314 2435 1586 2528 toleraverant,
1610 2437 1671 2511 his
1694 2438 1820 2513 otium

416 2637 512 2717 pliciis
525 2639 557 2697 d.
574 2670 592 2685 -
609 2639 742 2697 deorum.
762 2634 860 2695 omisit
872 2634 957 2693 Fabr.
975 2657 1000 2695 1.
1021 2635 1088 2716 Teg.
1110 2632 1144 2691 in
1163 2632 1274 2693 amicis.
1295 2637 1355 2696 inc.
1372 2654 1398 2694 1.
1419 2633 1518 2693 Guell'.
1540 2656 1585 2693 rr.
1606 2634 1726 2694 Parius.
1740 2647 1770 2694 et
1784 2635 1817 2693 b.

420 2761 462 2799 m.
474 2761 530 2801 sec.
550 2741 609 2805 Erl.
628 2761 710 2820 septe
725 2739 863 2819 rempubl.
882 2739 962 2798 Leid.
975 2761 1003 2820 g.
1025 2739 1123 2798 Gucll.
1143 2763 1171 2820 7.
1192 2741 1221 2804 8.
1237 2763 1267 2821 9.
1298 2742 1364 2804 Scn.
1386 2759 1414 2803 2.
1442 2738 1563 2799 Eccard.
1577 2760 1618 2803 m.
1632 2760 1679 2820 pr.
1705 2738 1817 2800 brond.

419 2844 504 2905 bern.
517 2864 545 2906 2.
565 2863 595 2904 se
609 2864 724 2922 remque
737 2843 805 2924 pub.
827 2843 906 2901 Leid.
922 2844 952 2901 d.
967 2841 997 2906 h.
1019 2843 1080 2900 Bas.
1097 2863 1124 2902 2.
1146 2842 1243 2903 Guelf.
1259 2845 1288 2903 6.
1308 2863 1390 2921 seque
1403 2853 1431 2902 et
1446 2863 1535 2923 remp.
1556 2843 1638 2902 Iaeid.
1656 2845 1683 2902 k.
1713 2846 1773 2904 inc.
1790 2866 1817 2904 r.

411 2943 499 3028 vquod
512 2947 544 3006 in
559 2948 631 3008 bello
649 2949 759 3028 sepius.
780 2947 814 3006 in
834 2947 888 3006 bel.
909 2947 993 3005 omis.
1025 2947 1112 3005 Palat.
1129 2946 1159 3005 3.
1180 2958 1209 3005 ct
1228 2947 1354 3006 Cottius.
1370 2949 1456 3007 ceteri
1478 2949 1612 3008 retinent.
1633 2949 1819 3009 vindroarwn

417 3063 468 3113 est.
480 3062 547 3114 -est
567 3055 651 3112 omis.
672 3052 752 3111 Leid.
772 3072 799 3110 a.
817 3060 845 3110 et
859 3049 995 3110 Diomcd.
1011 3073 1079 3132 pag.
1095 3051 1163 3110 361.
1196 3051 1268 3110 bello
1278 3052 1382 3131 proelic
1400 3071 1464 3112 ecc.
1492 3051 1601 3111 Tum.
1621 3053 1696 3113 bello
1713 3073 1819 3113 ecccss.

416 3150 497 3220 tiid.
510 3181 536 3224 a.
555 3180 584 3241 g.
598 3159 617 3222 i.
640 3155 724 3234 Febr.
743 3177 770 3216 1.
789 3174 817 3214 2.
838 3154 906 3212 vin.
923 3174 950 3218 2.
984 3155 1083 3218 llcuss.
1100 3155 1167 3213 Sen.
1184 3174 1212 3219 a.
1240 3155 1337 3216 Gucls.
1354 3176 1382 3214 a.
1396 3178 1425 3236 9.
1446 3156 1508 3214 Bes.
1521 3176 1550 3214 2.
1577 3155 1664 3216 Bern.
1689 3179 1715 3216 ι.
1730 3157 1760 3218 3.
1780 3179 1820 3217 ec

416 3265 499 3326 bello.
520 3263 601 3325 Icid.
619 3285 645 3322 c.
666 3259 808 3342 aproelio.
830 3258 909 3316 Laid.
922 3256 951 3316 b.
969 3259 996 3316 lr.
1018 3258 1115 3317 Guelf.
1131 3260 1160 3317 8.
1177 3259 1291 3338 proelrb.
1312 3260 1374 3318 Bes.
1388 3281 1414 3318 r.
1426 3260 1455 3319 3.
1481 3259 1562 3319 trid.
1573 3281 1600 3324 c.
1614 3261 1645 3319 d.
1661 3261 1726 3326 th.
1740 3265 1762 3321 l.
1775 3284 1817 3321 m.

415 3391 447 3432 n.
472 3369 569 3432 Turio.
589 3390 615 3428 1.
645 3365 768 3448 plurimi
789 3361 891 3422 Cottii.
914 3361 1031 3421 Parisini
1053 3382 1165 3422 omnes.
1185 3363 1270 3424 Bern.
1290 3384 1317 3423 a.
1338 3374 1472 3442 praterea
1494 3383 1596 3423 omnes
1608 3365 1731 3426 Palatini
1753 3389 1820 3428 cre-

416 3475 467 3534 do.
488 3472 645 3554 eoeproelio.
666 3469 764 3529 Gucll.
775 3467 804 3528 3.
826 3486 842 3527 e
852 3464 1067 3547 praebuitsed.
1088 3468 1275 3546 reliquerant.
1295 3467 1414 3528 Leid.d.
1427 3469 1447 3526 s.
1466 3468 1537 3526 Tur.
1550 3489 1578 3527 2.
1600 3469 1686 3529 Bern.
1696 3471 1726 3531 3.
1747 3473 1820 3531 nli·

417 3569 551 3657 prterunt.
571 3576 651 3637 Lcitl.
665 3596 694 3657 g.
706 3571 738 3631 b.
761 3572 908 3650 reliquere.
930 3572 989 3632 inc.
1003 3591 1029 3630 r.
1045 3583 1073 3631 ct
1083 3593 1117 3631 ex
1127 3573 1242 3632 emend.
1263 3574 1323 3632 inc.
1337 3591 1364 3632 2.
1376 3571 1516 3647 beneficiis
1527 3591 1616 3650 qrcum
1627 3555 1717 3634 ructu.
1735 3576 1817 3637 Leid.

415 3682 446 3742 k.
460 3683 481 3740 1.
502 3680 563 3739 bas.
580 3701 607 3738 r.
623 3699 650 3738 2.
672 3676 779 3737 Golon.
801 3675 892 3735 Palm.
913 3675 1031 3734 Martis.
1052 3675 1151 3736 Pemb.
1171 3677 1256 3736 Rem.
1269 3697 1298 3736 2.
1326 3675 1439 3736 Fabric.
1455 3695 1483 3734 2.
1503 3675 1601 3734 Senat.
1619 3697 1645 3736 r.
1676 3677 1816 3750 GnelM.

419 3788 448 3848 5.
469 3786 556 3847 ceteri
569 3783 663 3863 magis
681 3801 780 3860 quum.
808 3800 897 3858 qnam
914 3780 1074 3840 omiserunt
1092 3781 1177 3846 Mart.
1194 3802 1235 3840 m.
1252 3801 1298 3863 pr.
1321 3779 1420 3840 Pemb.
1440 3778 1549 3840 Coton.
1569 3779 1736 3861 imperim.
1753 3783 1816 3845 Bes.

421 3912 447 3952 r.
463 3912 504 3950 m.
514 3909 570 3950 sec.
587 3886 703 3968 adjecit.

480 4015 553 4096 Cap.
578 4037 624 4075 ιο.
642 4033 697 4094 per
710 4012 848 4072 laborari.
868 4010 931 4070 Bas.
943 4009 972 4071 3.
1004 4031 1050 4073 res
1066 4010 1292 4093 crwrlpuhlica.
1320 4010 1383 4070 Bu.
1398 4011 1428 4072 3.
1448 4011 1556 4092 magni
1569 4031 1659 4093 reges.
1684 4015 1766 4076 leid.
1783 4017 1818 4076 d.

416 4125 516 4186 Rasa.
531 4119 560 4181 3.
580 4118 678 4178 Turio.
694 4137 721 4176 1.
742 4115 863 4176 romani
872 4115 943 4195 imp.
962 4114 1032 4175 Tur.
1049 4138 1075 4176 1.
1095 4115 1155 4177 Eri.
1175 4117 1243 4199 Teg.
1264 4116 1326 4176 Bas.
1340 4137 1368 4175 a.
1389 4115 1509 4181 laida.
1530 4116 1616 4177 Bern.
1632 4138 1659 4178 s.
1672 4137 1702 4179 ι.
1717 4119 1747 4179 3.
1767 4119 1818 4179 in-

413 4238 514 4311 gentes
528 4223 622 4286 'abac
651 4220 773 4286 Laide
787 4222 810 4280 l.
838 4219 902 4285 nas.
919 4240 945 4280 t.
961 4221 1048 4280 etiam
1065 4219 1164 4282 Pemb.
1183 4230 1300 4282 tantum
1323 4222 1355 4281 in
1371 4223 1512 4304 margine.
1532 4221 1659 4283 nomo.
1689 4223 1817 4284 misceri.

415 4337 477 4399 sn.
492 4355 517 4398 r.
538 4330 607 4395 Tur.
620 4347 649 4394 2·
669 4325 716 4389 tut
734 4324 838 4390 otium.
857 4326 999 4409 italonge
1017 4326 1140 4408 plurimi
1159 4323 1257 4388 code
1278 4323 1341 4386 Bar.
1361 4324 1444 4387 leid.
1463 4326 1525 4391 ut
1547 4326 1619 4388 Tur.
1643 4326 1729 4388 tem.
1744 4348 1773 4388 ι.
1785 4349 1816 4388 a.
