4050 5009
298 383 307 406 ⁸
359 369 431 440 318

358 561 414 626 nis
432 557 622 645 imaginem
642 557 784 642 fingant.
826 552 930 633 Cujus
949 551 1002 616 rei
1022 553 1240 616 luculentum
1261 550 1343 619 vide
1363 557 1560 642 exemplum
1577 561 1614 627 G,
1633 577 1683 642 87.
1706 562 1772 628 {rr-

359 677 459 732 terea
489 667 617 731 Romoe
641 662 775 727 multo
789 657 903 724 simul
919 655 1053 726 ,moliri
1072 667 1136 723 etc.
1165 678 1236 742 quo
1257 662 1336 725 loco
1354 681 1429 726 non
1448 667 1554 730 modo
1577 667 1771 731 studiorum

360 772 524 854 varietas,
546 773 606 834 sed
628 769 734 834 etiam
756 767 911 832 hominis
935 766 1113 832 festinatio
1138 768 1269 852 optime
1288 767 1466 833 infinitivo
1498 774 1534 834 h.
1564 773 1777 858 exprimitur.

360 881 396 941 C.
418 882 447 943 6.
468 877 523 944 At
544 871 708 942 Romani
724 893 772 957 sq.
799 865 846 941 ιἰ.
869 895 1001 958 roperc
1025 890 1147 937 ornnes
1166 885 1230 938 etc.
1249 876 1339 940 adde
1353 886 1388 942 J.
1416 898 1462 938 ra.
1491 877 1551 941 fin.
1580 884 1629 959 39.
1649 883 1700 957 43.
1727 886 1777 943 68.

360 988 451 1050 med.
472 989 521 1067 57.
544 991 579 1047 et
602 981 765 1065 inprimis
788 984 837 1044 51.
855 989 896 1046 'et
917 1000 985 1050 ror.
1005 979 1071 1043 ubi
1090 981 1217 1046 verba:
1228 975 1356 1071 socier
1375 979 1494 1047 totius
1509 982 1653 1072 negotii
1667 982 1777 1050 uarro

362 1098 397 1157 et
409 1091 661 1175 spectaculum
674 1083 854 1153 horribile
865 1087 949 1152 satis
960 1090 1158 1172 ostendunt,
1175 1087 1263 1169 quid
1275 1088 1345 1153 sihi
1360 1089 1471 1155 velint
1488 1089 1668 1156 Infinitivi.
1690 1094 1776 1155 Cum

363 1196 472 1284 igitur
496 1196 620 1281 sapius
637 1195 813 1262 actionum
835 1195 1000 1280 varietas,
1020 1197 1077 1260 vel
1095 1187 1219 1260 subitae
1242 1215 1359 1259 rerum
1375 1196 1583 1262 mutationes
1600 1197 1777 1262 infinitivo

268 1311 271 1316 '
362 1306 397 1372 h.
422 1303 676 1389 exprimantur,
701 1301 806 1370 facile
830 1311 881 1368 est
899 1304 1101 1379 intellectu,
1122 1323 1184 1366 cur
1211 1303 1378 1368 nonnulli
1401 1304 1504 1385 hujus
1523 1312 1702 1368 structura
1723 1325 1780 1368 ra·

365 1409 497 1475 tionem
512 1409 614 1474 unice
633 1414 678 1475 ad
697 1410 934 1475 commotioris
952 1409 1064 1473 animi
1080 1404 1237 1474 affectum
1253 1410 1451 1488 retulerint,
1470 1409 1533 1493 qui
1549 1411 1775 1475 Ramshornii

365 1535 462 1581 error
485 1526 545 1581 est.
567 1516 597 1603 ς.
625 1521 694 1581 186.
733 1519 895 1583 888888
915 1517 1031 1580 minus
1048 1516 1212 1599 frequens
1233 1519 1307 1595 ejus
1327 1525 1378 1582 est
1397 1533 1478 1581 usus
1502 1515 1541 1578 in
1571 1537 1686 1582 rerum
1716 1518 1777 1580 de-

366 1623 573 1708 scriptione,
598 1624 660 1688 ubi
682 1645 759 1708 qua
777 1634 876 1690 antea
892 1623 1100 1712 generaliter
1122 1633 1220 1688 erant
1231 1623 1433 1709 enunciata,
1454 1622 1643 1687 accuratius
1665 1622 1776 1706 expli-

368 1740 496 1792 cantur.
538 1730 668 1796 Infinit.
687 1731 781 1795 enim
796 1753 866 1796 non
889 1740 958 1812 tam
977 1731 1030 1796 rei
1043 1732 1245 1798 enarranda
1264 1750 1368 1812 quam
1387 1728 1603 1794 illustranda
1623 1728 1780 1813 inservit,

366 1837 578 1916 modumque
596 1839 724 1922 agendi
744 1839 893 1922 explicat
912 1838 972 1902 cir.
985 1834 1019 1901 J.
1037 1843 1087 1921 37.
1102 1837 1153 1900 fin
1172 1848 1206 1903 ot
1222 1839 1274 1902 38.
1296 1835 1374 1900 init.
1396 1834 1458 1900 cfr.
1477 1836 1512 1897 C.
1535 1857 1586 1900 ar.
1605 1838 1654 1909 sl.
1676 1837 1776 1903 Nam

367 1949 411 2004 ut
434 1950 496 2005 etc.
526 1945 574 2022 86.
602 1942 680 2004 init.
710 1965 756 2025 17.
784 1943 862 2033 init.
888 1963 938 2006 88.
965 1945 1057 2008 med.
1078 1958 1129 2020 84.
1152 1948 1204 2008 ai·
1223 1949 1273 2008 31.
1296 1946 1348 2020 48.
1371 1945 1421 2005 68.
1449 1953 1481 2008 J.
1507 1944 1560 2020 64.
1577 1944 1627 2006 82.
1647 1961 1719 2024 quo
1738 1940 1778 2003 in

367 2065 493 2132 genere
509 2045 581 2111 fere
598 2047 837 2132 imperfectum
850 2050 1013 2135 praecedit
1028 2051 1085 2114 vel
1101 2051 1275 2136 sequitur,
1296 2051 1427 2137 quippe
1441 2070 1511 2131 quo
1531 2049 1662 2132 antid,
1683 2050 1778 2131 quod

367 2151 609 2236 explicandum
622 2163 692 2236 est,
705 2156 931 2242 proponitur,
952 2156 1239 2244 antsingulorum
1253 2155 1468 2230 enumeratio
1477 2155 1689 2244 generaliori
1699 2174 1779 2219 sen-

367 2259 475 2324 tentia
485 2257 670 2328 clauditur.
683 2261 903 2331 viderhem.
914 2285 944 2346 7.
956 2267 1003 2329 85.
1012 2264 1128 2335 ao.fin.
1138 2270 1187 2328 38.
1195 2267 1246 2327 33.
1254 2268 1304 2328 36.
1313 2269 1363 2328 38.
1373 2267 1478 2339 4846.
1489 2267 1542 2343 46.
1552 2278 1603 2345 47.
1611 2266 1661 2337 64.
1669 2263 1719 2325 66.
1727 2264 1777 2341 67.

368 2383 418 2446 pa.
427 2383 478 2445 94.
490 2368 539 2446 96.
551 2389 621 2431 roo.
630 2378 665 2432 et
673 2371 722 2432 60.
734 2368 797 2433 ubi
808 2371 889 2455 imp.
901 2371 1066 2457 praecedit
1080 2379 1115 2436 et
1124 2371 1296 2454 sequitur3
1313 2391 1365 2453 97.
1376 2370 1571 2436 ubiiterum
1579 2369 1703 2453 impet
1711 2367 1780 2431 ini·

346 2551 350 2564 ι
369 2471 420 2536 tio
429 2471 536 2536 etfine
545 2473 713 2538 orationis
724 2486 792 2561 est,
803 2485 837 2540 et
845 2476 1029 2541 infinitivis
1036 2477 1169 2562 optime
1177 2477 1346 2542 exercitus
1353 2476 1537 2562 trepidatio
1545 2487 1779 2561 etpugnarum

369 2575 461 2640 vices
475 2578 703 2648 illustrantur.
722 2600 773 2662 74.
791 2585 859 2644 ι86.
880 2581 1268 2666 Infinitivisperfeotum
1275 2581 1538 2666 preposituml.
1556 2584 1585 2644 6.
1600 2603 1649 2660 7²·
1663 2583 1715 2663 73.
1727 2583 1780 2655 84.

369 2680 463 2746 idem
473 2687 688 2766 sequiturrt.
699 2685 756 2750 vel
766 2701 914 2768 presens
926 2685 976 2747 68.
986 2687 1038 2768 69.
1047 2705 1098 2768 78.
1112 2705 1161 2769 79.
1174 2705 1295 2768 quaex
1311 2707 1348 2750 re
1359 2685 1587 2772 intelligetur,
1598 2685 1782 2768 98888681-

369 2787 401 2851 si
417 2789 504 2870 sint,
517 2792 579 2874 qui
594 2814 667 2858 rem
683 2790 922 2878 gravissimam
937 2811 1112 2874 quamque
1120 2791 1308 2856 Infinitivis
1327 2793 1365 2855 h.
1381 2791 1525 2877 exprimi
1540 2801 1680 2877 putant,
1701 2813 1781 2856 cum

368 2893 440 2960 iere
449 2905 519 2961 tota
527 2900 600 2964 haec
608 2897 1415 2984 verborumstructuraverseturinillustrandis,
1422 2919 1500 2982 quar
1507 2899 1780 2984 propositasunt.
1797 2881 1800 2886 ’

370 3003 744 3086 interponunturenim
752 3006 869 3091 potius
877 3005 963 3070 tales
974 3023 1089 3070 rerum
1099 3005 1350 3089 descriptiones
1359 3005 1781 3071 narrationisexornanda

370 3117 472 3188 atque
494 3109 735 3176 illuminanda
753 3113 880 3198 gratia,
900 3112 1199 3199 sejungunturque
1217 3131 1238 3176 a
1257 3121 1421 3198 perpetua
1444 3133 1560 3177 rerum
1581 3111 1780 3198 graviorum

369 3211 576 3280 narratione.
618 3220 732 3302 Quare
758 3220 920 3304 scriptor,
937 3219 999 3282 ubi
1023 3219 1171 3300 alicujus
1188 3219 1242 3283 rei
1261 3228 1395 3304 tempus
1420 3238 1492 3283 non
1513 3218 1704 3283 accuratius
1725 3217 1780 3282 di·

370 3321 516 3408 stinguit
535 3323 591 3386 vel
610 3323 649 3385 in
669 3325 867 3388 universum
888 3325 1026 3406 aliquid
1046 3325 1171 3392 leviter
1191 3324 1322 3411 tangit,
1351 3343 1603 3406 nonnunquam
1630 3324 1781 3390 infiniti·

369 3445 414 3492 vo
435 3431 470 3492 h.
493 3447 574 3492 usus
595 3437 656 3493 est.
684 3428 744 3491 cfr.
765 3440 798 3495 J.
820 3433 870 3509 76.
891 3427 948 3493 fin.
973 3431 1023 3498 83.
1050 3429 1109 3495 fin.
1129 3433 1181 3514 89.
1202 3431 1278 3493 init.
1300 3435 1351 3511 37.
1385 3430 1450 3494 ubi
1477 3431 1516 3494 in
1546 3431 1693 3516 apodosi
1719 3439 1780 3498 est.

370 3535 499 3619 sapius
519 3534 584 3599 inf.
605 3537 641 3599 h.
662 3553 740 3598 cum
761 3535 840 3600 aliis
861 3545 964 3623 temp.
979 3538 1113 3625 jungit,
1134 3539 1198 3602 ubi
1216 3538 1323 3622 vulgo
1341 3545 1465 3622 putant
1485 3557 1565 3602 eum
1585 3535 1783 3622 promiscue

373 3643 586 3723 temporibus
605 3661 717 3711 usum.
738 3643 800 3712 cfr.
823 3649 860 3708 C.
882 3663 933 3708 ar.
953 3649 1021 3720 ,ad
1040 3649 1108 3708 hoc
1128 3643 1323 3707 maledictis
1342 3644 1498 3729 increpat
1518 3645 1632 3708 omnis
1651 3647 1781 3727 bonos,

371 3762 513 3806 suorum
553 3769 835 3833 unumquemque
871 3753 1055 3816 nominans
1087 3751 1488 3835 laudam-admonebat
1515 3753 1623 3815 alium
1652 3762 1782 3838 egesta·

373 3849 433 3934 tis,
461 3851 568 3914 alium
601 3857 801 3940 cupiditatis
830 3869 932 3922 888.»
952 3895 993 3912 --
1024 3861 1090 3922 Sed
1110 3875 1172 3921 sua
1190 3857 1356 3940 cujusque
1381 3857 1547 3944 temporis
1578 3858 1668 3922 ratio
1699 3877 1783 3922 con·

372 3968 454 4035 stata
488 3956 655 4045 increpat
698 3983 771 4029 rem
811 3949 976 4046 tanquam
1017 3974 1220 4049 praesentem
1263 3974 1425 4044 enarrat3
1478 3963 1633 4028 laudare
1673 3965 1783 4028 ratio·

373 4087 453 4130 nem
480 4067 767 4154 vituperationis,
815 4070 871 4133 eui
912 4072 1070 4155 opposita
1098 4078 1171 4135 erat
1205 4088 1343 4134 suorum
1373 4070 1545 4147 laudatio,
1571 4071 1783 4136 luculentius

374 4174 554 4256 describit3
587 4177 807 4244 admonebar
827 4177 999 4268 actionem
1019 4179 1143 4264 srepius
1154 4177 1362 4265 repetitam,
1399 4181 1460 4244 sed
1481 4178 1530 4242 ita
1549 4188 1587 4242 ut
1607 4177 1717 4263 magis
1738 4179 1783 4263 88
