4050 5009
448 339 522 471 aya

451 576 543 626 cum
561 551 759 655 republica
782 552 957 627 venalem
974 548 1124 625 babere.
1174 556 1231 626 Ita
1252 552 1453 656 paullatim
1477 550 1662 656 populus,
1691 544 1760 651 qui
1778 543 1842 621 do·

404 758 408 764 ,
451 676 579 751 minus
597 676 745 750 cunctis
765 676 941 779 gentibus
957 672 1219 776 imperitabat,
1244 675 1411 779 dilapsus
1428 656 1508 751 est:
1532 692 1571 749 et
1585 700 1655 777 pro
1677 695 1843 747 eommu-

320 820 327 837 ’
451 797 494 873 ιιὶ
511 798 691 902 imperio,
719 799 899 902 privatim
912 797 985 871 sibi
1006 796 1168 899 quisque
1183 799 1399 875 servitutem
1423 797 1578 902 peperit
1628 798 1717 871 Huc
1732 794 1846 898 igitur

451 922 660 997 multitudo
680 922 851 1025 primum
871 920 981 993 malis
1005 922 1176 995 moribus
1201 921 1371 1012 imbuta,
1396 922 1535 997 deinde
1559 920 1600 995 in
1624 936 1721 994 artes
1741 916 1847 994 vitas·

451 1072 528 1147 que
544 1046 664 1120 varias
683 1044 890 1147 dispalata,
914 1043 1025 1117 nullo
1048 1042 1162 1119 modo
1187 1044 1287 1119 inter
1310 1069 1349 1119 se
1368 1068 1594 1148 congruens,
1618 1068 1759 1145 parum
1780 1038 1848 1115 mi·

450 1166 494 1242 bi
520 1168 677 1271 quidem
704 1168 840 1243 idonea
864 1166 1017 1241 videtur
1039 1166 1090 1241 ad
1118 1167 1382 1270 capessendam
1411 1164 1695 1271 rempublicam.
1747 1166 1849 1241 Ceta-

451 1318 566 1381 rum,
590 1290 729 1366 additis
746 1290 853 1364 novis
871 1289 1035 1380 civibus,
1058 1315 1195 1395 magna
1219 1314 1280 1366 me
1301 1316 1383 1394 spes
1402 1306 1504 1366 tenet
1523 1346 1543 1381 „
1556 1289 1637 1366 sore
1656 1304 1703 1363 ut
1720 1310 1850 1364 omnes

451 1415 759 1519 expergiscantur
777 1412 826 1488 ad
845 1413 1061 1488 libertatem
1084 1442 1092 1485 ι
1118 1412 1261 1515 quippe
1282 1438 1372 1489 oum
1392 1413 1467 1489 illis
1483 1413 1668 1489 libertatis
1681 1411 1848 1489 mtinsn·

451 1538 528 1629 dte,
553 1554 636 1613 tum
662 1535 723 1612 bis
743 1536 930 1612 servitutis
944 1534 1164 1610 amittendae
1180 1561 1271 1610 cura
1297 1536 1452 1612 orietur.
1499 1538 1593 1627 Hos,
1618 1562 1686 1641 ego
1707 1560 1848 1626 oensso,

451 1662 655 1765 permixtos
674 1686 764 1736 oum
786 1660 974 1735 veteribus
991 1657 1196 1744 novos‚·in
1220 1658 1378 1733 coloniis
1399 1660 1625 1735 constituas:
1650 1659 1704 1735 ita
1730 1677 1771 1737 et
1795 1683 1849 1736 ras

451 1783 626 1859 militaris
648 1784 867 1886 opulentior
884 1782 974 1870 erit,
996 1795 1035 1854 et
1054 1779 1181 1881 plebes
1202 1780 1311 1855 bonis
1329 1780 1486 1885 negotiis
1502 1771 1685 1886 impedita
1702 1783 1850 1859 malum

424 1906 653 2011 spubliaum
670 1904 793 1980 facere
814 1904 969 1979 desinet.
1004 1902 1077 1977 Sed
1097 1930 1178 1977 non
1205 1902 1345 1979 inscius
1368 1932 1492 2006 neque
1516 1906 1741 2009 imprudens
1753 1932 1848 1997 sum,

450 2044 541 2107 cum
566 2056 608 2104 ea
631 2053 689 2101 res
714 2044 873 2131 agetur,
907 2051 993 2127 quae
1023 2026 1163 2101 saevitia
1194 2053 1354 2130 quasque
1382 2044 1616 2132 tempestates
1645 2027 1848 2105 hominum

450 2152 643 2228 nobilium
667 2149 919 2239 futura-sint,
943 2175 1034 2222 cum
1056 2147 1386 2253 indignabuntur,
1412 2151 1540 2226 omnia
1564 2149 1742 2229 funditus
1765 2153 1850 2228 mis·

449 2274 545 2362 oeri,
571 2272 740 2374 antiquis
758 2271 903 2346 civibus
931 2268 1035 2345 bano
1055 2272 1274 2347 seminatam
1298 2272 1467 2377 imponi,
1492 2300 1653 2377 regnum
1675 2275 1850 2379 denique

448 2425 494 2475 ex
515 2398 635 2489 libera
655 2394 806 2470 civitate
820 2393 1014 2483 futurum,
1031 2393 1100 2467 ubi
1119 2394 1235 2469 anius
1254 2423 1412 2473 munere
1433 2397 1641 2475 multitudo
1655 2399 1788 2505 ingens
1808 2402 1848 2475 in
1938 2438 1939 2471 ι

449 2521 644 2595 civitatem
669 2515 893 2620 pervenerit
942 2514 1133 2618 Equidem
1153 2542 1220 2621 ego
1238 2519 1292 2593 sie
1311 2520 1417 2625 apud
1435 2522 1610 2597 animum
1628 2550 1760 2599 meum
1777 2540 1845 2599 sta·

445 2660 547 2719 tuo:
539 2640 719 2717 malum
742 2638 929 2715 facinus
917 2667 959 2714 m
991 2664 1030 2713 se
1054 2638 1269 2733 admittere,
1293 2645 1362 2746 qui
1387 2644 1629 2721 incommodo
1660 2648 1844 2752 reipubli-

435 2790 503 2872 9oe
521 2766 682 2905 gratiam
705 2763 779 2838 sibi
803 2762 997 2852 conciliet3
1023 2762 1092 2837 ubi
1120 2763 1269 2839 bonum
1300 2768 1504 2871 publicum
1526 2770 1642 2845 etiam
1667 2773 1846 2911 privatim
1937 2858 1938 2861 Ἴ

420 2879 426 2889 ’
447 2890 537 2964 usui
554 2904 629 2963 est.
654 2888 695 2962 id
718 2912 806 2962 vero
826 2884 1003 2960 dubitare
1024 2884 1198 2989 adgredi,
1221 2890 1400 2967 sooordiae
1421 2908 1536 2995 atque
1556 2892 1715 2997 ignaviae
1737 2890 1846 2972 duoo.

449 3013 500 3087 Μ
519 3012 625 3085 Livio
649 3012 775 3083 Druso
790 3034 942 3111 semper
963 3008 1166 3083 consilium
1193 3007 1320 3101 fuit,
1309 3041 1351 3088 m
1375 3014 1578 3091 tribunatu
1602 3043 1751 3095 summa
1776 3044 1843 3123 ope

449 3136 524 3211 niti
548 3161 620 3239 pro
653 3131 879 3206 nobilitate:
902 3156 1027 3232 neque
1049 3130 1171 3205 ullam
1191 3159 1271 3207 rem
1296 3134 1338 3209 in
1361 3137 1553 3245 principio
1582 3166 1690 3243 agere
1718 3142 1839 3218 inten-

448 3259 524 3348 dit,
549 3258 621 3332 nisi
611 3242 696 3330 illi
717 3271 887 3328 auctores
914 3250 1055 3326 fierent.
1096 3252 1169 3327 Sed
1188 3252 1359 3333 homines
1378 3258 1544 3351 factiosi,
1568 3264 1708 3365 quibus
1736 3266 1840 3341 dolus

445 3398 564 3484 atque
581 3379 728 3454 malitia
748 3376 823 3452 fide
841 3376 986 3450 cariora
1007 3392 1133 3465 erant,
1158 3378 1228 3451 ubi
1244 3380 1530 3475 intellexerunt,
1555 3389 1624 3489 per¹
1638 3414 1763 3463 unum
1774 3388 1838 3463 bo·

443 3505 591 3579 minem
614 3527 838 3577 maxumum
865 3495 1095 3573 beneficium
1123 3500 1253 3575 multis
1283 3504 1507 3581 mortalibus
1536 3506 1645 3583 dari:
1671 3508 1838 3588 videlieet

449 3642 487 3701 et
504 3626 576 3701 sibi
598 3627 759 3727 quisque
776 3622 968 3709 conscius,
987 3618 1095 3699 ,malo
1119 3636 1234 3725 atque
1254 3624 1374 3702 infido
1393 3628 1522 3706 animo
1543 3656 1634 3723 esse,
1659 3633 1767 3711 deM.
1781 3632 1837 3709 bi·

447 3750 509 3825 rio
534 3750 661 3823 Druso
682 3749 791 3827 ,iuxta
818 3772 864 3819 ao
886 3744 933 3819 de
960 3768 998 3818 se
1022 3741 1354 3824 existumaremnt
1395 3754 1529 3855 Itaque
1550 3772 1671 3845 metu,
1696 3784 1746 3835 ne
1771 3782 1836 3862 per

447 3886 595 3949 tanum
619 3870 780 3973 gratiam
811 3867 912 3943 solus
941 3892 1069 3939 rerum
1094 3869 1299 3981 potiretur,
1331 3890 1464 3950 contra
1488 3902 1578 3953 eum
1598 3880 1689 3971 nisi,
1713 3892 1833 3957 suaet

446 4090 667 4156 marmanum
685 4090 769 4149 Febr.
782 4088 856 4148 Bria.
876 4087 928 4167 atti
938 4089 1075 4150 dominus
1090 4098 1154 4150 erat
1162 4092 1282 4153 'utnen'a
1294 4095 1413 4176 antiqua
1427 4094 1505 4158 Edit
1525 4110 1590 4161 erat
1602 4110 1640 4176 et,
1656 4103 1736 4185 quod
1747 4106 1829 4184 vulgo

444 4200 566 4281 legitur,
584 4194 770 4258 eliciendum.
789 4226 832 4240 -
860 4193 934 4272 Cap
948 4193 977 4251 6·
997 4212 1054 4271 quo
1078 4216 1141 4257 msa
1158 4216 1204 4257 m
1217 4198 1314 4277 agitur
1336 4210 1417 4263 vatus
1434 4202 1539 4275 editio,
1554 4204 1634 4265 ands
1653 4218 1731 4289 patet
1748 4226 1828 4286 quom

313 4360 317 4367 ,
442 4304 584 4384 seriptum
600 4302 694 4363 luisse.
714 4300 746 4357 ιἰι
760 4318 790 4359 se
804 4297 958 4358 adrudus·
974 4296 1069 4363 vatia.
1090 4301 1269 4365 samnitem
1284 4307 1386 4388 uulgo.
1406 4314 1434 4365 st
1448 4306 1561 4369 narsen
1578 4320 1659 4373 vetas
1672 4312 1767 4373 editio.
1785 4306 1825 4373 Μ.
