4050 5009
1581 437 1635 515 8ι,

229 607 326 684 Nam
344 610 384 686 vi
416 609 575 714 quidem
605 635 732 717 regere
754 609 921 716 patriam
946 624 1016 689 aut
1039 622 1213 718 parentet
1233 633 1468 716 quamquam
1486 627 1525 689 et
1548 637 1632 718 pos-

225 731 273 809 tia
298 749 338 810 et
362 734 501 812 delicta
532 735 714 842 corrigas,
738 751 867 812 tamen
887 736 1155 841 importunum
1174 751 1255 812 est:
1277 763 1400 840 quum
1421 737 1630 842 praeoertim

226 883 355 933 omnes
372 887 503 936 nerum
522 860 752 937 mutationes
767 857 927 951 caedem,
952 861 1101 964 fugam,
1126 859 1277 964 aliaque
1297 857 1450 938 hostilia
1476 877 1631 967 porten-

226 982 340 1078 ‹lant3
375 984 515 1062 fmstm
540 1001 670 1060 autem
694 983 786 1074 niti,
823 1011 949 1087 neque
971 983 1078 1058 aliud
1111 1010 1149 1060 se
1179 985 1373 1090 fatigando
1398 985 1472 1061 nisi
1500 985 1657 1082 odium,

224 1130 415 1209 quaerere,
431 1100 435 1107 ⁴
449 1125 623 1185 extmmae
649 1106 849 1182 ‹lementioe
878 1122 959 1200 ett3
993 1106 1067 1182 nisi
1093 1106 1190 1184 sorte
1216 1135 1331 1211 quem
1359 1105 1558 1184 inhonesta
1586 1126 1625 1186 et

222 1233 433 1334 perniciosa
455 1232 589 1308 lubido
610 1247 733 1318 tenet,
757 1229 938 1334 potentine
960 1257 1174 1333 paucorum
1195 1231 1309 1308 decus
1330 1249 1444 1335 atque
1470 1233 1624 1308 liberta-

222 1372 298 1431 tem
316 1383 427 1432 suam
450 1355 662 1462 gratificari.
701 1357 879 1430 Ceterum
895 1380 942 1430 ex
964 1354 1048 1430 aliis
1072 1355 1246 1458 negotiis,
1271 1381 1358 1458 quae
1382 1357 1535 1461 ingenio
1560 1359 1652 1432 eii-i

201 1499 419 1572 ementur,
445 1483 487 1557 in
522 1479 655 1586 primis
679 1505 818 1583 magno
846 1477 934 1554 usui
957 1493 1013 1554 eet
1042 1479 1224 1554 memoria
1250 1505 1379 1554 mrum
1410 1496 1623 1584 gestarum:

220 1606 329 1681 cuius
347 1606 396 1682 de
412 1606 553 1682 virtute
574 1604 666 1708 quia
682 1603 797 1678 multi
815 1601 961 1692 dixere,
976 1601 1288 1706 pretereundum
1303 1618 1417 1707 puto;
1439 1603 1554 1680 simul
1574 1589 1623 1680 ne

219 1755 287 1832 per
306 1728 551 1806 insolentiam
571 1727 657 1833 quis
685 1727 903 1817 existumet,
938 1742 1076 1802 memet
1103 1725 1275 1802 studium
1304 1753 1433 1804 meum
1458 1728 1620 1804 laudan·

220 1853 268 1928 do
288 1854 476 1929 extollere.
509 1857 636 1956 Atque
651 1877 719 1956 ego
737 1849 850 1926 eredo
870 1851 969 1942 lore,
993 1850 1076 1953 qui,
1094 1851 1186 1953 quia
1202 1851 1348 1926 decrevi
1368 1851 1504 1956 procul
1526 1879 1547 1927 a
1563 1879 1622 1927 re·

220 1977 375 2080 publica
398 1991 549 2050 oetatem
573 2001 703 2080 agene,
729 1990 837 2050 tanto
862 1990 1016 2076 tamque
1033 1974 1122 2048 utili
1151 1974 1275 2049 labori
1295 2002 1379 2051 meo
1402 2002 1542 2052 nomen
1561 1976 1620 2052 in·

219 2101 321 2178 ertia
350 2101 579 2191 imponant:
604 2115 729 2188 certe,·
749 2099 890 2202 quibua
915 2124 1094 2172 maxuma
1121 2097 1310 2174 industria
1341 2098 1492 2175 videtur
1516 2100 1618 2176 salu-

221 2243 298 2301 tare
323 2225 476 2330 plebem
499 2241 538 2299 et
559 2221 740 2298 conviviis
757 2222 920 2327 gratiam
942 2247 1121 2324 quaerere.
1169 2222 1248 2320 Qui
1275 2224 1307 2299 si
1336 2223 1616 2328 reputaverint,

218 2350 412 2453 atquibus
426 2375 495 2454 ego
515 2347 750 2451 temporibus
776 2346 1015 2450 magistratus
1036 2345 1195 2450 adeptus
1216 2348 1306 2440 aim,
1331 2365 1370 2424 et
1391 2349 1520 2452 quales
1543 2348 1616 2424 viri

219 2475 318 2552 idem
344 2471 502 2575 adsequi
534 2470 799 2573 nequiverint,
831 2486 870 2545 et
896 2485 1024 2574 poetea
1050 2495 1137 2572 quae
1166 2497 1302 2576 genera
1341 2469 1545 2548 hominum
1571 2473 1613 2550 in

217 2615 388 2676 tenamm
409 2596 673 2702 pervenerint3
707 2592 877 2697 profecto
901 2593 1204 2686 existumabunt,
1239 2623 1301 2671 me
1329 2596 1446 2702 magia
1478 2598 1614 2674 merito

216 2751 332 2827 quam
342 2720 509 2827 ignavia,
517 2717 705 2794 iudicium
717 2716 838 2832 animi
845 2716 920 2792 mei
931 2717 1149 2810 mutavisse,
1163 2720 1361 2826 maiusque
1371 2723 1615 2798 commodum

216 2925 276 2964 om.
297 2904 394 2964 Gueli.
408 2925 438 2984 9.
458 2901 540 2960 Leid.
555 2903 577 2960 i.
606 2901 766 2960 inVratial.
793 2901 894 2959 locum
909 2909 1014 2958 mutat.
1046 2899 1159 2978 ahquid
1178 2900 1263 2961 Rem.
1282 2902 1378 2968 Stmv.
1413 2902 1511 2964 Guell.
1534 2909 1561 2968 3.
1584 2929 1612 2988 7.

215 3007 297 3068 liodl.
316 3017 405 3068 mort.
418 3016 469 3070 ott.
488 3016 530 3067 eat
548 3005 586 3064 ab
596 3004 772 3066 unoWaasii
787 3002 868 3063 abeat
879 3005 912 3063 in
925 3003 1041 3065 Vratitl.
1054 3006 1152 3064 locum
1172 3017 1275 3072 mutat.
1296 3007 1403 3070 inculti
1415 3028 1475 3070 eoo.
1495 3008 1564 3071 Tur.
1585 3031 1612 3071 1.

215 3123 277 3173 tam
288 3114 395 3174 rnulioe.
415 3121 480 3171 tom
496 3131 557 3170 om.
572 3109 669 3170 Guell.
691 3129 736 3170 η.
756 3108 816 3168 nint
833 3129 894 3168 om.
913 3107 998 3172 lieni.
1012 3129 1037 3167 1.
1057 3108 1152 3175 Sunt.

295 3239 367 3324 Cap.
381 3247 411 3306 ὅ.
432 3241 575 3322 capienda
588 3238 651 3300 vid.
680 3237 808 3300 Thomu.
822 3237 912 3298 Palm.
941 3237 1040 3317 utique
1055 3237 1113 3297 tuti
1129 3237 1252 3319 plurimi
1269 3237 1349 3299 libri.
1367 3239 1480 3301 Fabrio.
1501 3240 1562 3302 Bae.
1586 3265 1611 3303 ι.

216 3349 297 3409 Rem.
309 3369 336 3409 a.
364 3348 432 3407 Seu.
451 3367 477 3406 1.
505 3347 613 3426 oliique
636 3344 719 3404 Cort.
747 3341 829 3402 leid.
842 3365 869 3403 a.
884 3342 915 3427 b.
929 3365 956 3404 e.
969 3342 1001 3401 d.
1012 3365 1038 3404 e.
1053 3344 1073 3401 f.
1088 3363 1118 3424 g.
1134 3341 1165 3402 h.
1182 3343 1209 3402 k.
1224 3363 1265 3402 m.
1282 3365 1312 3408 n.
1338 3345 1407 3428 Teg.
1435 3345 1519 3406 Rom
1539 3369 1565 3407 ι.
1579 3351 1608 3412 3.

215 3454 271 3513 tuti
282 3453 376 3533 minue
394 3452 456 3517 lias.
470 3451 499 3522 A.
519 3449 614 3530 magis
628 3449 686 3508 tuti
704 3448 764 3508 duo
778 3446 859 3507 Cort.
878 3467 913 3510 eo
927 3468 1006 3527 mog.
1022 3457 1044 3507 t.
1062 3457 1114 3508 nut
1131 3449 1161 3508 h.
1182 3469 1259 3509 unua
1272 3449 1376 3510 Corlii.
1397 3449 1442 3509 uti
1452 3452 1510 3513 toti
1526 3451 1606 3519 leid.

215 3563 236 3618 l.
256 3558 322 3618 Tur.
347 3557 562 3636 esm'gando.
582 3573 612 3614 se
626 3575 686 3613 om.
706 3553 791 3612 llem.
812 3571 848 3612 1.·
866 3551 934 3614 Eoo.
953 3551 1049 3616 Stiuv.
1074 3561 1115 3612 est
1130 3562 1251 3620 mrem.
1266 3555 1343 3616 dem.
1362 3556 1458 3620 suuv.
1489 3565 1531 3618 eet
1546 3576 1607 3619 om.

215 3665 311 3725 inea.
331 3663 424 3727 libert.
445 3681 530 3722 mam
549 3680 635 3742 pron.
655 3679 716 3724 om.
736 3657 835 3720 Guoll.
847 3658 876 3718 5.

275 3788 347 3873 Cap.
362 3791 392 3864 4.
412 3811 450 3852 ex
465 3789 501 3849 iis
518 3808 580 3868 reg.
600 3786 680 3847 leid.
696 3809 722 3853 a.
735 3788 765 3847 b.
780 3809 806 3848 c.
824 3787 852 3853 k.
872 3785 939 3846 usui
950 3796 1001 3847 eat.
1021 3797 1063 3849 eet
1082 3807 1143 3848 om.
1164 3789 1223 3854 ino.
1241 3809 1268 3849 a.
1297 3801 1401 3853 memet
1414 3795 1492 3859 stud.
1510 3814 1608 3856 mmm

216 3895 293 3955 lutei.
311 3915 408 3958 nuum
434 3893 718 3955 om.Guelf.6.12.
751 3893 894 3957 instrui.
913 3894 973 3952 loe.
998 3902 1072 3952 mut.
1094 3889 1251 3954 lwdondo
1267 3915 1328 3954 om.
1357 3895 1512 3960 Fabrie.2.
1543 3919 1607 3962 meo

216 4016 291 4061 nom.
310 4021 372 4063 meo
391 4021 453 4061 om.
481 3997 594 4062 Fabrio.
616 4019 644 4059 α.
674 3998 755 4059 Leid.
770 4019 801 4063 n.
835 3997 990 4078 imponunt
1017 3997 1099 4057 Leid.
1116 4000 1136 4058 i.
1160 4019 1301 4059 maxuma
1318 4019 1379 4061 om.
1409 4001 1507 4064 Guell.
1524 4005 1552 4065 5.
1573 4005 1607 4066 in

215 4125 294 4174 enno,
310 4107 372 4168 Bao.
385 4105 416 4178 4.
435 4105 517 4165 leid.
530 4103 560 4163 b.
574 4126 603 4188 g.
623 4105 737 4186 aliquot
755 4101 860 4162 eonii.
881 4103 1086 4182 magnumum
1098 4123 1200 4163 omnes
1211 4103 1292 4169 leid.
1312 4117 1415 4188 pretor
1423 4127 1450 4173 a.
1460 4105 1493 4168 b.
1507 4111 1606 4192 adopt.

216 4212 277 4271 tim
295 4211 391 4273 Guell.
410 4231 436 4270 1.
451 4212 479 4269 5.
498 4209 565 4270 Eoo.
586 4208 701 4273 Vratial.
715 4230 742 4268 a.
762 4227 865 4268 omnes
873 4208 954 4267 Leid.
974 4206 1091 4267 Gruteri
1116 4219 1146 4268 et
1159 4207 1262 4270 Wastii
1277 4208 1356 4271 libri.
1386 4211 1449 4273 Boo.
1467 4235 1492 4280 ι.
1520 4214 1604 4277 Bern.

221 4335 247 4377 ι.
259 4316 287 4378 3.
304 4336 369 4378 tum
387 4315 484 4376 aeteri.
498 4322 695 4396 permoneat
716 4312 854 4380 enolto.
873 4311 964 4374 iudae.
977 4333 1074 4374 meum
1093 4311 1190 4374 Guell'.
1205 4335 1235 4397 9.
1257 4314 1314 4377 mei
1326 4316 1420 4378 ottim.
1440 4317 1538 4387 Guelt.
1557 4341 1605 4385 u.

1166 4468 1211 4530 11.
