<?xml version="1.0" encoding="UTF-8"?>
<!DOCTYPE html PUBLIC "-//W3C//DTD XHTML 1.0 Transitional//EN"
    "http://www.w3.org/TR/xhtml1/DTD/xhtml1-transitional.dtd">
<html xmlns="http://www.w3.org/1999/xhtml" xml:lang="en" lang="en">
 <head>
  <title>
</title>
<meta http-equiv="Content-Type" content="text/html;charset=utf-8" />
  <meta name='ocr-system' content='tesseract 3.04.00' />
  <meta name='ocr-capabilities' content='ocr_page ocr_carea ocr_par ocr_line ocrx_word'/>
</head>
<body>
  <div class='ocr_page' id='page_1' title='image "./salustiiquaeexs00sallgoog_0458.png"; bbox 0 0 4050 5009; ppageno 0'>
   <div class='ocr_carea' id='block_1_1' title="bbox 400 404 450 457">
    <p class='ocr_par' dir='ltr' id='par_1_1' title="bbox 400 404 450 457">
     <span class='ocr_line' id='line_1_1' title="bbox 400 404 450 457; baseline 0 0"><span class='ocrx_word' id='word_1_1' title='bbox 400 404 450 457; x_wconf 90' lang='lat'>10</span> 
     </span>
    </p>
   </div>
   <div class='ocr_carea' id='block_1_2' title="bbox 397 579 1801 1241">
    <p class='ocr_par' dir='ltr' id='par_1_2' title="bbox 397 579 1801 1241">
     <span class='ocr_line' id='line_1_2' title="bbox 400 579 1800 669; baseline 0.007 -32"><span class='ocrx_word' id='word_1_2' title='bbox 400 582 523 654; x_wconf 89' lang='lat' dir='ltr'>molles,</span> <span class='ocrx_word' id='word_1_3' title='bbox 544 590 629 639; x_wconf 86' lang='lat' dir='ltr'>aetate</span> <span class='ocrx_word' id='word_1_4' title='bbox 644 579 728 641; x_wconf 84' lang='lat' dir='ltr'>fluxi.</span> <span class='ocrx_word' id='word_1_5' title='bbox 753 580 799 641; x_wconf 75' lang='lat'>15.</span> <span class='ocrx_word' id='word_1_6' title='bbox 821 587 1080 669; x_wconf 80' lang='lat' dir='ltr'>color-exsanguis</span> <span class='ocrx_word' id='word_1_7' title='bbox 1106 594 1179 666; x_wconf 75' lang='lat' dir='ltr'>elus.</span> <span class='ocrx_word' id='word_1_8' title='bbox 1215 585 1260 647; x_wconf 80' lang='lat'>16.</span> <span class='ocrx_word' id='word_1_9' title='bbox 1273 596 1449 667; x_wconf 75' lang='lat' dir='ltr'>torpesceret</span> <span class='ocrx_word' id='word_1_10' title='bbox 1467 605 1583 647; x_wconf 86' lang='lat' dir='ltr'>manos.</span> <span class='ocrx_word' id='word_1_11' title='bbox 1618 604 1664 667; x_wconf 90' lang='grc' dir='ltr'><strong>ι7.</strong></span> <span class='ocrx_word' id='word_1_12' title='bbox 1679 584 1800 647; x_wconf 87' lang='lat' dir='ltr'>Publius</span> 
     </span>
     <span class='ocr_line' id='line_1_3' title="bbox 401 676 1801 762; baseline 0.007 -29"><span class='ocrx_word' id='word_1_13' title='bbox 401 687 431 734; x_wconf 87' lang='lat' dir='ltr'>et</span> <span class='ocrx_word' id='word_1_14' title='bbox 445 676 561 735; x_wconf 75' lang='lat' dir='ltr'>Servius</span> <span class='ocrx_word' id='word_1_15' title='bbox 584 677 681 750; x_wconf 82' lang='lat' dir='ltr'>Sillae,</span> <span class='ocrx_word' id='word_1_16' title='bbox 701 679 793 736; x_wconf 83' lang='lat' dir='ltr'>Servii</span> <span class='ocrx_word' id='word_1_17' title='bbox 806 681 874 738; x_wconf 82' lang='lat' dir='ltr'>filii.</span> <span class='ocrx_word' id='word_1_18' title='bbox 899 682 945 741; x_wconf 86' lang='lat'>18.</span> <span class='ocrx_word' id='word_1_19' title='bbox 960 684 992 741; x_wconf 92' lang='lat' dir='ltr'>in</span> <span class='ocrx_word' id='word_1_20' title='bbox 1007 684 1116 762; x_wconf 87' lang='lat' dir='ltr'>quibus</span> <span class='ocrx_word' id='word_1_21' title='bbox 1130 681 1261 741; x_wconf 77' lang='lat' dir='ltr'>Catilina</span> <span class='ocrx_word' id='word_1_22' title='bbox 1281 684 1376 743; x_wconf 84' lang='lat' dir='ltr'>luerat</span> <span class='ocrx_word' id='word_1_23' title='bbox 1393 713 1413 732; x_wconf 88' lang='lat'>-</span> <span class='ocrx_word' id='word_1_24' title='bbox 1432 684 1598 762; x_wconf 79' lang='lat' dir='ltr'>nequiverit</span> <span class='ocrx_word' id='word_1_25' title='bbox 1615 715 1634 731; x_wconf 90' lang='lat'>-</span> <span class='ocrx_word' id='word_1_26' title='bbox 1655 694 1720 743; x_wconf 89' lang='lat' dir='ltr'>tum</span> <span class='ocrx_word' id='word_1_27' title='bbox 1731 705 1801 762; x_wconf 88' lang='lat' dir='ltr'>pes-</span> 
     </span>
     <span class='ocr_line' id='line_1_4' title="bbox 397 772 1800 859; baseline 0.007 -30"><span class='ocrx_word' id='word_1_28' title='bbox 397 772 520 831; x_wconf 86' lang='lat' dir='ltr'>simum.</span> <span class='ocrx_word' id='word_1_29' title='bbox 554 792 600 850; x_wconf 90' lang='grc' dir='ltr'>ι9.</span> <span class='ocrx_word' id='word_1_30' title='bbox 615 793 705 852; x_wconf 89' lang='lat' dir='ltr'>quam</span> <span class='ocrx_word' id='word_1_31' title='bbox 720 777 819 853; x_wconf 88' lang='lat' dir='ltr'>plures</span> <span class='ocrx_word' id='word_1_32' title='bbox 838 808 857 822; x_wconf 97' lang='lat'>-</span> <span class='ocrx_word' id='word_1_33' title='bbox 875 777 908 834; x_wconf 92' lang='lat' dir='ltr'>in</span> <span class='ocrx_word' id='word_1_34' title='bbox 924 780 1119 856; x_wconf 79' lang='lat' dir='ltr'>provinciam.</span> <span class='ocrx_word' id='word_1_35' title='bbox 1155 798 1204 837; x_wconf 83' lang='lat' dir='ltr'>ar.</span> <span class='ocrx_word' id='word_1_36' title='bbox 1221 779 1353 857; x_wconf 77' lang='lat' dir='ltr'><strong>quietam</strong></span> <span class='ocrx_word' id='word_1_37' title='bbox 1368 799 1392 837; x_wconf 90' lang='lat' dir='ltr'>r.</span> <span class='ocrx_word' id='word_1_38' title='bbox 1408 802 1438 859; x_wconf 90' lang='lat' dir='ltr'>p.</span> <span class='ocrx_word' id='word_1_39' title='bbox 1470 780 1516 838; x_wconf 88' lang='lat'>26.</span> <span class='ocrx_word' id='word_1_40' title='bbox 1533 800 1604 858; x_wconf 85' lang='lat' dir='ltr'>quas</span> <span class='ocrx_word' id='word_1_41' title='bbox 1619 778 1800 839; x_wconf 77' lang='lat' dir='ltr'>Consulibus</span> 
     </span>
     <span class='ocr_line' id='line_1_5' title="bbox 401 867 1801 951; baseline 0.005 -25"><span class='ocrx_word' id='word_1_42' title='bbox 401 869 519 927; x_wconf 80' lang='lat' dir='ltr'>iecerat.</span> <span class='ocrx_word' id='word_1_43' title='bbox 540 868 591 927; x_wconf 98' lang='grc'>36.</span> <span class='ocrx_word' id='word_1_44' title='bbox 606 889 676 949; x_wconf 78' lang='lat' dir='ltr'>agro</span> <span class='ocrx_word' id='word_1_45' title='bbox 689 867 821 930; x_wconf 82' lang='lat' dir='ltr'>Aretino.</span> <span class='ocrx_word' id='word_1_46' title='bbox 851 872 899 951; x_wconf 92' lang='grc'><strong>39.</strong></span> <span class='ocrx_word' id='word_1_47' title='bbox 912 875 1034 933; x_wconf 57' lang='lat' dir='ltr'>animos.</span> <span class='ocrx_word' id='word_1_48' title='bbox 1046 896 1149 935; x_wconf 89' lang='lat' dir='ltr'>eorum</span> <span class='ocrx_word' id='word_1_49' title='bbox 1170 876 1269 945; x_wconf 84' lang='lat' dir='ltr'>erexit.</span> <span class='ocrx_word' id='word_1_50' title='bbox 1298 873 1346 944; x_wconf 93' lang='grc'>43.</span> <span class='ocrx_word' id='word_1_51' title='bbox 1359 875 1492 933; x_wconf 76' lang='lat' dir='ltr'>Statilius</span> <span class='ocrx_word' id='word_1_52' title='bbox 1506 873 1661 934; x_wconf 76' lang='lat' dir='ltr'>Gabinius.</span> <span class='ocrx_word' id='word_1_53' title='bbox 1688 876 1737 946; x_wconf 88' lang='grc'><strong>45.</strong></span> <span class='ocrx_word' id='word_1_54' title='bbox 1750 874 1801 933; x_wconf 91' lang='lat' dir='ltr'>di·</span> 
     </span>
     <span class='ocr_line' id='line_1_6' title="bbox 402 964 1799 1051; baseline 0.006 -31"><span class='ocrx_word' id='word_1_55' title='bbox 402 964 499 1021; x_wconf 87' lang='lat' dir='ltr'>mittit</span> <span class='ocrx_word' id='word_1_56' title='bbox 518 985 587 1023; x_wconf 93' lang='lat' dir='ltr'>cum</span> <span class='ocrx_word' id='word_1_57' title='bbox 614 967 676 1023; x_wconf 86' lang='lat' dir='ltr'>illis</span> <span class='ocrx_word' id='word_1_58' title='bbox 699 964 836 1027; x_wconf 89' lang='lat' dir='ltr'>homines</span> <span class='ocrx_word' id='word_1_59' title='bbox 856 970 1017 1044; x_wconf 86' lang='lat' dir='ltr'>militares,</span> <span class='ocrx_word' id='word_1_60' title='bbox 1037 974 1101 1051; x_wconf 87' lang='lat' dir='ltr'>qui.</span> <span class='ocrx_word' id='word_1_61' title='bbox 1133 984 1182 1051; x_wconf 97' lang='grc'>47.</span> <span class='ocrx_word' id='word_1_62' title='bbox 1204 970 1356 1029; x_wconf 87' lang='lat' dir='ltr'>abdicatus</span> <span class='ocrx_word' id='word_1_63' title='bbox 1376 972 1547 1050; x_wconf 81' lang='lat' dir='ltr'>magistratu</span> <span class='ocrx_word' id='word_1_64' title='bbox 1563 972 1720 1029; x_wconf 87' lang='lat' dir='ltr'>Lentulus.</span> <span class='ocrx_word' id='word_1_65' title='bbox 1750 970 1799 1029; x_wconf 89' lang='grc'>50.</span> 
     </span>
     <span class='ocr_line' id='line_1_7' title="bbox 403 1061 1800 1134; baseline 0.007 -17"><span class='ocrx_word' id='word_1_66' title='bbox 403 1061 518 1134; x_wconf 87' lang='lat' dir='ltr'>lectos,</span> <span class='ocrx_word' id='word_1_67' title='bbox 537 1062 708 1120; x_wconf 82' lang='lat' dir='ltr'>exercitatos</span> <span class='ocrx_word' id='word_1_68' title='bbox 723 1064 757 1121; x_wconf 89' lang='lat' dir='ltr'>in</span> <span class='ocrx_word' id='word_1_69' title='bbox 771 1064 926 1121; x_wconf 77' lang='lat' dir='ltr'>audaciam</span> <span class='ocrx_word' id='word_1_70' title='bbox 943 1068 1055 1126; x_wconf 85' lang='lat' dir='ltr'>orabat.</span> <span class='ocrx_word' id='word_1_71' title='bbox 1079 1068 1126 1127; x_wconf 77' lang='lat'>52.</span> <span class='ocrx_word' id='word_1_72' title='bbox 1146 1065 1196 1125; x_wconf 91' lang='lat' dir='ltr'>sed</span> <span class='ocrx_word' id='word_1_73' title='bbox 1216 1068 1249 1124; x_wconf 92' lang='lat' dir='ltr'>in</span> <span class='ocrx_word' id='word_1_74' title='bbox 1266 1067 1386 1125; x_wconf 81' lang='lat' dir='ltr'>exilium</span> <span class='ocrx_word' id='word_1_75' title='bbox 1404 1067 1493 1125; x_wconf 91' lang='lat' dir='ltr'>mitti.</span> <span class='ocrx_word' id='word_1_76' title='bbox 1522 1067 1569 1125; x_wconf 78' lang='lat'>52.</span> <span class='ocrx_word' id='word_1_77' title='bbox 1591 1077 1687 1126; x_wconf 87' lang='lat' dir='ltr'>cetera</span> <span class='ocrx_word' id='word_1_78' title='bbox 1705 1068 1800 1128; x_wconf 87' lang='lat' dir='ltr'>mule-</span> 
     </span>
     <span class='ocr_line' id='line_1_8' title="bbox 404 1154 1691 1241; baseline 0.006 -28"><span class='ocrx_word' id='word_1_79' title='bbox 404 1154 481 1214; x_wconf 83' lang='lat' dir='ltr'>sacta</span> <span class='ocrx_word' id='word_1_80' title='bbox 498 1188 518 1204; x_wconf 81' lang='grc'><strong><em>·</em></strong></span> <span class='ocrx_word' id='word_1_81' title='bbox 537 1177 600 1215; x_wconf 90' lang='lat' dir='ltr'>non</span> <span class='ocrx_word' id='word_1_82' title='bbox 619 1158 656 1216; x_wconf 87' lang='lat' dir='ltr'>do</span> <span class='ocrx_word' id='word_1_83' title='bbox 670 1160 819 1217; x_wconf 90' lang='lat' dir='ltr'>sociorum</span> <span class='ocrx_word' id='word_1_84' title='bbox 839 1192 858 1207; x_wconf 89' lang='lat'>-</span> <span class='ocrx_word' id='word_1_85' title='bbox 876 1164 929 1241; x_wconf 93' lang='lat' dir='ltr'>qui</span> <span class='ocrx_word' id='word_1_86' title='bbox 943 1162 1031 1236; x_wconf 87' lang='lat' dir='ltr'>mihi,</span> <span class='ocrx_word' id='word_1_87' title='bbox 1048 1165 1160 1221; x_wconf 87' lang='lat' dir='ltr'>animo.</span> <span class='ocrx_word' id='word_1_88' title='bbox 1184 1163 1231 1241; x_wconf 85' lang='lat'>59.</span> <span class='ocrx_word' id='word_1_89' title='bbox 1250 1172 1280 1219; x_wconf 92' lang='lat' dir='ltr'>et</span> <span class='ocrx_word' id='word_1_90' title='bbox 1296 1162 1334 1221; x_wconf 89' lang='lat' dir='ltr'>ab</span> <span class='ocrx_word' id='word_1_91' title='bbox 1351 1160 1451 1221; x_wconf 83' lang='lat' dir='ltr'>dextra</span> <span class='ocrx_word' id='word_1_92' title='bbox 1467 1180 1552 1241; x_wconf 87' lang='lat' dir='ltr'>rupes</span> <span class='ocrx_word' id='word_1_93' title='bbox 1566 1182 1691 1241; x_wconf 86' lang='lat' dir='ltr'>asperas.</span> 
     </span>
    </p>
   </div>
   <div class='ocr_carea' id='block_1_3' title="bbox 402 1274 1801 2418">
    <p class='ocr_par' dir='ltr' id='par_1_3' title="bbox 402 1274 1801 2418">
     <span class='ocr_line' id='line_1_9' title="bbox 482 1274 1800 1364; baseline 0.005 -30"><span class='ocrx_word' id='word_1_94' title='bbox 482 1274 637 1357; x_wconf 74' lang='lat' dir='ltr'>Jugurrha</span> <span class='ocrx_word' id='word_1_95' title='bbox 658 1300 723 1358; x_wconf 92' lang='lat' dir='ltr'>cap.</span> <span class='ocrx_word' id='word_1_96' title='bbox 736 1280 765 1337; x_wconf 92' lang='grc'><strong>6.</strong></span> <span class='ocrx_word' id='word_1_97' title='bbox 785 1300 843 1339; x_wconf 81' lang='lat' dir='ltr'>sua</span> <span class='ocrx_word' id='word_1_98' title='bbox 858 1292 947 1359; x_wconf 87' lang='lat' dir='ltr'>atque</span> <span class='ocrx_word' id='word_1_99' title='bbox 963 1282 1135 1342; x_wconf 89' lang='lat' dir='ltr'>liberomm.</span> <span class='ocrx_word' id='word_1_100' title='bbox 1158 1305 1186 1364; x_wconf 88' lang='lat'>7.</span> <span class='ocrx_word' id='word_1_101' title='bbox 1200 1283 1304 1342; x_wconf 79' lang='lat' dir='ltr'>statuit</span> <span class='ocrx_word' id='word_1_102' title='bbox 1334 1281 1490 1358; x_wconf 85' lang='lat' dir='ltr'>objectare.</span> <span class='ocrx_word' id='word_1_103' title='bbox 1530 1302 1575 1361; x_wconf 89' lang='lat'>17.</span> <span class='ocrx_word' id='word_1_104' title='bbox 1593 1282 1732 1340; x_wconf 90' lang='lat' dir='ltr'>arborum</span> <span class='ocrx_word' id='word_1_105' title='bbox 1748 1283 1800 1341; x_wconf 87' lang='lat' dir='ltr'>in·</span> 
     </span>
     <span class='ocr_line' id='line_1_10' title="bbox 402 1373 1800 1458; baseline 0.006 -28"><span class='ocrx_word' id='word_1_106' title='bbox 402 1373 555 1433; x_wconf 79' lang='lat' dir='ltr'>secundus.</span> <span class='ocrx_word' id='word_1_107' title='bbox 581 1377 702 1453; x_wconf 83' lang='lat' dir='ltr'>18.quo</span> <span class='ocrx_word' id='word_1_108' title='bbox 721 1397 789 1435; x_wconf 82' lang='lat' dir='ltr'>nox.</span> <span class='ocrx_word' id='word_1_109' title='bbox 813 1396 860 1435; x_wconf 85' lang='lat' dir='ltr'>ao.</span> <span class='ocrx_word' id='word_1_110' title='bbox 877 1379 1032 1437; x_wconf 76' lang='lat' dir='ltr'>discessere</span> <span class='ocrx_word' id='word_1_111' title='bbox 1051 1410 1071 1425; x_wconf 92' lang='lat'>-</span> <span class='ocrx_word' id='word_1_112' title='bbox 1091 1382 1235 1439; x_wconf 78' lang='lat' dir='ltr'>convertit</span> <span class='ocrx_word' id='word_1_113' title='bbox 1253 1400 1292 1437; x_wconf 86' lang='lat' dir='ltr'>se.</span> <span class='ocrx_word' id='word_1_114' title='bbox 1316 1397 1362 1435; x_wconf 80' lang='lat' dir='ltr'>aa.</span> <span class='ocrx_word' id='word_1_115' title='bbox 1380 1378 1505 1458; x_wconf 86' lang='lat' dir='ltr'>dignum</span> <span class='ocrx_word' id='word_1_116' title='bbox 1521 1380 1592 1436; x_wconf 89' lang='lat' dir='ltr'>lore.</span> <span class='ocrx_word' id='word_1_117' title='bbox 1629 1379 1678 1437; x_wconf 74' lang='lat'>28.</span> <span class='ocrx_word' id='word_1_118' title='bbox 1696 1375 1729 1436; x_wconf 91' lang='lat' dir='ltr'>hi</span> <span class='ocrx_word' id='word_1_119' title='bbox 1745 1376 1800 1438; x_wconf 88' lang='lat' dir='ltr'>do·</span> 
     </span>
     <span class='ocr_line' id='line_1_11' title="bbox 402 1469 1799 1553; baseline 0.004 -26"><span class='ocrx_word' id='word_1_120' title='bbox 402 1488 525 1531; x_wconf 71' lang='lat' dir='ltr'>crevere.</span> <span class='ocrx_word' id='word_1_121' title='bbox 559 1469 609 1530; x_wconf 91' lang='grc'>33.</span> <span class='ocrx_word' id='word_1_122' title='bbox 633 1472 658 1529; x_wconf 92' lang='lat' dir='ltr'>si</span> <span class='ocrx_word' id='word_1_123' title='bbox 672 1490 774 1529; x_wconf 84' lang='lat' dir='ltr'>rerum</span> <span class='ocrx_word' id='word_1_124' title='bbox 790 1474 903 1551; x_wconf 88' lang='lat' dir='ltr'>aperiat</span> <span class='ocrx_word' id='word_1_125' title='bbox 920 1504 941 1519; x_wconf 91' lang='lat'>··</span> <span class='ocrx_word' id='word_1_126' title='bbox 959 1493 1084 1553; x_wconf 89' lang='lat' dir='ltr'>suasque</span> <span class='ocrx_word' id='word_1_127' title='bbox 1102 1494 1155 1533; x_wconf 91' lang='lat' dir='ltr'>res.</span> <span class='ocrx_word' id='word_1_128' title='bbox 1189 1474 1238 1546; x_wconf 89' lang='grc'>34.</span> <span class='ocrx_word' id='word_1_129' title='bbox 1252 1473 1393 1532; x_wconf 78' lang='lat' dir='ltr'>discessit.</span> <span class='ocrx_word' id='word_1_130' title='bbox 1423 1473 1473 1532; x_wconf 89' lang='grc'><strong>35.</strong></span> <span class='ocrx_word' id='word_1_131' title='bbox 1488 1473 1525 1531; x_wconf 90' lang='lat' dir='ltr'>ab</span> <span class='ocrx_word' id='word_1_132' title='bbox 1542 1474 1629 1531; x_wconf 85' lang='lat' dir='ltr'>ltalia</span> <span class='ocrx_word' id='word_1_133' title='bbox 1650 1473 1799 1533; x_wconf 88' lang='lat' dir='ltr'>decedere.</span> 
     </span>
     <span class='ocr_line' id='line_1_12' title="bbox 404 1564 1800 1650; baseline 0.001 -25"><span class='ocrx_word' id='word_1_134' title='bbox 404 1564 455 1628; x_wconf 77' lang='grc'>36.</span> <span class='ocrx_word' id='word_1_135' title='bbox 466 1564 593 1624; x_wconf 82' lang='lat' dir='ltr'>Romam</span> <span class='ocrx_word' id='word_1_136' title='bbox 617 1566 757 1625; x_wconf 88' lang='lat' dir='ltr'>discessit.</span> <span class='ocrx_word' id='word_1_137' title='bbox 788 1568 838 1649; x_wconf 92' lang='grc'>37.</span> <span class='ocrx_word' id='word_1_138' title='bbox 858 1579 887 1627; x_wconf 88' lang='lat' dir='ltr'>et</span> <span class='ocrx_word' id='word_1_139' title='bbox 913 1571 972 1627; x_wconf 90' lang='lat' dir='ltr'>alis</span> <span class='ocrx_word' id='word_1_140' title='bbox 990 1590 1063 1650; x_wconf 88' lang='lat' dir='ltr'>quae.</span> <span class='ocrx_word' id='word_1_141' title='bbox 1095 1570 1143 1630; x_wconf 87' lang='grc'><strong>38.</strong></span> <span class='ocrx_word' id='word_1_142' title='bbox 1166 1572 1207 1629; x_wconf 89' lang='lat' dir='ltr'>ita</span> <span class='ocrx_word' id='word_1_143' title='bbox 1231 1570 1338 1629; x_wconf 84' lang='lat' dir='ltr'>delicta</span> <span class='ocrx_word' id='word_1_144' title='bbox 1362 1570 1423 1628; x_wconf 90' lang='lat' dir='ltr'>auli</span> <span class='ocrx_word' id='word_1_145' title='bbox 1444 1572 1607 1629; x_wconf 84' lang='lat' dir='ltr'>occultiora</span> <span class='ocrx_word' id='word_1_146' title='bbox 1629 1579 1725 1628; x_wconf 81' lang='lat' dir='ltr'>essent</span> <span class='ocrx_word' id='word_1_147' title='bbox 1744 1600 1763 1615; x_wconf 93' lang='lat'>-</span> <span class='ocrx_word' id='word_1_148' title='bbox 1780 1589 1800 1627; x_wconf 86' lang='lat' dir='ltr'>a</span> 
     </span>
     <span class='ocr_line' id='line_1_13' title="bbox 403 1660 1800 1745; baseline 0.004 -25"><span class='ocrx_word' id='word_1_149' title='bbox 403 1660 548 1720; x_wconf 87' lang='lat' dir='ltr'>Numidia</span> <span class='ocrx_word' id='word_1_150' title='bbox 569 1661 740 1721; x_wconf 83' lang='lat' dir='ltr'>discederet.</span> <span class='ocrx_word' id='word_1_151' title='bbox 761 1663 811 1744; x_wconf 90' lang='grc'><strong>39.</strong></span> <span class='ocrx_word' id='word_1_152' title='bbox 827 1665 860 1722; x_wconf 91' lang='lat' dir='ltr'>in</span> <span class='ocrx_word' id='word_1_153' title='bbox 878 1667 979 1723; x_wconf 87' lang='lat' dir='ltr'>animo</span> <span class='ocrx_word' id='word_1_154' title='bbox 993 1664 1123 1724; x_wconf 84' lang='lat' dir='ltr'>ardebat.</span> <span class='ocrx_word' id='word_1_155' title='bbox 1151 1666 1201 1737; x_wconf 79' lang='grc'>43,</span> <span class='ocrx_word' id='word_1_156' title='bbox 1214 1666 1347 1744; x_wconf 89' lang='lat' dir='ltr'>undique</span> <span class='ocrx_word' id='word_1_157' title='bbox 1362 1668 1510 1725; x_wconf 85' lang='lat' dir='ltr'>accersire.</span> <span class='ocrx_word' id='word_1_158' title='bbox 1542 1668 1591 1745; x_wconf 92' lang='grc'>47.</span> <span class='ocrx_word' id='word_1_159' title='bbox 1604 1666 1800 1745; x_wconf 82' lang='lat' dir='ltr'>comportavit</span> 
     </span>
     <span class='ocr_line' id='line_1_14' title="bbox 403 1759 1799 1842; baseline 0.004 -27"><span class='ocrx_word' id='word_1_160' title='bbox 403 1768 613 1818; x_wconf 82' lang='lat' dir='ltr'>commeatum.</span> <span class='ocrx_word' id='word_1_161' title='bbox 636 1760 684 1818; x_wconf 87' lang='lat'>50.</span> <span class='ocrx_word' id='word_1_162' title='bbox 698 1759 805 1819; x_wconf 89' lang='lat' dir='ltr'>deinde</span> <span class='ocrx_word' id='word_1_163' title='bbox 821 1780 875 1838; x_wconf 92' lang='lat' dir='ltr'>pro</span> <span class='ocrx_word' id='word_1_164' title='bbox 894 1780 934 1819; x_wconf 89' lang='lat' dir='ltr'>re.</span> <span class='ocrx_word' id='word_1_165' title='bbox 955 1761 1003 1819; x_wconf 87' lang='lat'>60.</span> <span class='ocrx_word' id='word_1_166' title='bbox 1018 1765 1176 1840; x_wconf 91' lang='lat' dir='ltr'>paululum</span> <span class='ocrx_word' id='word_1_167' title='bbox 1191 1761 1291 1821; x_wconf 89' lang='lat' dir='ltr'>modo.</span> <span class='ocrx_word' id='word_1_168' title='bbox 1314 1782 1361 1842; x_wconf 92' lang='lat'>70.</span> <span class='ocrx_word' id='word_1_169' title='bbox 1374 1764 1493 1842; x_wconf 77' lang='lat' dir='ltr'>praemia</span> <span class='ocrx_word' id='word_1_170' title='bbox 1503 1763 1615 1820; x_wconf 87' lang='lat' dir='ltr'>Metelli</span> <span class='ocrx_word' id='word_1_171' title='bbox 1634 1762 1667 1819; x_wconf 89' lang='lat' dir='ltr'>in</span> <span class='ocrx_word' id='word_1_172' title='bbox 1686 1773 1799 1840; x_wconf 86' lang='lat' dir='ltr'>pestem</span> 
     </span>
     <span class='ocr_line' id='line_1_15' title="bbox 403 1855 1801 1939; baseline 0.005 -29"><span class='ocrx_word' id='word_1_173' title='bbox 403 1871 444 1910; x_wconf 88' lang='lat' dir='ltr'>ne</span> <span class='ocrx_word' id='word_1_174' title='bbox 465 1865 655 1916; x_wconf 77' lang='lat' dir='ltr'>converteret.</span> <span class='ocrx_word' id='word_1_175' title='bbox 683 1855 878 1936; x_wconf 80' lang='lat' dir='ltr'>7r.audirit,</span> <span class='ocrx_word' id='word_1_176' title='bbox 898 1878 933 1915; x_wconf 85' lang='lat' dir='ltr'>ex</span> <span class='ocrx_word' id='word_1_177' title='bbox 955 1858 1180 1917; x_wconf 89' lang='lat' dir='ltr'>consuetudine.</span> <span class='ocrx_word' id='word_1_178' title='bbox 1213 1862 1261 1938; x_wconf 94' lang='grc'>73.</span> <span class='ocrx_word' id='word_1_179' title='bbox 1281 1857 1381 1917; x_wconf 87' lang='lat' dir='ltr'>decori</span> <span class='ocrx_word' id='word_1_180' title='bbox 1402 1858 1505 1917; x_wconf 85' lang='lat' dir='ltr'>luerat.</span> <span class='ocrx_word' id='word_1_181' title='bbox 1539 1859 1588 1939; x_wconf 96' lang='grc'>74.</span> <span class='ocrx_word' id='word_1_182' title='bbox 1604 1877 1653 1916; x_wconf 83' lang='lat' dir='ltr'>rex</span> <span class='ocrx_word' id='word_1_183' title='bbox 1674 1856 1764 1917; x_wconf 77' lang='lat' dir='ltr'>alluit</span> <span class='ocrx_word' id='word_1_184' title='bbox 1780 1888 1801 1905; x_wconf 89' lang='lat'><em>-</em></span> 
     </span>
     <span class='ocr_line' id='line_1_16' title="bbox 405 1950 1799 2033; baseline 0.004 -27"><span class='ocrx_word' id='word_1_185' title='bbox 405 1950 503 2007; x_wconf 86' lang='lat' dir='ltr'>tutati.</span> <span class='ocrx_word' id='word_1_186' title='bbox 527 1951 574 2029; x_wconf 87' lang='lat'>75.</span> <span class='ocrx_word' id='word_1_187' title='bbox 587 1952 620 2010; x_wconf 94' lang='lat' dir='ltr'>id</span> <span class='ocrx_word' id='word_1_188' title='bbox 634 1952 790 2031; x_wconf 90' lang='lat' dir='ltr'>oppidum.</span> <span class='ocrx_word' id='word_1_189' title='bbox 813 1952 861 2032; x_wconf 84' lang='lat'>76.</span> <span class='ocrx_word' id='word_1_190' title='bbox 875 1972 936 2010; x_wconf 87' lang='lat' dir='ltr'>una</span> <span class='ocrx_word' id='word_1_191' title='bbox 952 1952 1001 2011; x_wconf 91' lang='lat' dir='ltr'>die</span> <span class='ocrx_word' id='word_1_192' title='bbox 1020 1964 1071 2013; x_wconf 91' lang='lat' dir='ltr'>aut</span> <span class='ocrx_word' id='word_1_193' title='bbox 1084 1965 1183 2012; x_wconf 88' lang='lat' dir='ltr'>nocte.</span> <span class='ocrx_word' id='word_1_194' title='bbox 1216 1976 1263 2033; x_wconf 87' lang='lat'>77.</span> <span class='ocrx_word' id='word_1_195' title='bbox 1279 1974 1370 2033; x_wconf 79' lang='lat' dir='ltr'>gnare</span> <span class='ocrx_word' id='word_1_196' title='bbox 1392 1954 1529 2012; x_wconf 80' lang='lat' dir='ltr'>fecerant.</span> <span class='ocrx_word' id='word_1_197' title='bbox 1560 1954 1608 2012; x_wconf 81' lang='lat'>85:</span> <span class='ocrx_word' id='word_1_198' title='bbox 1628 1952 1799 2013; x_wconf 75' lang='lat' dir='ltr'>divitiarum</span> 
     </span>
     <span class='ocr_line' id='line_1_17' title="bbox 404 2045 1798 2129; baseline 0.004 -28"><span class='ocrx_word' id='word_1_199' title='bbox 404 2063 496 2103; x_wconf 87' lang='lat' dir='ltr'>arma.</span> <span class='ocrx_word' id='word_1_200' title='bbox 518 2045 567 2125; x_wconf 90' lang='grc'><strong>93.</strong></span> <span class='ocrx_word' id='word_1_201' title='bbox 580 2049 717 2105; x_wconf 88' lang='lat' dir='ltr'>animum</span> <span class='ocrx_word' id='word_1_202' title='bbox 733 2046 858 2106; x_wconf 81' lang='lat' dir='ltr'>advertit</span> <span class='ocrx_word' id='word_1_203' title='bbox 877 2052 1064 2127; x_wconf 87' lang='lat' dir='ltr'>-paululum</span> <span class='ocrx_word' id='word_1_204' title='bbox 1082 2050 1184 2119; x_wconf 71' lang='lat' dir='ltr'>modo,</span> <span class='ocrx_word' id='word_1_205' title='bbox 1206 2071 1255 2129; x_wconf 89' lang='lat'>97.</span> <span class='ocrx_word' id='word_1_206' title='bbox 1270 2051 1384 2129; x_wconf 89' lang='lat' dir='ltr'>accepit</span> <span class='ocrx_word' id='word_1_207' title='bbox 1393 2049 1520 2107; x_wconf 88' lang='lat' dir='ltr'>dubium</span> <span class='ocrx_word' id='word_1_208' title='bbox 1535 2048 1798 2107; x_wconf 83' lang='lat' dir='ltr'>belli-difficilem</span> 
     </span>
     <span class='ocr_line' id='line_1_18' title="bbox 404 2141 1800 2223; baseline 0.001 -24"><span class='ocrx_word' id='word_1_209' title='bbox 404 2141 477 2200; x_wconf 79' lang='lat' dir='ltr'>fore.</span> <span class='ocrx_word' id='word_1_210' title='bbox 502 2162 567 2201; x_wconf 90' lang='lat'>100.</span> <span class='ocrx_word' id='word_1_211' title='bbox 592 2142 717 2202; x_wconf 89' lang='lat' dir='ltr'>hiberna</span> <span class='ocrx_word' id='word_1_212' title='bbox 735 2145 762 2201; x_wconf 86' lang='lat' dir='ltr'>it</span> <span class='ocrx_word' id='word_1_213' title='bbox 787 2155 917 2223; x_wconf 89' lang='lat' dir='ltr'>propter.</span> <span class='ocrx_word' id='word_1_214' title='bbox 943 2164 1010 2215; x_wconf 75' lang='grc' dir='ltr'><strong>ιοι,</strong></span> <span class='ocrx_word' id='word_1_215' title='bbox 1027 2148 1156 2204; x_wconf 90' lang='lat' dir='ltr'>occurrit</span> <span class='ocrx_word' id='word_1_216' title='bbox 1170 2147 1289 2205; x_wconf 85' lang='lat' dir='ltr'>auxilio.</span> <span class='ocrx_word' id='word_1_217' title='bbox 1315 2164 1380 2203; x_wconf 85' lang='lat' dir='ltr'>roa.</span> <span class='ocrx_word' id='word_1_218' title='bbox 1399 2144 1435 2201; x_wconf 89' lang='lat' dir='ltr'>de</span> <span class='ocrx_word' id='word_1_219' title='bbox 1455 2148 1509 2203; x_wconf 81' lang='lat' dir='ltr'>suo</span> <span class='ocrx_word' id='word_1_220' title='bbox 1525 2155 1554 2203; x_wconf 90' lang='lat' dir='ltr'>et</span> <span class='ocrx_word' id='word_1_221' title='bbox 1571 2175 1591 2192; x_wconf 89' lang='lat'>-</span> <span class='ocrx_word' id='word_1_222' title='bbox 1610 2144 1690 2203; x_wconf 89' lang='lat' dir='ltr'>unde</span> <span class='ocrx_word' id='word_1_223' title='bbox 1706 2162 1800 2223; x_wconf 85' lang='lat' dir='ltr'>expu-</span> 
     </span>
     <span class='ocr_line' id='line_1_19' title="bbox 403 2237 1798 2323; baseline 0.003 -30"><span class='ocrx_word' id='word_1_224' title='bbox 403 2238 479 2296; x_wconf 88' lang='lat' dir='ltr'>lerat</span> <span class='ocrx_word' id='word_1_225' title='bbox 495 2240 525 2297; x_wconf 84' lang='lat' dir='ltr'>vi</span> <span class='ocrx_word' id='word_1_226' title='bbox 543 2238 657 2297; x_wconf 87' lang='lat' dir='ltr'>Marius</span> <span class='ocrx_word' id='word_1_227' title='bbox 683 2237 873 2321; x_wconf 83' lang='lat' dir='ltr'>Jugurtham.</span> <span class='ocrx_word' id='word_1_228' title='bbox 908 2241 974 2306; x_wconf 90' lang='grc' dir='ltr'><strong>ιο6.</strong></span> <span class='ocrx_word' id='word_1_229' title='bbox 995 2240 1033 2301; x_wconf 82' lang='lat' dir='ltr'>sd</span> <span class='ocrx_word' id='word_1_230' title='bbox 1056 2242 1160 2302; x_wconf 85' lang='lat' dir='ltr'>Siliam</span> <span class='ocrx_word' id='word_1_231' title='bbox 1184 2242 1322 2302; x_wconf 84' lang='lat' dir='ltr'>occurrit.</span> <span class='ocrx_word' id='word_1_232' title='bbox 1361 2260 1427 2301; x_wconf 88' lang='grc' dir='ltr'><strong>ιιι.</strong></span> <span class='ocrx_word' id='word_1_233' title='bbox 1447 2241 1557 2323; x_wconf 80' lang='lat' dir='ltr'>agitare</span> <span class='ocrx_word' id='word_1_234' title='bbox 1579 2241 1798 2321; x_wconf 85' lang='lat' dir='ltr'>cognationem.</span> 
     </span>
     <span class='ocr_line' id='line_1_20' title="bbox 408 2332 951 2418; baseline 0.013 -27"><span class='ocrx_word' id='word_1_235' title='bbox 408 2332 475 2399; x_wconf 89' lang='grc' dir='ltr'><strong>ιι3.</strong></span> <span class='ocrx_word' id='word_1_236' title='bbox 495 2336 659 2395; x_wconf 88' lang='lat' dir='ltr'>constituto</span> <span class='ocrx_word' id='word_1_237' title='bbox 676 2339 743 2396; x_wconf 88' lang='lat' dir='ltr'>loco</span> <span class='ocrx_word' id='word_1_238' title='bbox 763 2347 794 2397; x_wconf 87' lang='lat' dir='ltr'>et</span> <span class='ocrx_word' id='word_1_239' title='bbox 809 2347 951 2418; x_wconf 85' lang='lat' dir='ltr'>tempore.</span> 
     </span>
    </p>
   </div>
   <div class='ocr_carea' id='block_1_4' title="bbox 402 2534 1803 2991">
    <p class='ocr_par' dir='ltr' id='par_1_4' title="bbox 402 2534 1803 2991">
     <span class='ocr_line' id='line_1_21' title="bbox 506 2534 1800 2648; baseline 0.001 -34"><span class='ocrx_word' id='word_1_240' title='bbox 506 2540 594 2614; x_wconf 88' lang='lat' dir='ltr'>Cod.</span> <span class='ocrx_word' id='word_1_241' title='bbox 609 2542 660 2627; x_wconf 82' lang='lat' dir='ltr'>X,</span> <span class='ocrx_word' id='word_1_242' title='bbox 686 2542 895 2617; x_wconf 85' lang='lat' dir='ltr'>Membran.</span> <span class='ocrx_word' id='word_1_243' title='bbox 921 2544 983 2641; x_wconf 90' lang='lat' dir='ltr'>(P.</span> <span class='ocrx_word' id='word_1_244' title='bbox 995 2544 1084 2639; x_wconf 84' lang='grc'><strong>89.)</strong></span> <span class='ocrx_word' id='word_1_245' title='bbox 1116 2542 1248 2618; x_wconf 89' lang='lat' dir='ltr'>Solum</span> <span class='ocrx_word' id='word_1_246' title='bbox 1262 2538 1493 2648; x_wconf 84' lang='lat' dir='ltr'>Jugurtham</span> <span class='ocrx_word' id='word_1_247' title='bbox 1507 2534 1685 2615; x_wconf 85' lang='lat' dir='ltr'>continet</span> <span class='ocrx_word' id='word_1_248' title='bbox 1711 2537 1800 2615; x_wconf 88' lang='lat' dir='ltr'>Non</span> 
     </span>
     <span class='ocr_line' id='line_1_22' title="bbox 403 2650 1803 2733; baseline 0.004 -10"><span class='ocrx_word' id='word_1_249' title='bbox 403 2650 519 2727; x_wconf 91' lang='lat' dir='ltr'>modo</span> <span class='ocrx_word' id='word_1_250' title='bbox 549 2655 641 2730; x_wconf 86' lang='lat' dir='ltr'>ordo</span> <span class='ocrx_word' id='word_1_251' title='bbox 672 2657 875 2733; x_wconf 82' lang='lat' dir='ltr'>verborum</span> <span class='ocrx_word' id='word_1_252' title='bbox 911 2658 1119 2733; x_wconf 88' lang='lat' dir='ltr'>sedetiam</span> <span class='ocrx_word' id='word_1_253' title='bbox 1150 2657 1331 2733; x_wconf 81' lang='lat' dir='ltr'>foliorum</span> <span class='ocrx_word' id='word_1_254' title='bbox 1361 2658 1535 2731; x_wconf 84' lang='lat' dir='ltr'>turbatus</span> <span class='ocrx_word' id='word_1_255' title='bbox 1563 2672 1625 2731; x_wconf 90' lang='lat' dir='ltr'>est.</span> <span class='ocrx_word' id='word_1_256' title='bbox 1661 2656 1803 2728; x_wconf 87' lang='lat' dir='ltr'>Insunt</span> 
     </span>
     <span class='ocr_line' id='line_1_23' title="bbox 402 2768 1803 2877; baseline 0.001 -36"><span class='ocrx_word' id='word_1_257' title='bbox 402 2768 525 2843; x_wconf 89' lang='lat' dir='ltr'>multa</span> <span class='ocrx_word' id='word_1_258' title='bbox 540 2770 737 2875; x_wconf 79' lang='lat' dir='ltr'>scripturae</span> <span class='ocrx_word' id='word_1_259' title='bbox 757 2773 905 2862; x_wconf 88' lang='lat' dir='ltr'>menda,</span> <span class='ocrx_word' id='word_1_260' title='bbox 918 2772 1098 2875; x_wconf 84' lang='lat' dir='ltr'>etsaepius</span> <span class='ocrx_word' id='word_1_261' title='bbox 1111 2774 1398 2877; x_wconf 87' lang='lat' dir='ltr'>conjunctiones</span> <span class='ocrx_word' id='word_1_262' title='bbox 1414 2772 1573 2864; x_wconf 78' lang='lat' dir='ltr'>omis0ae3</span> <span class='ocrx_word' id='word_1_263' title='bbox 1588 2768 1712 2845; x_wconf 89' lang='lat' dir='ltr'>nihilo</span> <span class='ocrx_word' id='word_1_264' title='bbox 1727 2768 1803 2843; x_wconf 87' lang='lat' dir='ltr'>mi-</span> 
     </span>
     <span class='ocr_line' id='line_1_24' title="bbox 403 2884 1801 2991; baseline 0.002 -35"><span class='ocrx_word' id='word_1_265' title='bbox 403 2909 476 2957; x_wconf 87' lang='lat' dir='ltr'>nus</span> <span class='ocrx_word' id='word_1_266' title='bbox 501 2901 628 2962; x_wconf 88' lang='lat' dir='ltr'>tamen</span> <span class='ocrx_word' id='word_1_267' title='bbox 649 2888 750 2962; x_wconf 85' lang='lat' dir='ltr'>inter</span> <span class='ocrx_word' id='word_1_268' title='bbox 766 2888 905 2962; x_wconf 85' lang='lat' dir='ltr'>multas</span> <span class='ocrx_word' id='word_1_269' title='bbox 920 2913 1052 2991; x_wconf 85' lang='lat' dir='ltr'>pravas</span> <span class='ocrx_word' id='word_1_270' title='bbox 1068 2914 1200 2991; x_wconf 83' lang='lat' dir='ltr'>paucae</span> <span class='ocrx_word' id='word_1_271' title='bbox 1212 2890 1323 2963; x_wconf 81' lang='lat' dir='ltr'>honac</span> <span class='ocrx_word' id='word_1_272' title='bbox 1337 2888 1515 2962; x_wconf 87' lang='lat' dir='ltr'>lectiones</span> <span class='ocrx_word' id='word_1_273' title='bbox 1535 2884 1801 2960; x_wconf 87' lang='lat' dir='ltr'>inveniuntur.</span> 
     </span>
    </p>
   </div>
   <div class='ocr_carea' id='block_1_5' title="bbox 312 3010 1803 4350">
    <p class='ocr_par' dir='ltr' id='par_1_5' title="bbox 312 3010 1803 4350">
     <span class='ocr_line' id='line_1_25' title="bbox 488 3010 1800 3101; baseline -0.001 -26"><span class='ocrx_word' id='word_1_274' title='bbox 488 3038 513 3077; x_wconf 88' lang='lat'>1.</span> <span class='ocrx_word' id='word_1_275' title='bbox 535 3021 675 3079; x_wconf 79' lang='lat' dir='ltr'>invenies.</span> <span class='ocrx_word' id='word_1_276' title='bbox 698 3040 726 3079; x_wconf 87' lang='lat'>2.</span> <span class='ocrx_word' id='word_1_277' title='bbox 745 3031 893 3079; x_wconf 91' lang='lat' dir='ltr'>secuntur.</span> <span class='ocrx_word' id='word_1_278' title='bbox 917 3043 945 3100; x_wconf 90' lang='lat'>7.</span> <span class='ocrx_word' id='word_1_279' title='bbox 959 3023 1072 3099; x_wconf 59' lang='lat' dir='ltr'>quinio</span> <span class='ocrx_word' id='word_1_280' title='bbox 1091 3041 1188 3101; x_wconf 87' lang='lat' dir='ltr'>neque</span> <span class='ocrx_word' id='word_1_281' title='bbox 1204 3022 1363 3080; x_wconf 89' lang='lat' dir='ltr'>consilium</span> <span class='ocrx_word' id='word_1_282' title='bbox 1388 3018 1492 3099; x_wconf 73' lang='lat' dir='ltr'>(cujus</span> <span class='ocrx_word' id='word_1_283' title='bbox 1509 3010 1685 3095; x_wconf 91' lang='lat' dir='ltr'>omissum).</span> <span class='ocrx_word' id='word_1_284' title='bbox 1706 3013 1757 3073; x_wconf 87' lang='lat' dir='ltr'>sed</span> <span class='ocrx_word' id='word_1_285' title='bbox 1771 3017 1800 3074; x_wconf 87' lang='lat' dir='ltr'>si</span> 
     </span>
     <span class='ocr_line' id='line_1_26' title="bbox 402 3110 1801 3197; baseline 0.003 -28"><span class='ocrx_word' id='word_1_286' title='bbox 402 3110 441 3170; x_wconf 85' lang='lat' dir='ltr'>ad</span> <span class='ocrx_word' id='word_1_287' title='bbox 458 3114 689 3194; x_wconf 88' lang='lat' dir='ltr'>impetrandum.</span> <span class='ocrx_word' id='word_1_288' title='bbox 716 3138 759 3197; x_wconf 90' lang='grc' dir='ltr'><strong>ι7.</strong></span> <span class='ocrx_word' id='word_1_289' title='bbox 775 3115 948 3197; x_wconf 90' lang='lat' dir='ltr'>philosophi</span> <span class='ocrx_word' id='word_1_290' title='bbox 965 3119 1100 3197; x_wconf 87' lang='lat' dir='ltr'>plerique</span> <span class='ocrx_word' id='word_1_291' title='bbox 1118 3148 1138 3164; x_wconf 90' lang='lat'>·</span> <span class='ocrx_word' id='word_1_292' title='bbox 1157 3116 1269 3175; x_wconf 87' lang='lat' dir='ltr'>arboris</span> <span class='ocrx_word' id='word_1_293' title='bbox 1290 3116 1477 3176; x_wconf 80' lang='lat' dir='ltr'>infecundus.</span> <span class='ocrx_word' id='word_1_294' title='bbox 1503 3112 1801 3193; x_wconf 82' lang='lat' dir='ltr'>19.originibussuis</span> 
     </span>
     <span class='ocr_line' id='line_1_27' title="bbox 400 3210 1801 3297; baseline -0.001 -29"><span class='ocrx_word' id='word_1_295' title='bbox 400 3211 568 3285; x_wconf 83' lang='lat' dir='ltr'>praesidium</span> <span class='ocrx_word' id='word_1_296' title='bbox 588 3213 774 3272; x_wconf 81' lang='lat' dir='ltr'>-Numidia</span> <span class='ocrx_word' id='word_1_297' title='bbox 791 3225 881 3293; x_wconf 87' lang='lat' dir='ltr'>atque</span> <span class='ocrx_word' id='word_1_298' title='bbox 901 3213 1027 3273; x_wconf 85' lang='lat' dir='ltr'>flumen.</span> <span class='ocrx_word' id='word_1_299' title='bbox 1059 3214 1107 3274; x_wconf 79' lang='lat'>26.</span> <span class='ocrx_word' id='word_1_300' title='bbox 1123 3214 1253 3295; x_wconf 82' lang='lat' dir='ltr'>cogundi</span> <span class='ocrx_word' id='word_1_301' title='bbox 1271 3223 1410 3294; x_wconf 87' lang='lat' dir='ltr'>potestas.</span> <span class='ocrx_word' id='word_1_302' title='bbox 1433 3211 1482 3270; x_wconf 96' lang='grc'><strong>30.</strong></span> <span class='ocrx_word' id='word_1_303' title='bbox 1494 3210 1648 3290; x_wconf 90' lang='lat' dir='ltr'>probarem</span> <span class='ocrx_word' id='word_1_304' title='bbox 1670 3219 1801 3297; x_wconf 56' lang='lat' dir='ltr'>tantum,</span> 
     </span>
     <span class='ocr_line' id='line_1_28' title="bbox 402 3302 1803 3389; baseline 0 -26"><span class='ocrx_word' id='word_1_305' title='bbox 402 3302 450 3363; x_wconf 86' lang='grc'>36.</span> <span class='ocrx_word' id='word_1_306' title='bbox 466 3306 594 3366; x_wconf 85' lang='lat' dir='ltr'>Romam</span> <span class='ocrx_word' id='word_1_307' title='bbox 611 3309 744 3368; x_wconf 88' lang='lat' dir='ltr'>decessit.</span> <span class='ocrx_word' id='word_1_308' title='bbox 765 3310 815 3389; x_wconf 82' lang='lat'>39.</span> <span class='ocrx_word' id='word_1_309' title='bbox 834 3309 963 3389; x_wconf 89' lang='lat' dir='ltr'>denique</span> <span class='ocrx_word' id='word_1_310' title='bbox 983 3310 1123 3369; x_wconf 90' lang='lat' dir='ltr'>omnibus</span> <span class='ocrx_word' id='word_1_311' title='bbox 1146 3312 1291 3369; x_wconf 86' lang='lat' dir='ltr'>festinare.</span> <span class='ocrx_word' id='word_1_312' title='bbox 1314 3311 1363 3379; x_wconf 94' lang='grc'>43.</span> <span class='ocrx_word' id='word_1_313' title='bbox 1379 3307 1511 3379; x_wconf 88' lang='lat' dir='ltr'>Quintus</span> <span class='ocrx_word' id='word_1_314' title='bbox 1526 3307 1663 3367; x_wconf 86' lang='lat' dir='ltr'>Metellus</span> <span class='ocrx_word' id='word_1_315' title='bbox 1674 3304 1803 3363; x_wconf 85' lang='lat' dir='ltr'>etSilla-</span> 
     </span>
     <span class='ocr_line' id='line_1_29' title="bbox 402 3402 1802 3485; baseline -0.001 -27"><span class='ocrx_word' id='word_1_316' title='bbox 402 3421 457 3460; x_wconf 89' lang='lat' dir='ltr'>nus</span> <span class='ocrx_word' id='word_1_317' title='bbox 477 3408 624 3464; x_wconf 81' lang='lat' dir='ltr'>-auxilia</span> <span class='ocrx_word' id='word_1_318' title='bbox 645 3406 807 3465; x_wconf 88' lang='lat' dir='ltr'>mittundo.</span> <span class='ocrx_word' id='word_1_319' title='bbox 835 3406 883 3478; x_wconf 91' lang='grc'>44.</span> <span class='ocrx_word' id='word_1_320' title='bbox 898 3405 949 3466; x_wconf 87' lang='lat' dir='ltr'>sed</span> <span class='ocrx_word' id='word_1_321' title='bbox 969 3426 1066 3485; x_wconf 90' lang='lat' dir='ltr'>neque</span> <span class='ocrx_word' id='word_1_322' title='bbox 1086 3427 1136 3480; x_wconf 86' lang='lat' dir='ltr'>ea,</span> <span class='ocrx_word' id='word_1_323' title='bbox 1157 3426 1254 3485; x_wconf 87' lang='lat' dir='ltr'>neque</span> <span class='ocrx_word' id='word_1_324' title='bbox 1269 3425 1361 3465; x_wconf 91' lang='lat' dir='ltr'>more.</span> <span class='ocrx_word' id='word_1_325' title='bbox 1389 3405 1437 3484; x_wconf 87' lang='grc'>47.</span> <span class='ocrx_word' id='word_1_326' title='bbox 1450 3413 1571 3483; x_wconf 89' lang='lat' dir='ltr'>propter</span> <span class='ocrx_word' id='word_1_327' title='bbox 1588 3402 1802 3479; x_wconf 88' lang='lat' dir='ltr'>opportunita-</span> 
     </span>
     <span class='ocr_line' id='line_1_30' title="bbox 402 3492 1800 3582; baseline -0.001 -26"><span class='ocrx_word' id='word_1_328' title='bbox 402 3506 444 3554; x_wconf 81' lang='lat' dir='ltr'>tes</span> <span class='ocrx_word' id='word_1_329' title='bbox 465 3530 484 3544; x_wconf 98' lang='lat'>-</span> <span class='ocrx_word' id='word_1_330' title='bbox 503 3510 533 3556; x_wconf 87' lang='lat' dir='ltr'>et</span> <span class='ocrx_word' id='word_1_331' title='bbox 552 3515 751 3561; x_wconf 89' lang='lat' dir='ltr'>commeatum</span> <span class='ocrx_word' id='word_1_332' title='bbox 771 3506 919 3582; x_wconf 88' lang='lat' dir='ltr'>-paratis</span> <span class='ocrx_word' id='word_1_333' title='bbox 942 3513 972 3561; x_wconf 84' lang='lat' dir='ltr'>et</span> <span class='ocrx_word' id='word_1_334' title='bbox 993 3502 1090 3562; x_wconf 87' lang='lat' dir='ltr'>rebus.</span> <span class='ocrx_word' id='word_1_335' title='bbox 1123 3503 1171 3581; x_wconf 89' lang='grc'><strong>49.</strong></span> <span class='ocrx_word' id='word_1_336' title='bbox 1196 3522 1292 3579; x_wconf 85' lang='lat' dir='ltr'>neque</span> <span class='ocrx_word' id='word_1_337' title='bbox 1324 3504 1413 3582; x_wconf 91' lang='lat' dir='ltr'>plane</span> <span class='ocrx_word' id='word_1_338' title='bbox 1444 3499 1564 3557; x_wconf 82' lang='lat' dir='ltr'>occulti.</span> <span class='ocrx_word' id='word_1_339' title='bbox 1608 3497 1656 3577; x_wconf 91' lang='grc'><strong>74.</strong></span> <span class='ocrx_word' id='word_1_340' title='bbox 1683 3515 1741 3575; x_wconf 89' lang='lat' dir='ltr'>qua</span> <span class='ocrx_word' id='word_1_341' title='bbox 1765 3492 1800 3555; x_wconf 83' lang='lat' dir='ltr'>in</span> 
     </span>
     <span class='ocr_line' id='line_1_31' title="bbox 399 3592 1802 3678; baseline 0 -29"><span class='ocrx_word' id='word_1_342' title='bbox 399 3604 483 3671; x_wconf 88' lang='lat' dir='ltr'>parte</span> <span class='ocrx_word' id='word_1_343' title='bbox 500 3614 547 3653; x_wconf 83' lang='lat' dir='ltr'>rex</span> <span class='ocrx_word' id='word_1_344' title='bbox 571 3597 669 3659; x_wconf 82' lang='lat' dir='ltr'>affuit.</span> <span class='ocrx_word' id='word_1_345' title='bbox 699 3601 748 3658; x_wconf 91' lang='lat'>80.</span> <span class='ocrx_word' id='word_1_346' title='bbox 760 3602 845 3657; x_wconf 91' lang='lat' dir='ltr'>nulla</span> <span class='ocrx_word' id='word_1_347' title='bbox 869 3618 923 3678; x_wconf 87' lang='lat' dir='ltr'>per</span> <span class='ocrx_word' id='word_1_348' title='bbox 941 3600 1052 3657; x_wconf 89' lang='lat' dir='ltr'>sociam</span> <span class='ocrx_word' id='word_1_349' title='bbox 1074 3598 1200 3656; x_wconf 86' lang='lat' dir='ltr'>obtinet.</span> <span class='ocrx_word' id='word_1_350' title='bbox 1237 3600 1286 3658; x_wconf 83' lang='lat'>83.</span> <span class='ocrx_word' id='word_1_351' title='bbox 1302 3596 1410 3655; x_wconf 90' lang='lat' dir='ltr'>habere</span> <span class='ocrx_word' id='word_1_352' title='bbox 1431 3594 1583 3673; x_wconf 79' lang='lat' dir='ltr'>magliam.</span> <span class='ocrx_word' id='word_1_353' title='bbox 1617 3592 1666 3661; x_wconf 92' lang='grc'><strong>84.</strong></span> <span class='ocrx_word' id='word_1_354' title='bbox 1685 3592 1802 3650; x_wconf 82' lang='lat' dir='ltr'>volenti</span> 
     </span>
     <span class='ocr_line' id='line_1_32' title="bbox 399 3686 1803 3775; baseline -0.001 -28"><span class='ocrx_word' id='word_1_355' title='bbox 399 3690 486 3766; x_wconf 88' lang='lat' dir='ltr'>plebe</span> <span class='ocrx_word' id='word_1_356' title='bbox 505 3694 623 3752; x_wconf 89' lang='lat' dir='ltr'>militia.</span> <span class='ocrx_word' id='word_1_357' title='bbox 646 3696 956 3775; x_wconf 63' lang='lat' dir='ltr'>attemperatum</span> <span class='ocrx_word' id='word_1_358' title='bbox 976 3696 1070 3753; x_wconf 92' lang='lat' dir='ltr'>alium</span> <span class='ocrx_word' id='word_1_359' title='bbox 1088 3706 1197 3775; x_wconf 82' lang='lat' dir='ltr'>quaerat</span> <span class='ocrx_word' id='word_1_360' title='bbox 1216 3726 1235 3741; x_wconf 91' lang='lat'>-</span> <span class='ocrx_word' id='word_1_361' title='bbox 1254 3693 1424 3768; x_wconf 76' lang='lat' dir='ltr'>divitiarum</span> <span class='ocrx_word' id='word_1_362' title='bbox 1440 3708 1531 3748; x_wconf 83' lang='lat' dir='ltr'>arma.</span> <span class='ocrx_word' id='word_1_363' title='bbox 1552 3687 1718 3767; x_wconf 81' lang='lat' dir='ltr'>93.cupido</span> <span class='ocrx_word' id='word_1_364' title='bbox 1737 3686 1803 3745; x_wconf 85' lang='lat' dir='ltr'>dit-</span> 
     </span>
     <span class='ocr_line' id='line_1_33' title="bbox 399 3781 1803 3871; baseline -0.001 -29"><span class='ocrx_word' id='word_1_365' title='bbox 399 3787 492 3844; x_wconf 86' lang='lat' dir='ltr'>licilia</span> <span class='ocrx_word' id='word_1_366' title='bbox 513 3788 550 3845; x_wconf 91' lang='lat' dir='ltr'>ad</span> <span class='ocrx_word' id='word_1_367' title='bbox 565 3790 734 3849; x_wconf 84' lang='lat' dir='ltr'>laciendum</span> <span class='ocrx_word' id='word_1_368' title='bbox 756 3793 892 3851; x_wconf 85' lang='lat' dir='ltr'>animum</span> <span class='ocrx_word' id='word_1_369' title='bbox 911 3790 1052 3868; x_wconf 78' lang='lat' dir='ltr'>intendit.</span> <span class='ocrx_word' id='word_1_370' title='bbox 1080 3792 1129 3871; x_wconf 85' lang='lat'>95.</span> <span class='ocrx_word' id='word_1_371' title='bbox 1149 3790 1241 3870; x_wconf 87' lang='lat' dir='ltr'>pudet</span> <span class='ocrx_word' id='word_1_372' title='bbox 1261 3790 1354 3871; x_wconf 83' lang='lat' dir='ltr'>magis</span> <span class='ocrx_word' id='word_1_373' title='bbox 1370 3808 1409 3846; x_wconf 88' lang='lat' dir='ltr'>an</span> <span class='ocrx_word' id='word_1_374' title='bbox 1427 3788 1519 3867; x_wconf 85' lang='lat' dir='ltr'>piget.</span> <span class='ocrx_word' id='word_1_375' title='bbox 1546 3786 1595 3864; x_wconf 92' lang='grc'>98.</span> <span class='ocrx_word' id='word_1_376' title='bbox 1612 3794 1642 3842; x_wconf 86' lang='lat' dir='ltr'>et</span> <span class='ocrx_word' id='word_1_377' title='bbox 1663 3783 1719 3862; x_wconf 85' lang='lat' dir='ltr'>ipsi</span> <span class='ocrx_word' id='word_1_378' title='bbox 1738 3781 1803 3841; x_wconf 86' lang='lat' dir='ltr'>du-</span> 
     </span>
     <span class='ocr_line' id='line_1_34' title="bbox 400 3881 1803 3967; baseline -0.008 -19"><span class='ocrx_word' id='word_1_379' title='bbox 400 3901 449 3948; x_wconf 61' lang='grc'>988</span> <span class='ocrx_word' id='word_1_380' title='bbox 465 3896 549 3943; x_wconf 89' lang='lat' dir='ltr'>erant</span> <span class='ocrx_word' id='word_1_381' title='bbox 566 3888 685 3951; x_wconf 74' lang='lat' dir='ltr'>seroces.</span> <span class='ocrx_word' id='word_1_382' title='bbox 719 3891 872 3948; x_wconf 69' lang='lat' dir='ltr'>rouvelle</span> <span class='ocrx_word' id='word_1_383' title='bbox 895 3887 932 3947; x_wconf 90' lang='lat' dir='ltr'>de</span> <span class='ocrx_word' id='word_1_384' title='bbox 951 3908 1006 3947; x_wconf 88' lang='lat' dir='ltr'>suo</span> <span class='ocrx_word' id='word_1_385' title='bbox 1023 3888 1130 3967; x_wconf 89' lang='lat' dir='ltr'>populi</span> <span class='ocrx_word' id='word_1_386' title='bbox 1150 3886 1227 3943; x_wconf 87' lang='lat' dir='ltr'>-ad</span> <span class='ocrx_word' id='word_1_387' title='bbox 1247 3884 1306 3944; x_wconf 91' lang='lat' dir='ltr'>hoc</span> <span class='ocrx_word' id='word_1_388' title='bbox 1321 3887 1450 3965; x_wconf 89' lang='lat' dir='ltr'>populus</span> <span class='ocrx_word' id='word_1_389' title='bbox 1463 3881 1615 3941; x_wconf 81' lang='lat' dir='ltr'>Romanus</span> <span class='ocrx_word' id='word_1_390' title='bbox 1636 3881 1731 3939; x_wconf 78' lang='lat' dir='ltr'>risum</span> <span class='ocrx_word' id='word_1_391' title='bbox 1756 3890 1803 3938; x_wconf 88' lang='lat' dir='ltr'>est</span> 
     </span>
     <span class='ocr_line' id='line_1_35' title="bbox 402 3975 1802 4064; baseline -0.001 -29"><span class='ocrx_word' id='word_1_392' title='bbox 402 3980 508 4039; x_wconf 88' lang='lat' dir='ltr'>melius</span> <span class='ocrx_word' id='word_1_393' title='bbox 528 4012 547 4027; x_wconf 95' lang='lat'>-</span> <span class='ocrx_word' id='word_1_394' title='bbox 566 3982 646 4042; x_wconf 87' lang='lat' dir='ltr'>uude</span> <span class='ocrx_word' id='word_1_395' title='bbox 662 3987 690 4044; x_wconf 82' lang='lat' dir='ltr'>ri</span> <span class='ocrx_word' id='word_1_396' title='bbox 706 3981 886 4064; x_wconf 79' lang='lat' dir='ltr'>Jugurtham</span> <span class='ocrx_word' id='word_1_397' title='bbox 904 3986 1064 4063; x_wconf 86' lang='lat' dir='ltr'>expulerat.</span> <span class='ocrx_word' id='word_1_398' title='bbox 1088 3983 1154 4041; x_wconf 90' lang='grc' dir='ltr'>ιο5.</span> <span class='ocrx_word' id='word_1_399' title='bbox 1169 3982 1334 4041; x_wconf 81' lang='lat' dir='ltr'>advorsum.</span> <span class='ocrx_word' id='word_1_400' title='bbox 1361 4002 1427 4060; x_wconf 85' lang='lat'>107.</span> <span class='ocrx_word' id='word_1_401' title='bbox 1447 3978 1485 4037; x_wconf 89' lang='lat' dir='ltr'>ad</span> <span class='ocrx_word' id='word_1_402' title='bbox 1501 3975 1595 4036; x_wconf 88' lang='lat' dir='ltr'>hostis</span> <span class='ocrx_word' id='word_1_403' title='bbox 1614 4009 1633 4023; x_wconf 94' lang='lat'><em>-</em></span> <span class='ocrx_word' id='word_1_404' title='bbox 1650 3994 1723 4054; x_wconf 75' lang='lat' dir='ltr'>stepo</span> <span class='ocrx_word' id='word_1_405' title='bbox 1741 3994 1802 4033; x_wconf 87' lang='lat' dir='ltr'>au-</span> 
     </span>
     <span class='ocr_line' id='line_1_36' title="bbox 401 4068 1802 4160; baseline -0.004 -27"><span class='ocrx_word' id='word_1_406' title='bbox 401 4085 448 4133; x_wconf 84' lang='lat' dir='ltr'>tea</span> <span class='ocrx_word' id='word_1_407' title='bbox 466 4079 568 4154; x_wconf 87' lang='lat' dir='ltr'>paucis</span> <span class='ocrx_word' id='word_1_408' title='bbox 587 4111 606 4125; x_wconf 89' lang='lat'>-</span> <span class='ocrx_word' id='word_1_409' title='bbox 626 4082 678 4160; x_wconf 91' lang='lat' dir='ltr'>qui</span> <span class='ocrx_word' id='word_1_410' title='bbox 698 4102 804 4139; x_wconf 89' lang='lat' dir='ltr'>manus</span> <span class='ocrx_word' id='word_1_411' title='bbox 831 4081 986 4143; x_wconf 82' lang='lat' dir='ltr'>armaverit</span> <span class='ocrx_word' id='word_1_412' title='bbox 1001 4082 1151 4159; x_wconf 87' lang='lat' dir='ltr'>optimum</span> <span class='ocrx_word' id='word_1_413' title='bbox 1169 4080 1291 4143; x_wconf 85' lang='lat' dir='ltr'>lactum.</span> <span class='ocrx_word' id='word_1_414' title='bbox 1317 4078 1479 4155; x_wconf 87' lang='lat' dir='ltr'>108.patcr</span> <span class='ocrx_word' id='word_1_415' title='bbox 1501 4068 1720 4151; x_wconf 85' lang='lat' dir='ltr'>exconcubina</span> <span class='ocrx_word' id='word_1_416' title='bbox 1744 4087 1802 4127; x_wconf 87' lang='lat' dir='ltr'>or-</span> 
     </span>
     <span class='ocr_line' id='line_1_37' title="bbox 312 4165 1803 4256; baseline -0.009 -17"><span class='ocrx_word' id='word_1_417' title='bbox 312 4244 318 4251; x_wconf 54' lang='grc'>,</span> <span class='ocrx_word' id='word_1_418' title='bbox 400 4182 448 4239; x_wconf 66' lang='lat' dir='ltr'>lut</span> <span class='ocrx_word' id='word_1_419' title='bbox 465 4185 527 4235; x_wconf 80' lang='lat' dir='ltr'>erat</span> <span class='ocrx_word' id='word_1_420' title='bbox 546 4206 565 4225; x_wconf 85' lang='lat'>-</span> <span class='ocrx_word' id='word_1_421' title='bbox 586 4184 702 4254; x_wconf 87' lang='lat' dir='ltr'>tempus</span> <span class='ocrx_word' id='word_1_422' title='bbox 722 4178 786 4256; x_wconf 86' lang='lat' dir='ltr'>ipse</span> <span class='ocrx_word' id='word_1_423' title='bbox 806 4177 955 4256; x_wconf 83' lang='lat' dir='ltr'>deligeret.</span> <span class='ocrx_word' id='word_1_424' title='bbox 989 4196 1056 4241; x_wconf 74' lang='lat'>110.</span> <span class='ocrx_word' id='word_1_425' title='bbox 1073 4184 1102 4232; x_wconf 89' lang='lat' dir='ltr'>et</span> <span class='ocrx_word' id='word_1_426' title='bbox 1123 4174 1248 4233; x_wconf 89' lang='lat' dir='ltr'>Hercule</span> <span class='ocrx_word' id='word_1_427' title='bbox 1270 4174 1343 4233; x_wconf 88' lang='lat' dir='ltr'>Silla</span> <span class='ocrx_word' id='word_1_428' title='bbox 1362 4204 1382 4219; x_wconf 90' lang='lat'>-</span> <span class='ocrx_word' id='word_1_429' title='bbox 1413 4171 1541 4251; x_wconf 87' lang='lat' dir='ltr'>pretium</span> <span class='ocrx_word' id='word_1_430' title='bbox 1572 4178 1627 4227; x_wconf 74' lang='lat' dir='ltr'>tuae</span> <span class='ocrx_word' id='word_1_431' title='bbox 1661 4165 1803 4227; x_wconf 73' lang='lat' dir='ltr'>amicitias</span> 
     </span>
     <span class='ocr_line' id='line_1_38' title="bbox 400 4258 1800 4350; baseline -0.006 -24"><span class='ocrx_word' id='word_1_432' title='bbox 400 4268 594 4349; x_wconf 84' lang='lat' dir='ltr'>flagitiosum.</span> <span class='ocrx_word' id='word_1_433' title='bbox 615 4271 764 4334; x_wconf 83' lang='lat' dir='ltr'>Ceterum.</span> <span class='ocrx_word' id='word_1_434' title='bbox 795 4274 986 4337; x_wconf 67' lang='lat' dir='ltr'>stastatuta</span> <span class='ocrx_word' id='word_1_435' title='bbox 1018 4270 1113 4332; x_wconf 85' lang='lat' dir='ltr'>luisse.</span> <span class='ocrx_word' id='word_1_436' title='bbox 1156 4268 1367 4349; x_wconf 76' lang='lat' dir='ltr'>Quoslllarius</span> <span class='ocrx_word' id='word_1_437' title='bbox 1397 4268 1544 4350; x_wconf 85' lang='lat' dir='ltr'>accipiens</span> <span class='ocrx_word' id='word_1_438' title='bbox 1568 4262 1629 4325; x_wconf 82' lang='lat' dir='ltr'>hec</span> <span class='ocrx_word' id='word_1_439' title='bbox 1656 4258 1800 4321; x_wconf 84' lang='lat' dir='ltr'>mandata</span> 
     </span>
    </p>
   </div>
   <div class='ocr_carea' id='block_1_6' title="bbox 0 0 2030 5009">
    <p class='ocr_par' dir='ltr' id='par_1_6' title="bbox 0 0 2030 5009">
     <span class='ocr_line' id='line_1_39' title="bbox 0 0 2030 5009; baseline 0 0"><span class='ocrx_word' id='word_1_440' title='bbox 0 0 2030 5009; x_wconf 95' lang='lat' dir='ltr'> </span> 
     </span>
    </p>
   </div>
  </div>
 </body>
</html>
