4050 5009
1556 466 1642 516 xxttt

241 625 489 730 re'suspicor,
512 622 583 699 hos
604 640 676 699 tres
707 623 824 699 libros
845 622 947 700 idem
977 620 1170 729 exemplar
1200 647 1274 697 esse
1304 638 1467 711 secutos,
1494 624 1532 699 e't
1558 647 1644 723 qnoe

246 748 428 855 leguntur
438 749 644 839 varietates,
655 774 715 849 eas
723 747 968 823 librariorum
981 746 1217 823 acuminivel
1226 746 1406 822 soeoulioe
1419 744 1556 821 deberi.
1578 748 1645 820 Ce-

242 888 385 961 terum,
408 896 503 975 quas
521 887 648 948 nostra
666 886 775 945 oetate
788 870 920 946 Critici
941 870 1086 946 iactant
1103 870 1287 945 Codicum
1309 886 1435 975 gentes
1455 884 1570 973 atque
1589 868 1660 943 fa-.

242 996 376 1087 milias,
399 994 473 1071 hoo
491 996 692 1071 inventum
711 993 889 1097 equidem
913 995 956 1069 in
978 1010 1034 1069 tot
1057 994 1241 1070 Codicum
1263 996 1496 1098 optimorum
1519 993 1662 1071 lectio.

243 1119 377 1211 nibus,
403 1120 578 1195 nondum
597 1117 868 1194 conlimatum
891 1118 1031 1194 inveni.
1069 1118 1157 1207 Sed,
1184 1134 1230 1192 ut
1259 1118 1308 1193 ad
1329 1120 1567 1222 propositum
1592 1144 1648 1193 re-

244 1244 371 1335 deam,
396 1242 667 1349 orthographia
688 1260 794 1319 retus
811 1244 854 1319 in
868 1243 1065 1319 Turicensi
1089 1242 1288 1345 aliquoties
1309 1266 1476 1344 expressa
1498 1258 1551 1317 est
1558 1275 1568 1335 3
1594 1243 1648 1316 lu-

243 1366 348 1460 bido,
366 1386 554 1467 ternptare,
578 1371 685 1451 haut,
700 1385 804 1465 aput,
819 1366 970 1451 cotidie,
994 1366 1133 1468 athtre,
1152 1391 1354 1457 accersere,
1376 1384 1546 1441 secuntur
1569 1365 1649 1462 (se-

245 1494 466 1595 quuntur),
493 1492 678 1590 eapurrrcla
696 1490 896 1592 aliquoties
920 1504 1137 1565 occurrunt
1177 1493 1356 1565 Praeterea
1377 1489 1507 1563 multis
1524 1489 1649 1593 glossis

245 1615 518 1719 marginalibus
534 1631 572 1689 et
596 1613 904 1690 interlinearibus
925 1630 1060 1687 auctus
1078 1628 1152 1701 est,
1178 1638 1264 1713 (suae
1279 1638 1366 1688 vero
1395 1613 1521 1688 futiles
1539 1628 1650 1706 sunt3
1750 1604 1758 1611 ’

244 1741 462 1844 explicant,
500 1764 586 1841 quae
619 1764 732 1812 nemo
759 1763 841 1813 non
874 1736 1076 1840 intelligit,
1109 1734 1320 1811 difficiliora
1358 1737 1500 1811 intacta
1535 1736 1651 1812 relin-

246 1885 388 1971 quunt;
410 1860 476 1937 sed
495 1888 613 1964 quam
640 1859 752 1937 facile
771 1858 854 1934 fieri
874 1859 1007 1963 possit,
1035 1874 1079 1933 ut
1106 1857 1238 1963 glossae.
1257 1886 1327 1962 pro
1352 1860 1528 1963 genuinis
1558 1888 1649 1937 aue-

247 1984 338 2059 toris
358 1984 480 2061 verbis
499 1983 731 2076 habeantur,
756 2012 802 2061 ex
821 1982 897 2061 hoe
917 1982 1056 2059 Codice
1077 1982 1239 2057 maxime
1261 1983 1483 2087 perspicias,
1508 1984 1577 2059 ubi
1591 1985 1652 2061 iu·

247 2122 304 2181 ter
321 2106 439 2183 lineas
456 2108 666 2213 glossatoris
682 2125 720 2184 et
741 2108 906 2183 auctoris
933 2107 1046 2183 verba
1069 2106 1283 2211 promiscua
1312 2106 1501 2210 leguntur.
1546 2111 1652 2183 Cete-

246 2258 335 2305 rum
356 2233 554 2334 scripturae
579 2231 806 2335 compendia
831 2230 999 2334 plurima
1029 2230 1182 2324 insunt3
1213 2256 1245 2305 v.
1272 2256 1301 2305 c.
1329 2230 1371 2304 N.
1398 2230 1587 2305 Numidiae
1610 2246 1652 2317 R.

245 2354 456 2445 Romanus,
480 2356 530 2429 tt
556 2353 748 2445 Metellus,
772 2356 835 2428 tte
858 2351 994 2444 habet,
1020 2353 1074 2427 dr.
1096 2353 1240 2429 dieitur
1269 2352 1351 2427 dur.
1386 2352 1594 2431 ducuntur.
1620 2364 1650 2432 sl

187 2566 190 2571 ¹
244 2494 344 2554 sunt
377 2478 534 2555 Vocales
552 2504 591 2566 a,
607 2476 687 2566 i,n
706 2477 779 2553 sub
792 2477 909 2553 linem
921 2474 1116 2582 Iugurthae
1140 2476 1276 2581 saepius
1297 2474 1396 2551 inlra
1420 2476 1562 2555 lineam
1584 2506 1652 2583 po-

250 2599 348 2675 sitae:
369 2604 552 2698 mallum„
576 2628 622 2675 ur
646 2601 689 2675 iu
711 2599 837 2703 prima
857 2618 897 2676 et
912 2600 1022 2677 tertia
1039 2626 1198 2705 persona
1222 2599 1327 2675 verbi
1353 2602 1486 2705 passivi
1513 2604 1652 2694 ubivis,

246 2739 427 2827 praeteoea
444 2750 505 2802 us.
531 2729 578 2809 is,
605 2751 705 2808 rum,
725 2751 814 2823 per,
833 2752 925 2823 pro,
948 2724 1048 2800 notis
1070 2748 1237 2827 expressa
1254 2737 1353 2797 sunt.
1389 2726 1434 2798 ln
1456 2725 1531 2801 line
1550 2728 1651 2801 Cati·
1678 2802 1681 2812 ,

247 2846 338 2921 linae
350 2844 432 2921 haec
448 2846 651 2951 leguntur:
675 2848 826 2923 Salutii
846 2847 939 2922 liber
949 2853 1089 2946 primur
1103 2852 1142 2919 in
1166 2846 1381 2922 Catilinart'o
1400 2852 1569 2949 explicit·
1596 2856 1653 2925 ia·
1760 2910 1763 2919 ,

247 2974 335 3069 civit
347 2958 507 3049 eiusdem
524 2978 562 3043 in
578 2972 805 3072 Iugurthina.

314 3096 419 3167 Inter
435 3093 668 3195 antiquiores
685 3093 835 3169 Salustii
856 3094 972 3169 libros
989 3098 1207 3171 Beruensem
1220 3096 1290 3170 IV.
1310 3097 1524 3186 retulerim,
1537 3123 1652 3199 quem

248 3213 430 3290 Sinnerus
449 3216 514 3311 (in
535 3216 715 3319 Catalogo
730 3216 812 3291 Mss.
830 3217 922 3291 Bibl.
944 3218 1137 3293 Bernensis
1160 3244 1195 3321 p.
1214 3217 1312 3316 590.)
1328 3221 1465 3296 saeculo
1478 3222 1521 3294 X.
1537 3221 1653 3325 scrip-

249 3355 333 3413 tum
351 3364 426 3413 esse
453 3337 606 3415 iudicat.
640 3343 906 3443 Pergamenus,
940 3339 1062 3415 forma
1084 3341 1297 3444 quadrata,
1321 3371 1356 3415 u.
1374 3346 1455 3441 357.
1483 3360 1669 3436 notatus,¹

226 3478 286 3577 ‘et
308 3463 360 3535 ita
387 3462 589 3565 inscriptus
611 3478 687 3535 est:
719 3466 784 3537 Far
801 3463 951 3539 Salustii
973 3466 1096 3563 Crispi
1126 3468 1285 3539 historiis
1314 3482 1517 3563 excerpta.-
1551 3470 1671 3559 tituli¹

132 3598 136 3606 '
245 3585 485 3688 singulorum
503 3584 804 3689 fragmentorum
823 3602 914 3661 sunt
939 3587 1115 3662 :Oratio
1155 3589 1334 3687 Catilinae
1359 3588 1461 3684 apud
1479 3600 1653 3669 sortimu-

246 3727 310 3783 tos.
364 3709 495 3782 Oratio
524 3708 697 3783 Catilinae
722 3708 831 3809 (quae
856 3709 980 3813 capite
1003 3710 1128 3785 Lvttt
1160 3709 1323 3814 legitur.)
1342 3780 1345 3790 ,
1363 3709 1494 3790 Oratio
1519 3719 1653 3819 Micip-

245 3857 310 3905 sae
337 3830 390 3903 acl
410 3832 635 3930 Iugartltaat
690 3830 820 3908 Oratio
851 3832 1066 3907 Atherbalis
1089 3834 1134 3906 P.
1157 3833 1196 3907 C.
1237 3832 1368 3908 Oratio
1398 3836 1437 3908 L.
1460 3838 1578 3941 Syllae
1602 3846 1655 3919 ad

247 3977 368 4053 regem
383 3954 580 4028 Bocchum„
631 3954 796 4049 Epistola
823 3956 968 4030 Lentuli
995 3956 1048 4028 ad
1080 3954 1282 4039 Catilinam.
1322 3958 1488 4053 Epistola
1512 3964 1653 4065 Scipio-

247 4081 305 4151 nis
324 4076 377 4149 atl
393 4078 604 4179 llyot'prsara
630 4078 796 4173 Epistola
814 4077 1042 4153 Adherbalis
1072 4078 1124 4151 acl
1140 4078 1318 4154 Senatum
1343 4080 1491 4159 Ductus
1511 4086 1654 4166 littera-

248 4226 337 4273 rum
355 4199 400 4271 iis
410 4198 567 4289 similes,
578 4224 673 4300 quos
691 4199 925 4275 Mabillonus
943 4200 1070 4275 saculi
1088 4203 1142 4275 XI
1161 4199 1336 4305 proprios
1354 4226 1429 4279 esse
1451 4206 1552 4283 <licit
1579 4214 1652 4291 Sed

249 4321 420 4424 qttamvis
438 4320 620 4425 antiquus
638 4320 703 4411 sit,
720 4337 847 4404 tamen
863 4322 1096 4428 negligenter
1107 4324 1270 4429 scriptus
1288 4339 1360 4419 est3
1381 4329 1501 4407 multa
1518 4338 1672 4416 omissa.
