4050 5009
390 414 438 488 18

386 602 457 691 peji
468 588 656 667 exercitdm
671 598 798 664 iterum
812 594 913 681 vicit,
932 593 1073 679 ejusque
1091 596 1245 684 legatum
1257 597 1463 675 Memmium
1477 622 1557 667 cum
1568 623 1627 671 sex
1641 609 1800 681 millibus

385 707 540 775 bostium
555 704 737 771 interfecit.
748 704 837 768 Plut.
849 704 932 767 Sert.
945 719 995 767 ar.
1015 702 1114 769 Oros.
1127 706 1181 769 1.1.
1196 708 1286 770 Tum
1298 714 1333 773 et
1346 704 1385 772 r'n
1393 710 1585 790 Metellum,
1598 715 1661 796 qui
1677 729 1798 785 contra

385 816 593 899 Perpernam
607 832 680 879 rem
692 812 781 879 bene
792 818 948 899 gesserat,
966 810 1090 877 infesto
1098 830 1190 897 equo
1196 813 1351 881 invectus
1359 824 1419 881 est.
1438 817 1802 902 Qui,q1mmrisaetate

386 920 513 1007 gravis
530 940 609 985 cum
620 918 803 986 fortissime
813 918 971 984 hostibus
985 918 1198 985 irruentibus
1213 921 1403 1001 resisteret,
1419 923 1538 1003 jaculo
1551 930 1730 997 transfixus
1741 941 1801 1000 est.

387 1030 475 1091 Tum
486 1044 579 1115 reto,
593 1026 759 1092 Romanis
771 1034 805 1093 et
822 1024 977 1112 periculo
995 1023 1093 1091 ducis
1108 1033 1143 1092 et
1157 1022 1292 1112 pudore
1308 1028 1469 1112 incensis,
1481 1027 1653 1100 Sertorius
1670 1038 1800 1125 pulsus,

387 1120 550 1221 pr'tulium
573 1130 788 1210 restitutum,
814 1134 997 1211 hostesque
1013 1128 1126 1218 iugali
1142 1140 1231 1199 sunt.
1253 1134 1313 1198 cir.
1330 1134 1420 1199 Plut.
1438 1138 1565 1202 Sertor.
1585 1162 1634 1202 or.
1655 1143 1801 1229 Appian.

390 1242 426 1303 Β.
447 1240 520 1304 (liv.
540 1242 567 1303 1.
590 1262 656 1307 rso.
677 1240 750 1302 Liv.
772 1238 863 1322 Epit.
882 1238 983 1299 XCII.

466 1346 636 1411 Sertorius
653 1343 776 1431 igitur,
793 1350 833 1405 ut
849 1338 932 1428 fuga
950 1338 1020 1405 sibi
1036 1338 1144 1404 tutior
1163 1348 1266 1426 esset,
1287 1340 1384 1406 abire
1398 1345 1569 1429 dispersos
1586 1350 1716 1414 milites
1727 1352 1804 1429 jus-

388 1450 448 1535 sit,
470 1452 682 1537 admonitos,
701 1452 741 1517 in
763 1469 868 1534 quem
892 1450 1009 1513 locum
1037 1466 1097 1513 eos
1118 1448 1224 1515 vellet
1244 1448 1440 1514 convenire.
1473 1452 1628 1517 Frontin.
1651 1472 1679 1517 a.
1701 1462 1748 1521 ιδ.
1771 1462 1803 1520 3.

270 1572 277 1587 ·
387 1554 610 1624 Plut.Sertor.
623 1560 646 1621 1.
665 1558 688 1619 l.
708 1546 777 1622 Sed
798 1554 1005 1639 Metellum)
1028 1557 1074 1620 oh
1092 1546 1222 1621 vicium
1238 1554 1429 1620 Sertorium
1442 1565 1576 1622 tantum
1591 1559 1660 1622 sibi
1672 1561 1804 1640 sumsit,

389 1669 428 1725 ut
452 1670 487 1728 ct
506 1663 753 1748 imperatorem
767 1682 803 1728 sc
822 1662 894 1726 dici
914 1669 1110 1749 pateretur,
1130 1670 1170 1725 ut
1189 1663 1229 1727 in
1244 1661 1445 1728 ulteriorem
1467 1663 1673 1749 Hispaniam
1696 1670 1804 1730 redux

392 1767 466 1833 dies
485 1766 587 1833 festos
605 1776 734 1856 ageret,
755 1788 868 1851 neque
895 1769 1034 1834 divinos
1056 1768 1208 1835 honores
1234 1777 1414 1836 recusaret.
1448 1766 1538 1833 Piut.
1561 1772 1644 1837 Seri.
1665 1792 1714 1836 aa.
1733 1771 1800 1833 Sal.

391 1872 514 1960 fragm.
531 1869 575 1942 11.
595 1888 645 1951 [μ.
656 1872 715 1960 ⁶⁹)

476 2192 517 2277 ⁶)
537 2196 591 2259 Ad
610 2196 698 2261 hanc
714 2212 867 2283 pugnam
887 2197 961 2261 hac
976 2192 1070 2259 Livii
1086 2194 1192 2260 verba
1211 2187 1408 2259 relerenda:
1430 2192 1492 2277 «Ω.
1513 2192 1674 2256 Metellus
1689 2193 1806 2257 Serto-

393 2298 486 2364 rium
504 2308 538 2367 et
558 2302 767 2386 Perpernam
785 2323 863 2367 cum
883 2304 1020 2367 duobus
1039 2290 1244 2367 exercitibus
1266 2299 1390 2384 proelio
1410 2296 1519 2382 ludit,
1538 2299 1634 2376 cujus
1651 2298 1806 2366 victorie

392 2413 525 2493 partem
538 2406 681 2493 cupiens
691 2406 780 2472 ierre
795 2411 978 2490 Pompejus
989 2426 1112 2489 perum
1127 2422 1290 2487 prospere
1300 2402 1501 2486 pugnavit.»
1518 2402 1589 2469 Cir.
1602 2404 1690 2487 Epit.
1701 2406 1804 2472 XCII.

394 2518 428 2577 et
445 2514 543 2579 Oros.
562 2512 586 2577 l.
603 2515 627 2576 l.
639 2512 863 2589 «Memmius,
883 2520 1033 2592 quaestor
1045 2505 1220 2593 Pompeji,
1240 2508 1403 2590 idemque
1422 2507 1478 2571 vir
1491 2508 1618 2574 sororis
1635 2495 1727 2596 ejus,
1747 2532 1806 2575 oc-

397 2621 483 2681 cisus
499 2625 587 2681 est.»
1755 2604 1763 2629 “

477 2722 541 2807 ⁰⁴²)
564 2724 727 2809 Quamvis
747 2724 790 2786 de
805 2720 910 2800 hujus
933 2718 1019 2783 anni
1040 2718 1321 2805 expeditionibus
1352 2720 1461 2784 multa
1489 2720 1607 2807 plura,
1634 2740 1739 2804 quam
1762 2723 1806 2785 de

394 2826 539 2909 reliquis
555 2831 730 2896 memoriae
744 2829 812 2895 sint
827 2830 980 2915 prodita,
1002 2834 1117 2891 tamen
1131 2830 1289 2891 nondum
1306 2827 1424 2891 omnia
1438 2827 1518 2891 satis
1530 2828 1700 2890 illustrata
1716 2834 1805 2891 sunt.

397 2932 489 3019 Quid
509 2932 560 2997 rei
581 2935 673 2997 enim
692 2946 769 3015 post
794 2936 957 3023 proelium
977 2934 1209 3024 Saguntinum
1234 2942 1368 3023 gestum
1392 2936 1453 3021 sit,
1473 2935 1643 2998 incertum
1663 2936 1722 2994 es't.
1741 2934 1808 3017 Ap·

395 3038 501 3121 piano
522 3042 659 3097 auctore
687 3036 722 3095 ll.
749 3035 819 3099 Giv.
843 3038 869 3097 I.
892 3056 959 3097 sse.
987 3044 1159 3109 Sertorius
1177 3052 1316 3129 postero
1337 3044 1413 3119 die,
1435 3044 1522 3108 coelo
1539 3039 1613 3119 jem
1633 3056 1807 3121 vesperas-

399 3146 511 3223 deme,
531 3137 665 3227 Meielli
684 3148 789 3205 casira
805 3140 969 3222 incurrit,
991 3161 1131 3225 sperans
1149 3162 1205 3205 se,
1226 3160 1305 3196 curn
1327 3150 1371 3193 de
1390 3143 1579 3211 improviso
1591 3140 1722 3195 adesset
1729 3177 1739 3209 ,
1765 3140 1804 3197 in

397 3246 550 3313 hostiurn
570 3246 799 3337 trepidatione
823 3258 926 3323 utque
951 3242 1102 3301 tumultu
1117 3234 1219 3294 facile
1242 3233 1456 3314 superiorem
1476 3234 1714 3296 discessurum.
1739 3237 1807 3301 Sed

396 3352 552 3443 Pompeji
575 3356 771 3420 interventu
793 3348 912 3407 cedere
936 3348 1071 3403 coactus
1094 3345 1154 3399 est.
1191 3336 1256 3397 Cui
1275 3334 1327 3399 rei
1345 3336 1688 3425 planecontrarium,
1712 3346 1808 3422 quod

397 3460 601 3523 Plutarchus
619 3457 750 3525 narrat,
771 3442 961 3509 Sertorium
979 3442 1017 3503 in
1035 3443 1157 3504 urbem
1170 3439 1248 3505 loco
1270 3450 1304 3506 et
1321 3462 1426 3505 manu
1445 3444 1709 3510 munitissimam
1723 3470 1806 3513 con·
1847 3512 1853 3521 ,

399 3560 536 3649 fugisse.
578 3552 744 3636 Cujus'in
771 3547 953 3615 obsidione
981 3568 1059 3628 cum
1084 3551 1199 3613 hostes
1225 3555 1357 3633 tempus
1382 3556 1547 3625 tererent,
1575 3552 1717 3639 milites,
1743 3556 1806 3638 qui

401 3667 545 3731 consilio
561 3664 600 3728 in
620 3659 770 3725 diversas
786 3662 899 3742 partes
918 3654 1091 3733 abierant,
1106 3654 1163 3719 die
1178 3650 1364 3720 constituto
1379 3676 1585 3741 convenere,
1607 3661 1726 3725 multis
1747 3665 1806 3726 co·'

400 3770 469 3857 piis
483 3768 585 3831 aucti.
607 3770 763 3853 Quorum
779 3764 928 3828 adventu
942 3761 1100 3851 cognito,
1118 3763 1289 3828 Sertorius
1302 3763 1404 3830 facile
1423 3764 1576 3829 hostium
1594 3767 1806 3834 munitiones

399 3870 572 3961 perrupit,
593 3882 627 3939 et
646 3881 714 3936 tam
735 3870 889 3953 insidiis,
909 3892 1013 3953 quam
1035 3880 1232 3937 commeatu.
1248 3880 1340 3937 terra
1369 3872 1526 3954 marique
1551 3871 1805 3956 intercipiendo

399 3984 583 4063 hostesque
599 3988 766 4068 perpetuo
784 3980 998 4053 lacessendo,
1021 3999 1079 4044 eos
1094 3979 1221 4065 coegit,
1240 3989 1282 4042 ut
1295 3978 1406 4064 copiis
1417 3978 1579 4059 sejunctis
1592 3970 1751 4044 Metellus
1767 3980 1805 4042 in

402 4088 535 4173 Gallia,
548 4088 730 4175 Pompejus
748 4088 786 4151 in
795 4086 944 4153 Vaccaeis
959 4086 1169 4150 hibernaret.
1189 4086 1250 4148 cir.
1264 4086 1353 4149 Plut.
1372 4089 1457 4151 Sert.
1475 4104 1535 4164 υς
1555 4086 1650 4166 quod
1665 4086 1806 4167 quidem

401 4196 599 4263 confirmari
612 4197 750 4263 videtur
769 4198 828 4292 Pp.
846 4196 964 4279 Pomp.
987 4196 1031 4257 od
1047 4196 1118 4258 Ser.
1138 4193 1206 4256 Sal.
1222 4192 1344 4279 fragm.
1361 4198 1391 4257 3.
1410 4216 1458 4257 11.
1478 4191 1616 4269 ,Gallia
1629 4188 1807 4275 superiore

400 4323 492 4367 anno
513 4304 648 4374 Metelli
676 4302 861 4371 exercitum
880 4298 1054 4387 stipendio
1081 4298 1323 4385 frumentoque
1342 4301 1468 4370 unit.»
1493 4300 1561 4366 Sed
1586 4298 1806 4379 Plutarchus,
