4050 5009
1585 389 1661 488 647

244 587 334 650 Part.
357 581 443 672 peri.
464 584 567 652 Verb.
586 585 673 670 Dap.
685 581 819 670 passive
831 589 1010 670 ponuntur
1029 584 1067 647 (4.
1087 603 1119 665 7.
1137 581 1292 668 adeptus
1315 595 1348 652 J.
1382 599 1451 646 404.
1482 581 1661 650 Modera-

244 691 354 772 4076.
383 687 522 756 0144414114
542 696 591 756 44.
622 691 910 774 interpretatum
929 711 977 773 47.
998 684 1235 755 machinatur
1252 692 1288 752 C.
1305 690 1356 765 48.
1377 691 1421 754 Η.
1442 706 1473 759 a.
1490 693 1541 772 87.
1563 710 1659 754 114014-

244 803 352 860 catus
368 797 409 860 44
424 801 452 861 4.
473 809 504 871 4.
525 786 614 862 adde
636 793 768 862 ulcisci
789 793 965 879 nequitur
981 807 1014 864 J.
1034 801 1085 860 44.

321 901 388 966 8044
407 885 594 987 sepissime
618 903 724 968 verba
747 901 859 965 activa
878 900 1035 964 absolute
1056 908 1287 989 usurpaptur,
1307 901 1457 966 maxime
1475 900 1657 986 pronomi-

242 1005 345 1070 nibus
356 1006 509 1085 omissis,
531 1016 668 1074 vertere
684 1015 719 1071 et
739 1012 949 1070 convertere
964 1005 1090 1090 sepius
1104 1006 1186 1072 vide
1201 1009 1275 1073 ind.
1297 1016 1445 1072 mutare
1458 1009 1503 1072 H.
1520 1007 1588 1072 inc.
1609 1029 1657 1090 47.

203 1147 207 1152 -
241 1109 389 1174 eunicae
402 1114 442 1173 Η.
464 1115 491 1176 Ι.
514 1135 560 1196 ¹9·
583 1108 743 1178 incitate
759 1113 795 1174 G.
820 1113 848 1174 6.
859 1105 995 1202 faeere
1013 1116 1043 1176 3.
1060 1112 1091 1178 8.
1109 1133 1250 1196 parare
1275 1116 1301 1177 8.
1325 1117 1373 1177 48.
1394 1110 1546 1179 hortari
1563 1119 1592 1182 6.
1607 1114 1658 1180 68.

240 1225 273 1282 l·
300 1215 349 1277 80.
382 1236 531 1281 monere
556 1219 606 1280 80.
631 1217 960 1290 8444441140140400.
985 1220 1015 1286 6.
1043 1215 1213 1285 invadere
1243 1241 1272 1284 4.
1297 1241 1326 1302 7.
1352 1239 1401 1284 40.
1433 1219 1581 1285 trahere
1606 1217 1655 1283 ib.

241 1328 422 1404 temptare
437 1325 467 1385 6.
491 1333 524 1388 J.
545 1337 594 1404 47.
616 1319 820 1410 ignoscere,
837 1326 1013 1406 persequi
1031 1326 1068 1387 C.
1087 1348 1118 1408 9.
1142 1322 1294 1410 implere
1315 1333 1349 1389 et
1366 1321 1528 1390 mercuri
1546 1335 1580 1392 J.
1603 1340 1656 1408 47.

240 1423 348 1491 abuti
361 1428 398 1492 C.
416 1429 463 1491 48.
479 1430 704 1512 persuadere
722 1438 755 1495 J·
773 1430 825 1497 61.
835 1424 978 1517 follere
996 1431 1047 1492 68.
1065 1431 1236 1514 adpetere
1254 1436 1303 1495 68.
1320 1440 1446 1514 petere
1461 1433 1513 1505 84.
1533 1430 1657 1495 mode·

239 1529 324 1596 reri
340 1535 391 1608 45.
412 1536 639 1619 propulsare
665 1538 713 1598 44.
743 1529 885 1598 tartare
906 1533 953 1598 ib.
972 1534 1024 1616 98.
1046 1537 1098 1610 84.
1114 1531 1311 1625 frustrari
1329 1540 1380 1601 48.
1401 1544 1524 1624 tegere
1543 1535 1579 1596 G.
1604 1535 1653 1600 68.

238 1649 272 1706 J.
296 1659 348 1724 97.
374 1633 519 1722 insequi
541 1641 590 1703 54.
623 1633 800 1704 iace-rure
825 1641 862 1704 G.
885 1663 914 1726 7.
937 1636 1164 1706 coartituere
1181 1653 1215 1708 J.
1238 1644 1290 1705 88.
1319 1641 1438 1709 animo
1453 1659 1581 1729 gerere
1600 1653 1651 1720 74.

240 1743 432 1809 decernere
447 1748 498 1826 78.
518 1742 679 1810 retinere
695 1766 747 1828 79.
769 1742 978 1830 delinquere
996 1749 1049 1811 86.
1071 1743 1254 1832 imperare
1272 1747 1321 1810 ib.
1341 1766 1469 1837 gerere
1491 1743 1540 1808 ib.
1562 1751 1656 1808 tenr-

234 1865 387 1937 perure,
405 1845 562 1916 reticere
585 1849 632 1915 ib.
647 1851 842 1936 providere
865 1873 917 1935 70.
941 1854 988 1918 H.
1008 1855 1034 1916 l
1056 1856 1106 1918 48.
1132 1853 1312 1942 confidere
1339 1857 1389 1917 48.
1404 1847 1562 1936 poenitet
1585 1864 1654 1926 404.

197 2006 199 2014 .
239 1949 486 2038 accidere107.
500 1958 700 2040 prolatare
718 1960 762 2022 H.
772 1961 799 2021 1.
813 1963 861 2022 44.
877 1955 1075 2041 prohibere
1088 1962 1132 2024 Η.
1153 1963 1183 2035 4.
1202 1982 1250 2024 44.
1270 1954 1412 2027 obviam
1433 1953 1489 2022 ire
1505 1959 1550 2022 H.
1563 1957 1590 2022 1.
1604 1958 1652 2022 46.

239 2057 547 2129 04404411410114104.
568 2081 620 2143 97.
642 2069 791 2126 oratura
811 2061 922 2130 mitto
940 2067 988 2139 44.
1005 2042 1304 2146 pratereundum
1318 2073 1415 2147 puto
1433 2066 1463 2136 4.

317 2166 386 2231 Sed
401 2167 489 2233 mira
509 2175 558 2232 044
573 2165 715 2231 Salustii
729 2186 783 2232 ars
800 2163 839 2231 in
856 2168 1072 2252 temporibus
1088 2167 1188 2232 verbi
1204 2167 1470 2251 componendis3
1490 2184 1561 2248 qua
1574 2165 1654 2248 qui-

228 2273 319 2338 dem
341 2291 380 2338 40
407 2273 464 2338 404
491 2271 642 2338 maxim
659 2272 752 2338 inter
773 2281 903 2338 0040104
922 2270 1109 2337 historicos
1128 2270 1277 2336 excellit.
1316 2272 1371 2334 444
1394 2274 1490 2354 quod
1510 2270 1653 2336 dicendi

238 2377 431 2444 artificium
451 2379 643 2444 accuratius
661 2379 931 2446 examinandum
959 2397 1072 2465 pauca
1107 2381 1151 2442 de
1171 2371 1361 2462 Irfinitivo
1384 2372 1565 2444 historico
1594 2375 1652 2442 di·

228 2481 346 2550 ‘canda
362 2495 458 2574 sunt,
480 2487 577 2567 cujus
599 2486 734 2553 ratione
751 2493 949 2574 perspecta,
969 2505 1075 2569 quarn
1092 2485 1206 2572 legem
1223 2482 1374 2569 scriptor
1391 2481 1431 2547 in
1453 2491 1651 2567 temporum

237 2591 360 2659 0444440
381 2602 517 2662 secutus
531 2593 595 2682 ait,
613 2593 717 2662 tacite
737 2593 925 2681 intelligas.
966 2594 1045 2679 Qua
1073 2595 1315 2658 destructura
1342 2589 1501 2676 4744444444
1521 2609 1651 2677 nuper·

235 2693 326 2763 rime
356 2700 427 2764 duo
461 2701 532 2764 viri
566 2699 662 2766 440044
690 2702 883 2768 accuratius
912 2700 1069 2788 egerint,
1109 2707 1225 2766 tamen
1255 2719 1328 2764 non
1356 2715 1651 2785 supervacaneum
1715 2697 1722 2711 ⁸

235 2801 340 2878 duxi,
361 2822 438 2884 quae
456 2805 550 2886 apud
564 2805 752 2866 Salustium
770 2805 1021 2883 animadverti,
1041 2805 1163 2884 paucis
1177 2823 1361 2886 exponere.
1401 2805 1558 2868 Primum
1571 2802 1651 2886 47444·

235 2909 315 2970 44044
331 2905 415 3005 satis
427 2913 576 2988 constat,
597 2905 663 2969 Ini.
680 2906 759 2968 bist.
778 2902 983 2998 7404474444,
1003 2903 1130 2967 omissa
1147 2906 1361 2969 accuratiore
1377 2907 1560 2990 4044740444,
1581 2928 1649 2970 nu·

234 3009 323 3076 meri
341 3019 376 3076 et
403 3029 558 3096 persone
582 3009 780 3094 notatione,
800 3009 840 3074 in
862 3008 1064 3073 universum
1080 3007 1218 3092 aliquid
1236 3008 1314 3074 8014
1328 3009 1558 3075 4044044444
1581 3011 1648 3076 ali·

234 3137 305 3201 47410
325 3136 398 3184 esse
416 3117 563 3184 4440444444
585 3137 661 3202 qun
678 3123 792 3182 autem
805 3113 897 3181 ratio
917 3113 1010 3180 inter
1020 3113 1139 3202 plures
1155 3115 1310 3181 actiones
1327 3116 1384 3182 vel
1400 3116 1454 3180 rei
1468 3116 1647 3196 cujusdam

234 3225 444 3290 mutationes
479 3224 690 3311 intercedat,
721 3222 795 3304 ejus
824 3221 878 3290 rei
906 3221 1006 3286 nulla
1040 3221 1080 3287 44
1108 3222 1178 3286 hoe
1207 3224 1313 3288 440440
1344 3229 1397 3286 est
1423 3221 1643 3308 significatio.

234 3331 380 3419 Propter
404 3335 472 3397 hoc
497 3331 674 3398 infinitum
695 3328 836 3396 dicendi
860 3347 969 3416 genus
991 3325 1148 3415 proxime
1168 3330 1213 3392 ad
1236 3326 1451 3394 substantiva
1472 3327 1646 3411 verbalia,

233 3457 310 3522 quar
333 3439 518 3524 dicuntur,
536 3438 686 3525 accedit,
704 3441 766 3504 sed
793 3445 908 3503 tamen
931 3435 1004 3501 vim
1025 3434 1126 3501 404444
1145 3434 1280 3500 4044404.
1321 3433 1435 3520 Igitur
1454 3433 1644 3499 admodum

234 3546 441 3612 conveniens
459 3553 510 3610 est
529 3544 568 3608 44
586 3541 743 3629 7444444444
761 3542 937 3608 actionum
953 3539 1233 3618 enumeratione,
1256 3560 1334 3622 474440
1348 3541 1526 3624 quomodo
1549 3539 1643 3604 44404

232 3669 269 3716 40
287 3669 449 3716 connexae
469 3651 558 3735 sint,
585 3649 776 3717 accuratius
795 3647 967 3734 explicare
986 3635 1176 3713 nolumus.'
1200 3645 1238 3706 Id
1264 3647 1360 3727 quod
1386 3653 1436 3710 est
1455 3644 1510 3710 404
1528 3643 1645 3709 homi·

233 3777 337 3842 num,
357 3755 420 3840 47444
442 3756 700 3823 vehementiore
730 3754 842 3821 animi
867 3751 999 3838 44474044
1023 3751 1160 3836 abrepti
1189 3751 1299 3816 multa
1327 3749 1433 3815 simul
1460 3743 1642 3830 effutiunt,

231 3864 452 3949 4040014444,
484 3861 560 3946 qui*
579 3863 676 3928 44144
707 3861 883 3943 cujusdam
914 3857 1071 3924 hominia
1101 3857 1217 3922 studia
1242 3865 1424 3939 enarrant,
1457 3857 1636 3939 quomodo

231 3987 286 4034 404
307 3969 426 4054 alique
451 3978 545 4057 gesta
565 3969 639 4049 444,
659 3968 852 4034 accuratius
871 3985 934 4051 per
963 3971 1079 4050 partes
1106 3971 1303 4049 exponunt,
1321 3963 1504 4045 variasque
1524 3980 1659 4026 rerum.

231 4075 416 4158 qualitates
434 4083 648 4142 enumerant.
680 4079 768 4139 Nam
784 4073 823 4137 in
844 4072 901 4137 4444
921 4068 1085 4136 omnibus
1103 4066 1320 4133 illustrandis
1338 4089 1411 4132 non
1433 4069 1472 4131 id
1494 4066 1639 4152 agimus,

230 4189 270 4246 ut
292 4183 469 4262 4740440440
499 4182 647 4248 alterurn
665 4179 768 4246 alteri
792 4197 985 4244 connexum
1012 4176 1080 4261 sit,
1107 4176 1311 4258 doceamus,
1340 4176 1400 4238 4044
1423 4181 1463 4236 44
1485 4172 1639 4257 legenter
1715 4239 1721 4248 ,

230 4287 481 4368 audientesque
501 4307 543 4356 04
566 4286 730 4354 varietate
750 4305 866 4353 rerum
885 4282 955 4370 ipsi
975 4281 1230 4348 444444444444444
1251 4277 1430 4359 cujusdam
1448 4277 1505 4344 vel
1523 4275 1639 4342 homi·
