4050 5009
412 409 459 499 ²4

411 602 455 669 tis
471 599 607 667 bellum
625 598 665 663 in
688 598 842 684 Phrygia
869 598 1044 663 moventes
1066 594 1201 663 cecidit.
1220 594 1295 661 Lir.
1318 596 1344 661 1.
1366 596 1391 661 l.
1409 599 1500 661 Tum
1523 598 1630 665 totius
1647 600 1737 667 belli
1757 604 1823 669 im-

407 716 508 794 petus
530 709 575 770 ad
595 705 842 791 Cyzicenorum
868 705 989 768 urbem
1005 703 1175 786 constitit,
1194 723 1299 787 quam
1318 702 1535 770 Mithridates
1553 724 1687 771 summa
1702 709 1740 773 vi
1760 730 1822 796 cp-

412 810 597 899 pugnavit,
618 812 772 875 obsessus
792 818 826 875 et
843 810 917 895 ipse
937 817 970 873 et
988 816 1182 875 commeatu
1196 807 1401 874 interclus‘us
1420 829 1441 873 a
1461 812 1618 876 Lucullo.
1639 814 1755 898 Quare
1769 835 1822 882 re-

410 919 465 1005 gis
486 917 652 983 exercitus
676 916 762 982 fame
788 913 950 997 ferroque
976 913 1109 979 deletus
1135 922 1169 979 et
1196 913 1361 998 Bithynia
1388 916 1510 999 pulsus
1535 925 1600 997 est3
1621 916 1695 1004 ipse
1716 920 1822 987 variis

409 1023 498 1089 belli
519 1043 559 1087 ac
583 1020 842 1108 naufragiorum
861 1019 993 1083 casibus
1013 1018 1139 1083 fractus
1159 1018 1200 1082 in
1223 1020 1373 1083 Pontum
1392 1020 1558 1107 profugit.
1570 1022 1607 1105 ο)
1628 1023 1733 1105 Cujus
1743 1034 1821 1111 pest

410 1128 524 1215 fugam
542 1130 722 1212 Lucullus,
744 1148 838 1211 cum,
859 1123 1004 1189 navibus
1022 1122 1198 1188 instructis
1217 1130 1252 1188 et
1270 1124 1427 1201 armatis,
1446 1126 1706 1210 Hellespontum
1725 1137 1821 1195 tene-

383 1238 388 1249 ’
409 1242 484 1312 ret,
513 1238 558 1297 ad
579 1233 731 1299 hostium
752 1232 895 1297 classem
915 1227 1208 1311 investigandam,
1229 1248 1306 1308 qua
1334 1230 1548 1296 Mithridatis
1562 1231 1659 1311 jussu
1683 1233 1821 1297 Italiam

408 1339 560 1423 petebat,
592 1345 725 1422 partem
749 1337 785 1401 in
806 1336 1009 1402 Achaeorum
1030 1338 1132 1417 portu
1154 1334 1422 1417 deprehensam,
1443 1336 1597 1417 reliquas
1621 1340 1667 1401 ad
1692 1341 1822 1404 Samon

408 1445 556 1509 insulam
568 1442 607 1504 in
619 1451 744 1508 terram
760 1441 945 1507 subductas
959 1436 1122 1501 demersit
1133 1438 1189 1503 vel
1201 1440 1419 1527 expugnavit.
1434 1438 1494 1505 cfr.
1507 1441 1597 1505 Plut.
1609 1444 1688 1507 Luc.
1704 1443 1821 1530 ω’)

487 1548 621 1636 Quibus
646 1546 823 1634 perlectis,
855 1548 899 1609 ad
925 1545 1040 1627 ipsum
1072 1542 1313 1609 Mithridatem
1348 1549 1624 1630 persequendum
1652 1547 1820 1633 perrexit,

405 1653 485 1736 qui,
505 1654 661 1737 quamvis
682 1672 807 1740 magna
823 1655 1021 1733 tempestate
1039 1648 1288 1733 deprehensus,
1309 1657 1424 1715 tamen
1445 1655 1482 1713 in
1503 1651 1577 1736 ipsa
1595 1650 1819 1737 fugailerao-

408 1758 500 1822 leam
529 1760 708 1827 Ponticam
745 1763 897 1841 ceperat,
929 1754 1012 1817 inde
1039 1752 1194 1838 Sinopen
1216 1773 1257 1818 ac
1279 1762 1358 1839 post
1377 1776 1500 1843 magna
1522 1772 1600 1820 cum
1618 1752 1820 1825 difficultate

409 1862 566 1926 Amisum
580 1869 791 1946 pervenerat.
811 1860 871 1923 cfr.
894 1859 990 1923 Oros.
1006 1858 1064 1925 vl.
1085 1875 1115 1921 a.
1136 1858 1302 1921 Lucullus
1321 1858 1448 1946 igitur,
1468 1880 1532 1946 per
1552 1861 1754 1947 Bithyniam
1769 1868 1820 1926 at·

409 1986 478 2050 que
499 1967 668 2030 Galatiam
687 1966 812 2031 itincre
831 1964 940 2049 facto,
970 1963 1086 2048 ipsum
1110 1964 1215 2027 Ponti
1241 1984 1389 2049 regnum
1403 1964 1536 2048 petivit.
1566 1966 1637 2028 Ubi
1656 1987 1735 2031 cum
1756 1988 1819 2053 per

409 2072 555 2156 aliquod
568 2080 696 2160 tempus
709 2070 829 2162 inopia
841 2070 980 2163 frugum
989 2070 1179 2137 laborasset
1190 2067 1374 2153 exercitus,
1392 2077 1515 2156 postea
1523 2088 1656 2137 summa
1666 2075 1820 2138 omnium

493 2412 525 2497 ο)
557 2420 702 2506 Appiae.
723 2420 917 2484 Mithridat·
934 2434 1067 2496 71079.
1089 2416 1177 2479 Plut.
1193 2416 1328 2484 Lucull.
1349 2418 1461 2499 7-31.
1480 2418 1548 2481 Sed
1564 2415 1665 2481 Livio
1681 2422 1819 2484 auctore

407 2524 504 2586 cotta
520 2531 554 2586 et
570 2527 735 2589 Lucullus
753 2522 911 2587 consules
933 2521 977 2591 ad
998 2520 1126 2585 bellum
1144 2523 1292 2608 proiecti
1312 2530 1400 2588 sunt.
1422 2525 1535 2607 Quare
1556 2523 1664 2586 Cotta
1687 2523 1818 2609 clades,

408 2632 442 2689 et
468 2626 639 2705 equestria
662 2628 801 2692 Luculli
829 2624 951 2712 proelia
978 2628 1022 2691 ad
1055 2628 1209 2713 priorem
1240 2649 1370 2692 annum
1398 2626 1594 2704 referenda3
1617 2625 1656 2687 in
1676 2619 1819 2688 eandern'
1872 2638 1879 2647 '

406 2730 613 2794 sententiam
631 2733 808 2818 Appianus
823 2732 908 2796 dicit
923 2753 951 2797 c.
969 2756 1019 2819 72.
1035 2735 1156 2801 initio:
1176 2718 1350 2811 iduati
1359 2715 1562 2809 Λοώωυλλος
1570 2714 1739 2800 ὑπατεύειν
1757 2721 1818 2797 sai

405 2831 577 2932 ςρωηγεῖν
605 2830 748 2935 αἱρεθεὶς
773 2832 860 2914 wile
888 2838 944 2913 roi
969 2828 1129 2941 archim.
1178 2852 1276 2913 ldem
1293 2852 1426 2913 Cottam
1440 2850 1672 2917 vereineunte
1686 2848 1819 2913 victum

405 2977 478 3026 esse
495 2959 622 3023 statuit.
655 2960 721 3023 Sed
741 2963 904 3030 Lucullus
931 2968 1040 3032 serius
1060 2960 1105 3023 ad
1123 2954 1259 3021 bellum
1278 2955 1453 3044 profectus
1473 2978 1545 3023 esse
1563 2956 1711 3022 videtur.
1732 2956 1819 3016 Cum

406 3062 495 3127 enim
506 3064 626 3128 Romae
637 3080 862 3137 commeatum
876 3077 909 3137 et
920 3060 1133 3156 stipendium
1143 3057 1819 3150 Pompcjomittendumcuraret,Quine-

405 3166 449 3231 tii
468 3164 660 3235 actionibus
687 3176 871 3262 restiteres,
898 3176 1087 3239 exercitum
1106 3172 1265 3241 pararet,
1286 3164 1399 3222 Asiam
1417 3168 1571 3240 pacaret,
1591 3179 1703 3222 annus
1719 3181 1819 3243 paene

405 3278 592 3341 transactus
612 3296 682 3345 esse
701 3282 857 3351 videtur,
878 3282 1060 3349 antequam
1083 3259 1207 3344 proelia
1224 3278 1303 3320 cum
1324 3260 1482 3323 hostibus
1500 3260 1617 3325 iniret.
1636 3262 1703 3327 Sed
1720 3265 1819 3351 Cyzi.

405 3392 463 3444 cus
482 3380 576 3446 haud
598 3384 701 3447 dubie
717 3388 797 3441 ante
817 3374 972 3439 hiemem
994 3364 1147 3430 obsideri
1167 3370 1278 3449 coepta
1294 3371 1355 3427 est.
1377 3362 1438 3433 cfr.
1454 3366 1544 3433 Plut.
1560 3368 1694 3432 Lucull.
1715 3389 1743 3435 c.
1768 3394 1816 3435 u.

404 3491 560 3591 xupdm
579 3478 663 3571 irrue
682 3526 738 3543 -
756 3468 923 3582 νιφόμενος
940 3518 992 3535 -
1008 3470 1158 3565 πολλοδς
1176 3464 1245 3553 iri
1271 3462 1384 3575 spirae
1411 3470 1583 3563 itidemst
1599 3507 1631 3554 sc
1651 3508 1679 3555 r.
1699 3494 1735 3555 λ.
1765 3528 1827 3561 -μ

409 3616 453 3681 de
473 3614 578 3683 classe
603 3605 861 3696 tempestatibus
881 3590 1034 3685 dispersa
1051 3600 1102 3666 ita
1112 3602 1238 3669 ‘Florus
1258 3604 1317 3667 ΙΙΙ.
1341 3605 1370 3666 5.
1396 3604 1573 3679 ,Centum
1593 3604 1743 3691 amplius
1754 3625 1816 3670 na-

406 3720 501 3807 yium
530 3722 671 3785 classem
700 3715 935 3799 apparatuque
955 3706 1045 3772 belli
1067 3727 1206 3795 gravem
1225 3707 1264 3774 in
1282 3706 1428 3772 Pontico
1447 3708 1536 3773 mari
1553 3730 1709 3798 aggressa
1728 3719 1816 3777 tem-

406 3834 528 3915 pestas,
545 3830 615 3885 tam
622 3819 712 3882 sceda
725 3825 836 3903 strage
847 3813 1018 3899 laceravit,
1026 3821 1065 3878 nt
1075 3815 1207 3880 navalis
1219 3813 1307 3879 belli
1316 3814 1426 3878 instar
1432 3810 1595 3897 efficeret;
1603 3815 1709 3900 plane
1715 3816 1815 3899 quasi

406 3924 592 4005 Lucullus,
613 3923 762 4003 quodam
789 3942 868 4005 cum
893 3921 1050 3986 fluctibus
1071 3921 1301 4007 procellisque
1323 3920 1542 4004 commercio,
1567 3920 1814 3987 debellandum

371 4054 374 4061 ·
404 4026 586 4105 tradidisse
604 4045 720 4113 regem
738 4026 851 4095 ventis
868 4026 1082 4094 ‘riderem’

486 4154 543 4243 θ’)
563 4156 709 4245 Appian.
728 4162 772 4227 de
791 4158 887 4226 bello
905 4156 1143 4223 Mithridatico
1163 4178 1193 4221 e.
1210 4177 1260 4240 77.
1280 4155 1349 4221 Cic.
1370 4177 1436 4243 pro
1456 4160 1548 4245 Lege
1567 4157 1713 4223 Manilia
1732 4179 1760 4223 c.
1780 4161 1810 4222 8.

402 4261 465 4346 qui
485 4264 528 4335 de
543 4265 611 4338 hoc
620 4266 745 4356 proelio
760 4265 812 4337 ita
834 4266 987 4343 Merit:
1007 4264 1074 4344 ,ab
1090 4266 1214 4337 eodem
1228 4262 1436 4355 imperatore
1446 4264 1587 4336 classem
1601 4282 1762 4354 magnam
1774 4272 1811 4333 et
