4050 5009
452 388 529 461 216

448 580 589 643 cuncta
614 572 752 642 scaevus
780 567 847 642 iste
869 566 1072 657 Romulus,
1096 565 1207 671 quasi
1228 568 1277 646 ab
1292 568 1596 679 externisrapta,
1621 588 1741 665 tenet,
1767 600 1857 651 nom
1935 635 1936 692 t

451 704 509 765 tot
541 692 777 766 exercituum
805 691 934 779 clade,
959 718 1085 794 neque
1108 695 1313 771 consulum
1345 713 1384 772 et
1408 699 1573 774 aliorum
1602 700 1850 804 principum,
1935 761 1937 808 7

448 839 543 917 quos
576 814 733 889 fortuna
767 813 861 889 belli
889 834 1201 919 consumpserat,
1225 818 1381 895 satiatus
1396 820 1493 913 ,sed
1517 840 1600 898 tum
1630 823 1850 911 crudelior,
1935 863 1937 914 t

448 964 571 1041 quum
602 936 802 1041 plerosque
834 936 1009 1013 secundae
1044 966 1103 1014 res
1143 941 1194 1015 in¹
1215 942 1494 1020 miserationem
1522 974 1567 1021 ex
1595 947 1652 1021 ira
1681 963 1850 1023 vortunt
1935 973 1937 983 ·

448 1059 559 1157 Quin
578 1060 680 1135 solus
693 1060 888 1149 omnium,
914 1078 1000 1164 post
1015 1067 1239 1139 memoriam
1259 1065 1479 1158 hominum,
1498 1071 1691 1175 supplicia
1711 1072 1755 1147 in
1769 1086 1852 1175 post

447 1182 596 1259 futuros
626 1184 870 1287 composuit:
908 1184 994 1285 quis
1024 1187 1132 1288 prius
1165 1188 1307 1263 iniuria
1341 1218 1459 1293 quam
1494 1193 1571 1269 vita
1597 1212 1699 1269 certa
1727 1212 1850 1272 esset:
1935 1217 1937 1274 Ι

446 1308 753 1412 pravissumeque
777 1334 847 1410 per
867 1307 1017 1381 sceleris
1040 1309 1319 1389 immanitatem
1350 1313 1483 1390 adhuc
1501 1332 1607 1392 tutus
1630 1318 1734 1414 suit3
1757 1320 1850 1395 dnm
1935 1283 1937 1394 l

324 1420 329 1426 .
445 1458 527 1521 vos,
541 1448 646 1506 metu
661 1431 840 1534 gravioris
853 1431 1012 1523 servitii,
1032 1459 1054 1505 a
1074 1417 1284 1536 repetunda
1301 1437 1476 1525 libertate
1487 1442 1690 1517 terremini.
1730 1446 1851 1549 Agen·

445 1555 541 1630 dum
557 1571 672 1655 atque
693 1553 844 1629 obviam
868 1553 1042 1628 eundum
1072 1571 1143 1644 est,
1170 1557 1355 1653 Quirites,
1373 1587 1423 1637 ne
1445 1562 1567 1665 spolia
1591 1584 1709 1651 vestm
1737 1595 1850 1673 penes

445 1673 531 1753 illos
545 1678 654 1751 sint:
690 1703 771 1753 non
800 1676 1075 1780 prolatandum
1114 1705 1240 1781 neque
1273 1684 1369 1757 votis
1393 1687 1566 1788 paranda
1590 1691 1754 1788 auxilia3
1778 1695 1849 1769 nisi

444 1799 542 1877 forte
559 1800 731 1905 speratis,
758 1800 919 1911 taedium
931 1800 1010 1875 iam
1030 1817 1098 1877 aut
1117 1803 1305 1906 pudorem
1326 1810 1539 1910 tyrannidis
1559 1796 1672 1889 Sullae
1697 1842 1791 1908 esse,
1811 1834 1847 1894 et

443 1949 533 2001 eum
547 1950 616 2029 per
633 1923 752 1998 scelus
770 1938 954 2025 occupata
971 1922 1220 2027 periculosius
1242 1927 1497 2007 dimissurum.
1546 1940 1596 2011 At
1609 1938 1680 2013 'ille
1697 1966 1745 2018 eo
1761 1969 1849 2049 prc-
1935 1943 1936 1990 ³

439 2048 566 2138 cessit,
592 2047 651 2123 uti
670 2044 771 2121 mbil
786 2046 1012 2150 gloriosum,
1039 2047 1113 2122 nisi
1131 2066 1281 2143 tutum,
1306 2070 1344 2129 et
1359 2055 1487 2143 omnia
1505 2060 1715 2137 retinendae
1729 2066 1849 2141 domi-

443 2170 611 2247 nationis
626 2167 793 2243 ‘honesta
815 2181 994 2244 aestumet.
1046 2174 1180 2276 Itaque
1195 2175 1268 2250 'illa
1292 2179 1398 2279 quim
1419 2167 1602 2259 etotium
1624 2213 1716 2276 cum
1733 2191 1848 2265 liber·

439 2310 534 2386 tate,
553 2319 638 2396 quae
656 2292 772 2367 multi
790 2293 901 2394 probi
919 2294 1047 2397 potius
1065 2299 1368 2398 qnam'laborem
1385 2329 1476 2380 cum
1492 2305 1706 2387 honoribus
1725 2338 1848 2419 capes-

443 2418 600 2507 sebant,
626 2416 735 2490 nulla
756 2430 856 2491 sunt
907 2417 991 2492 Hac
1017 2436 1235 2523 tempestate
1250 2428 1507 2515 serviundum
1531 2448 1600 2507 aut
1621 2435 1845 2539 imperim.

444 2540 569 2617 dum:
605 2522 807 2656 habendus
834 2553 957 2615 metus
986 2557 1042 2615 est
1064 2561 1133 2618 aut
1151 2546 1371 2641 fermundus,
1393 2553 1570 2649 Quirites
1617 2560 1736 2653 Nam,
1754 2564 1854 2668 φά

443 2664 574 2739 ultral
601 2688 731 2765 quaeve
754 2659 925 2737 humana
946 2683 1149 2767 superant,
1170 2687 1240 2745 aut
1258 2672 1388 2749 divina
1413 2676 1615 2782 impolluta
1635 2691 1764 2763 suntl-
1779 2716 1843 2793 po-

442 2788 557 2891 pulus
571 2788 776 2873 Romanus,
797 2785 930 2889 paullo
948 2802 1038 2864 ante
1053 2791 1226 2894 gentium
1243 2797 1479 2891 moderator,
1503 2822 1653 2881 exsutus
1675 2809 1843 2917 imperio,

441 2910 582 3015 gloria,
599 2911 711 3001 iure,
737 2909 906 3013 agitandi
922 2910 1038 3015 inops
1058 2913 1347 3023 despectusque,
1372 2914 1421 2998 ne
1442 2914 1590 3003 servilia
1605 2933 1766 3034 quidem
1776 2937 1842 3012 ψ’.

442 3050 570 3110 menta
591 3033 739 3135 reliqua
754 3031 880 3109 habet.
930 3034 1127 3112 Sociorum
1151 3057 1189 3115 ct
1209 3043 1309 3118 Latii
1332 3072 1469 3152 magna
1483 3050 1561 3142 v'is,
1585 3054 1754 3148 civitate,
1774 3088 1840 3167 pm

442 3158 574 3233 multis
601 3174 640 3232 et
659 3157 812 3261 egregiis
824 3156 939 3233 'factis
968 3184 991 3232 a
1015 3160 1120 3235 vobis
1137 3160 1245 3256 data,
1269 3194 1340 3270 per
1357 3196 1482 3247 unum
1498 3163 1782 3276 prohibentor,
1806 3203 1840 3263 et

344 3277 353 3293 “
443 3282 563 3387 plebis
575 3280 750 3356 'innoxiae
769 3282 909 3383 patrias
926 3280 1028 3357 sedes
1052 3310 1282 3390 occupavere
1288 3294 1402 3395 pauci
1418 3296 1616 3392 satellites,
1633 3309 1836 3387 mercedem

442 3402 636 3482 scelerum
661 3406 791 3516 Leges,
810 3403 973 3494 iudicia,
998 3406 1196 3499 aerarium,
1210 3414 1556 3525 provinciae,reges
1580 3452 1694 3529 penes
1710 3460 1837 3526 unum,

443 3528 610 3631 denique
641 3526 743 3605 necis
778 3526 921 3603 civium
953 3543 992 3603 et
1017 3529 1104 3606 vitae
1138 3532 1301 3614 licentia.
1347 3540 1469 3618 Simul
1497 3543 1687 3629 humanas
1700 3554 1835 3635 hostias

441 3712 593 3791 l’utschins
608 3728 718 3793 laudat.
747 3728 799 3807 qui
814 3729 1027 3792 dominatiom‘s
1046 3752 1105 3793 sum
1123 3732 1216 3794 Vatis.
1236 3735 1321 3801 Febr.
1334 3741 1418 3806 'Bria
1443 3754 1576 3813 mercede
1594 3757 1668 3817 olim
1684 3762 1832 3845 legebatur.

436 3834 528 3897 ‚liberi
537 3834 582 3917 ita¹
593 3832 691 3895 Giacc.
711 3852 818 3895 seccvus
831 3835 884 3895 ists
898 3834 935 3895 R.
956 3836 1054 3897 Vatis.
1075 3838 1154 3902 Sors.
1173 3838 1254 3923 virg.
1266 3842 1367 3929 Eclog.
1380 3847 1418 3924 3,
1435 3854 1480 3915 1'3.
1491 3856 1541 3915 sod
1550 3860 1636 3921 ctiam
1647 3885 1697 3946 ap.
1709 3868 1828 3932 Senium

444 3942 530 4003 multi
547 3937 616 3999 libri
629 3958 719 3999 soccus
735 3938 882 4000 exhibent.
909 3940 1163 4005 comatumtatic.
1187 3939 1266 4006 Coss.
1281 3947 1366 4011 Febr.
1382 3952 1457 4017 Bric.
1478 3964 1628 4041 uumsoit
1646 3988 1748 4032 omna
1759 3972 1829 4036 libri

433 4043 518 4123 furit
532 4040 827 4107 Garriocmendavit.
846 4040 905 4122 Ag.
917 4074 935 4090 -
948 4051 998 4103 est.
1019 4042 1127 4105 Donat
1147 4046 1188 4107 ad
1199 4046 1291 4110 Andr.
1317 4073 1350 4128 r,
1371 4057 1407 4129 5,
1428 4078 1475 4121 ao.
1491 4076 1579 4145 penes
1599 4069 1666 4131 'illos
1683 4077 1723 4137 iu
1738 4093 1829 4139 omna

442 4148 521 4209 libri.
533 4165 592 4226 per
600 4146 671 4207 tad.
687 4166 741 4227 per
760 4167 821 4206 om.
831 4146 915 4208 Febr.
927 4145 1001 4211 Bric.
1019 4147 1113 4211 vatie.
1129 4153 1304 4233 marmus
1315 4156 1406 4222 Sulla
1416 4184 1473 4227 csse
1490 4170 1532 4230 iu
1547 4172 1631 4235 Febr.
1651 4177 1725 4247 Bria.
1742 4180 1825 4245 Valle

442 4261 471 4315 et
484 4251 656 4315 ewrsVatic.
677 4252 800 4312 tonora
814 4259 941 4315 meamet
951 4272 1053 4316 omncs
1065 4254 1145 4318 libri.
1164 4257 1304 4339 mirandi
1317 4284 1401 4350 snops
1417 4272 1458 4333 ita
1472 4273 1564 4339 Vatie.
1579 4289 1608 4340 ct
1622 4280 1713 4348 Corn.
1725 4286 1824 4349 Fronto
