<?xml version="1.0" encoding="UTF-8"?>
<!DOCTYPE html PUBLIC "-//W3C//DTD XHTML 1.0 Transitional//EN"
    "http://www.w3.org/TR/xhtml1/DTD/xhtml1-transitional.dtd">
<html xmlns="http://www.w3.org/1999/xhtml" xml:lang="en" lang="en">
 <head>
  <title>
</title>
<meta http-equiv="Content-Type" content="text/html;charset=utf-8" />
  <meta name='ocr-system' content='tesseract 3.04.00' />
  <meta name='ocr-capabilities' content='ocr_page ocr_carea ocr_par ocr_line ocrx_word'/>
</head>
<body>
  <div class='ocr_page' id='page_1' title='image "./salustiiquaeexs00sallgoog_0454.png"; bbox 0 0 4050 5009; ppageno 0'>
   <div class='ocr_carea' id='block_1_1' title="bbox 382 330 408 406">
    <p class='ocr_par' dir='ltr' id='par_1_1' title="bbox 382 330 408 406">
     <span class='ocr_line' id='line_1_1' title="bbox 382 330 408 406; baseline 0 0"><span class='ocrx_word' id='word_1_1' title='bbox 382 330 408 406; x_wconf 92' lang='lat'><strong>6</strong></span> 
     </span>
    </p>
   </div>
   <div class='ocr_carea' id='block_1_2' title="bbox 378 520 1784 841">
    <p class='ocr_par' dir='ltr' id='par_1_2' title="bbox 378 520 1784 841">
     <span class='ocr_line' id='line_1_2' title="bbox 380 520 1784 633; baseline 0.001 -26"><span class='ocrx_word' id='word_1_2' title='bbox 380 533 463 607; x_wconf 82' lang='lat' dir='ltr'><strong>rcm</strong></span> <span class='ocrx_word' id='word_1_3' title='bbox 481 544 520 607; x_wconf 86' lang='lat' dir='ltr'><strong>et</strong></span> <span class='ocrx_word' id='word_1_4' title='bbox 532 526 759 633; x_wconf 88' lang='lat' dir='ltr'><strong>Pompejnm</strong></span> <span class='ocrx_word' id='word_1_5' title='bbox 776 541 815 602; x_wconf 86' lang='lat' dir='ltr'><strong>et</strong></span> <span class='ocrx_word' id='word_1_6' title='bbox 834 524 882 603; x_wconf 89' lang='lat' dir='ltr'><strong>de</strong></span> <span class='ocrx_word' id='word_1_7' title='bbox 902 524 1005 602; x_wconf 89' lang='lat' dir='ltr'><strong>bello</strong></span> <span class='ocrx_word' id='word_1_8' title='bbox 1022 520 1290 602; x_wconf 80' lang='lat' dir='ltr'><strong>Alexandrino.</strong></span> <span class='ocrx_word' id='word_1_9' title='bbox 1321 527 1443 604; x_wconf 91' lang='lat' dir='ltr'><strong>Manu</strong></span> <span class='ocrx_word' id='word_1_10' title='bbox 1459 528 1626 605; x_wconf 88' lang='lat' dir='ltr'><strong>secunda</strong></span> <span class='ocrx_word' id='word_1_11' title='bbox 1640 530 1706 607; x_wconf 85' lang='lat' dir='ltr'><strong>sed</strong></span> <span class='ocrx_word' id='word_1_12' title='bbox 1725 558 1784 609; x_wconf 91' lang='lat' dir='ltr'><strong>re-</strong></span> 
     </span>
     <span class='ocr_line' id='line_1_3' title="bbox 380 643 1784 749; baseline 0.001 -25"><span class='ocrx_word' id='word_1_13' title='bbox 380 647 543 724; x_wconf 87' lang='lat' dir='ltr'><strong>centiori</strong></span> <span class='ocrx_word' id='word_1_14' title='bbox 566 645 789 721; x_wconf 84' lang='lat' dir='ltr'><strong>emendatus</strong></span> <span class='ocrx_word' id='word_1_15' title='bbox 813 661 869 721; x_wconf 86' lang='lat' dir='ltr'><strong>est</strong></span> <span class='ocrx_word' id='word_1_16' title='bbox 889 645 1004 720; x_wconf 87' lang='lat' dir='ltr'><strong>liber:</strong></span> <span class='ocrx_word' id='word_1_17' title='bbox 1037 643 1168 749; x_wconf 88' lang='lat' dir='ltr'><strong>probae</strong></span> <span class='ocrx_word' id='word_1_18' title='bbox 1193 659 1230 719; x_wconf 86' lang='lat' dir='ltr'><strong>et</strong></span> <span class='ocrx_word' id='word_1_19' title='bbox 1248 644 1415 749; x_wconf 79' lang='lat' dir='ltr'><strong>pessimae</strong></span> <span class='ocrx_word' id='word_1_20' title='bbox 1435 644 1614 722; x_wconf 87' lang='lat' dir='ltr'><strong>lectiones</strong></span> <span class='ocrx_word' id='word_1_21' title='bbox 1639 648 1784 725; x_wconf 91' lang='lat' dir='ltr'><strong>mirum</strong></span> 
     </span>
     <span class='ocr_line' id='line_1_4' title="bbox 378 763 873 841; baseline -0.012 0"><span class='ocrx_word' id='word_1_22' title='bbox 378 766 424 841; x_wconf 89' lang='lat' dir='ltr'><strong>in</strong></span> <span class='ocrx_word' id='word_1_23' title='bbox 442 763 604 841; x_wconf 88' lang='lat' dir='ltr'><strong>modum</strong></span> <span class='ocrx_word' id='word_1_24' title='bbox 619 763 748 839; x_wconf 82' lang='lat' dir='ltr'><strong>mixtae</strong></span> <span class='ocrx_word' id='word_1_25' title='bbox 773 778 873 837; x_wconf 77' lang='lat' dir='ltr'><strong>sunt.</strong></span> 
     </span>
    </p>
   </div>
   <div class='ocr_carea' id='block_1_3' title="bbox 378 941 1792 2401">
    <p class='ocr_par' dir='ltr' id='par_1_3' title="bbox 378 941 1792 2401">
     <span class='ocr_line' id='line_1_5' title="bbox 462 941 1784 1025; baseline 0.002 -18"><span class='ocrx_word' id='word_1_26' title='bbox 462 945 498 1012; x_wconf 88' lang='lat' dir='ltr'><strong>C.</strong></span> <span class='ocrx_word' id='word_1_27' title='bbox 516 967 542 1009; x_wconf 86' lang='lat'><strong>1.</strong></span> <span class='ocrx_word' id='word_1_28' title='bbox 562 947 655 1006; x_wconf 89' lang='lat' dir='ltr'><strong>bonas</strong></span> <span class='ocrx_word' id='word_1_29' title='bbox 668 955 751 1007; x_wconf 87' lang='lat' dir='ltr'><strong>artes.</strong></span> <span class='ocrx_word' id='word_1_30' title='bbox 777 952 954 1005; x_wconf 77' lang='grc'><strong>2222112121</strong></span> <span class='ocrx_word' id='word_1_31' title='bbox 971 976 992 991; x_wconf 91' lang='lat'><strong>·</strong></span> <span class='ocrx_word' id='word_1_32' title='bbox 1005 943 1061 1003; x_wconf 87' lang='lat' dir='ltr'><strong>fuit</strong></span> <span class='ocrx_word' id='word_1_33' title='bbox 1074 949 1129 1022; x_wconf 78' lang='lat' dir='ltr'><strong>jus.</strong></span> <span class='ocrx_word' id='word_1_34' title='bbox 1150 941 1180 1015; x_wconf 92' lang='lat'><strong>4.</strong></span> <span class='ocrx_word' id='word_1_35' title='bbox 1198 944 1295 1025; x_wconf 88' lang='lat' dir='ltr'><strong>adept.</strong></span> <span class='ocrx_word' id='word_1_36' title='bbox 1312 946 1378 1004; x_wconf 92' lang='lat' dir='ltr'><strong>sim.</strong></span> <span class='ocrx_word' id='word_1_37' title='bbox 1402 964 1447 1005; x_wconf 89' lang='grc'><strong>12.</strong></span> <span class='ocrx_word' id='word_1_38' title='bbox 1463 965 1510 1005; x_wconf 90' lang='lat' dir='ltr'><strong>me</strong></span> <span class='ocrx_word' id='word_1_39' title='bbox 1527 947 1643 1009; x_wconf 87' lang='lat' dir='ltr'><strong>falsum.</strong></span> <span class='ocrx_word' id='word_1_40' title='bbox 1669 970 1717 1009; x_wconf 90' lang='grc'><strong>11.</strong></span> <span class='ocrx_word' id='word_1_41' title='bbox 1730 948 1784 1009; x_wconf 88' lang='lat' dir='ltr'><strong>de-</strong></span> 
     </span>
     <span class='ocr_line' id='line_1_6' title="bbox 378 1042 1784 1124; baseline -0.001 -18"><span class='ocrx_word' id='word_1_42' title='bbox 378 1043 450 1108; x_wconf 89' lang='lat' dir='ltr'><strong>inde</strong></span> <span class='ocrx_word' id='word_1_43' title='bbox 469 1048 604 1105; x_wconf 82' lang='lat' dir='ltr'><strong>utaetati.</strong></span> <span class='ocrx_word' id='word_1_44' title='bbox 625 1047 748 1104; x_wconf 89' lang='lat' dir='ltr'><strong>-illum</strong></span> <span class='ocrx_word' id='word_1_45' title='bbox 764 1043 832 1102; x_wconf 90' lang='lat' dir='ltr'><strong>trib.</strong></span> <span class='ocrx_word' id='word_1_46' title='bbox 849 1063 933 1123; x_wconf 83' lang='lat' dir='ltr'><strong>prox.</strong></span> <span class='ocrx_word' id='word_1_47' title='bbox 954 1042 1049 1107; x_wconf 88' lang='lat' dir='ltr'><strong>annis.</strong></span> <span class='ocrx_word' id='word_1_48' title='bbox 1084 1054 1131 1114; x_wconf 88' lang='grc'><strong>14.</strong></span> <span class='ocrx_word' id='word_1_49' title='bbox 1144 1054 1287 1123; x_wconf 81' lang='lat' dir='ltr'><strong>praecepta</strong></span> <span class='ocrx_word' id='word_1_50' title='bbox 1301 1044 1390 1124; x_wconf 89' lang='lat' dir='ltr'><strong>patris</strong></span> <span class='ocrx_word' id='word_1_51' title='bbox 1411 1044 1479 1103; x_wconf 87' lang='lat' dir='ltr'><strong>moi.</strong></span> <span class='ocrx_word' id='word_1_52' title='bbox 1499 1078 1520 1093; x_wconf 96' lang='lat'>-</span> <span class='ocrx_word' id='word_1_53' title='bbox 1537 1047 1706 1113; x_wconf 77' lang='lat' dir='ltr'><strong>versabitur.</strong></span> <span class='ocrx_word' id='word_1_54' title='bbox 1736 1067 1784 1107; x_wconf 92' lang='grc'><strong>22.</strong></span> 
     </span>
     <span class='ocr_line' id='line_1_7' title="bbox 378 1139 1784 1227; baseline 0.001 -24"><span class='ocrx_word' id='word_1_55' title='bbox 378 1145 467 1227; x_wconf 79' lang='lat' dir='ltr'><strong>legati</strong></span> <span class='ocrx_word' id='word_1_56' title='bbox 482 1144 686 1203; x_wconf 82' lang='lat' dir='ltr'><strong>Romanorum</strong></span> <span class='ocrx_word' id='word_1_57' title='bbox 703 1141 741 1201; x_wconf 88' lang='lat' dir='ltr'><strong>ab</strong></span> <span class='ocrx_word' id='word_1_58' title='bbox 756 1139 854 1200; x_wconf 77' lang='lat' dir='ltr'><strong>Africa</strong></span> <span class='ocrx_word' id='word_1_59' title='bbox 870 1139 1029 1201; x_wconf 76' lang='grc'><strong>(1122222212.</strong></span> <span class='ocrx_word' id='word_1_60' title='bbox 1052 1140 1101 1201; x_wconf 85' lang='grc'><strong>23.</strong></span> <span class='ocrx_word' id='word_1_61' title='bbox 1130 1140 1169 1200; x_wconf 89' lang='lat' dir='ltr'><strong>ad</strong></span> <span class='ocrx_word' id='word_1_62' title='bbox 1184 1143 1323 1205; x_wconf 80' lang='lat' dir='ltr'><strong>virtutem</strong></span> <span class='ocrx_word' id='word_1_63' title='bbox 1344 1142 1480 1223; x_wconf 82' lang='lat' dir='ltr'><strong>erigebat.</strong></span> <span class='ocrx_word' id='word_1_64' title='bbox 1517 1156 1564 1217; x_wconf 82' lang='lat'><strong>24.</strong></span> <span class='ocrx_word' id='word_1_65' title='bbox 1584 1164 1618 1203; x_wconf 80' lang='lat' dir='ltr'><strong>ex</strong></span> <span class='ocrx_word' id='word_1_66' title='bbox 1640 1144 1784 1207; x_wconf 84' lang='lat' dir='ltr'><strong>manibus.</strong></span> 
     </span>
     <span class='ocr_line' id='line_1_8' title="bbox 380 1238 1786 1324; baseline 0 -21"><span class='ocrx_word' id='word_1_67' title='bbox 380 1241 653 1303; x_wconf 65' lang='grc'><strong>2222222112-</strong></span> <span class='ocrx_word' id='word_1_68' title='bbox 672 1243 763 1300; x_wconf 86' lang='lat' dir='ltr'><strong>scelus</strong></span> <span class='ocrx_word' id='word_1_69' title='bbox 777 1238 952 1320; x_wconf 81' lang='lat' dir='ltr'><strong>rapiebatur.</strong></span> <span class='ocrx_word' id='word_1_70' title='bbox 975 1260 1024 1321; x_wconf 87' lang='grc'><strong>27.</strong></span> <span class='ocrx_word' id='word_1_71' title='bbox 1043 1249 1085 1299; x_wconf 87' lang='lat' dir='ltr'><strong>est</strong></span> <span class='ocrx_word' id='word_1_72' title='bbox 1096 1242 1259 1322; x_wconf 84' lang='lat' dir='ltr'><strong>cognitum.</strong></span> <span class='ocrx_word' id='word_1_73' title='bbox 1281 1262 1330 1320; x_wconf 93' lang='grc'><strong>29.</strong></span> <span class='ocrx_word' id='word_1_74' title='bbox 1342 1240 1461 1302; x_wconf 82' lang='lat' dir='ltr'><strong>Vanam.</strong></span> <span class='ocrx_word' id='word_1_75' title='bbox 1483 1240 1532 1301; x_wconf 89' lang='grc'><strong>32.</strong></span> <span class='ocrx_word' id='word_1_76' title='bbox 1546 1243 1659 1307; x_wconf 80' lang='lat' dir='ltr'><strong>invidia</strong></span> <span class='ocrx_word' id='word_1_77' title='bbox 1675 1242 1786 1324; x_wconf 84' lang='lat' dir='ltr'><strong>proba-</strong></span> 
     </span>
     <span class='ocr_line' id='line_1_9' title="bbox 379 1335 1786 1423; baseline 0 -22"><span class='ocrx_word' id='word_1_78' title='bbox 379 1351 485 1401; x_wconf 83' lang='lat' dir='ltr'><strong>rentne</strong></span> <span class='ocrx_word' id='word_1_79' title='bbox 505 1372 524 1386; x_wconf 89' lang='lat'>-</span> <span class='ocrx_word' id='word_1_80' title='bbox 543 1338 699 1399; x_wconf 87' lang='lat' dir='ltr'><strong>secessione</strong></span> <span class='ocrx_word' id='word_1_81' title='bbox 714 1349 756 1397; x_wconf 90' lang='lat' dir='ltr'><strong>est</strong></span> <span class='ocrx_word' id='word_1_82' title='bbox 772 1358 848 1417; x_wconf 86' lang='lat' dir='ltr'><strong>opus</strong></span> <span class='ocrx_word' id='word_1_83' title='bbox 867 1338 982 1397; x_wconf 91' lang='lat' dir='ltr'><strong>-iuter</strong></span> <span class='ocrx_word' id='word_1_84' title='bbox 1002 1335 1097 1396; x_wconf 91' lang='lat' dir='ltr'><strong>bonos</strong></span> <span class='ocrx_word' id='word_1_85' title='bbox 1117 1339 1245 1398; x_wconf 88' lang='lat' dir='ltr'><strong>amicitia</strong></span> <span class='ocrx_word' id='word_1_86' title='bbox 1269 1342 1458 1420; x_wconf 85' lang='lat' dir='ltr'><strong>appellantur</strong></span> <span class='ocrx_word' id='word_1_87' title='bbox 1476 1372 1496 1387; x_wconf 93' lang='lat'>·</span> <span class='ocrx_word' id='word_1_88' title='bbox 1515 1360 1695 1421; x_wconf 82' lang='lat' dir='ltr'><strong>quamquam</strong></span> <span class='ocrx_word' id='word_1_89' title='bbox 1717 1362 1786 1423; x_wconf 82' lang='lat' dir='ltr'><strong>gra-</strong></span> 
     </span>
     <span class='ocr_line' id='line_1_10' title="bbox 379 1433 1785 1523; baseline 0 -23"><span class='ocrx_word' id='word_1_90' title='bbox 379 1440 429 1501; x_wconf 74' lang='lat' dir='ltr'><strong>via</strong></span> <span class='ocrx_word' id='word_1_91' title='bbox 449 1440 517 1501; x_wconf 88' lang='lat' dir='ltr'><strong>sint.</strong></span> <span class='ocrx_word' id='word_1_92' title='bbox 539 1435 589 1501; x_wconf 91' lang='grc'><strong>33.</strong></span> <span class='ocrx_word' id='word_1_93' title='bbox 603 1437 626 1495; x_wconf 83' lang='grc'><strong>21</strong></span> <span class='ocrx_word' id='word_1_94' title='bbox 640 1457 707 1498; x_wconf 85' lang='lat' dir='ltr'><strong>vera</strong></span> <span class='ocrx_word' id='word_1_95' title='bbox 730 1436 865 1516; x_wconf 89' lang='lat' dir='ltr'><strong>aperiret.</strong></span> <span class='ocrx_word' id='word_1_96' title='bbox 885 1433 935 1506; x_wconf 84' lang='lat'><strong>34.</strong></span> <span class='ocrx_word' id='word_1_97' title='bbox 949 1455 984 1492; x_wconf 86' lang='lat' dir='ltr'><strong>ex</strong></span> <span class='ocrx_word' id='word_1_98' title='bbox 1002 1435 1145 1495; x_wconf 87' lang='lat' dir='ltr'><strong>concione</strong></span> <span class='ocrx_word' id='word_1_99' title='bbox 1164 1434 1297 1494; x_wconf 73' lang='lat' dir='ltr'><strong>discessit.</strong></span> <span class='ocrx_word' id='word_1_100' title='bbox 1325 1436 1377 1499; x_wconf 88' lang='grc'><strong>35.</strong></span> <span class='ocrx_word' id='word_1_101' title='bbox 1393 1438 1494 1517; x_wconf 80' lang='lat' dir='ltr'><strong>paucis</strong></span> <span class='ocrx_word' id='word_1_102' title='bbox 1508 1447 1575 1519; x_wconf 91' lang='lat' dir='ltr'><strong>post</strong></span> <span class='ocrx_word' id='word_1_103' title='bbox 1593 1438 1706 1499; x_wconf 88' lang='lat' dir='ltr'><strong>diebus.</strong></span> <span class='ocrx_word' id='word_1_104' title='bbox 1735 1440 1785 1523; x_wconf 93' lang='grc'><strong>37.</strong></span> 
     </span>
     <span class='ocr_line' id='line_1_11' title="bbox 380 1533 1785 1617; baseline 0.002 -22"><span class='ocrx_word' id='word_1_105' title='bbox 380 1537 496 1617; x_wconf 81' lang='lat' dir='ltr'><strong>aliaque</strong></span> <span class='ocrx_word' id='word_1_106' title='bbox 516 1537 647 1614; x_wconf 85' lang='lat' dir='ltr'><strong>incepto.</strong></span> <span class='ocrx_word' id='word_1_107' title='bbox 675 1534 724 1593; x_wconf 89' lang='grc'><strong>38.</strong></span> <span class='ocrx_word' id='word_1_108' title='bbox 750 1533 911 1593; x_wconf 82' lang='lat' dir='ltr'><strong>occultiora</strong></span> <span class='ocrx_word' id='word_1_109' title='bbox 934 1533 1014 1591; x_wconf 85' lang='lat' dir='ltr'><strong>fuere</strong></span> <span class='ocrx_word' id='word_1_110' title='bbox 1040 1566 1059 1580; x_wconf 97' lang='lat'>-</span> <span class='ocrx_word' id='word_1_111' title='bbox 1088 1534 1163 1593; x_wconf 88' lang='lat' dir='ltr'><strong>same</strong></span> <span class='ocrx_word' id='word_1_112' title='bbox 1182 1543 1210 1593; x_wconf 93' lang='lat' dir='ltr'><strong>et</strong></span> <span class='ocrx_word' id='word_1_113' title='bbox 1226 1533 1302 1593; x_wconf 82' lang='lat' dir='ltr'><strong>ferro</strong></span> <span class='ocrx_word' id='word_1_114' title='bbox 1321 1536 1456 1595; x_wconf 52' lang='lat' dir='ltr'><strong>clausum*</strong></span> <span class='ocrx_word' id='word_1_115' title='bbox 1476 1544 1564 1607; x_wconf 74' lang='lat' dir='ltr'><strong>tenet,</strong></span> <span class='ocrx_word' id='word_1_116' title='bbox 1598 1536 1648 1615; x_wconf 92' lang='grc'><strong>39.</strong></span> <span class='ocrx_word' id='word_1_117' title='bbox 1670 1540 1785 1598; x_wconf 77' lang='grc'><strong>2111111112</strong></span> 
     </span>
     <span class='ocr_line' id='line_1_12' title="bbox 380 1628 1788 1717; baseline 0.002 -26"><span class='ocrx_word' id='word_1_118' title='bbox 380 1638 443 1711; x_wconf 80' lang='lat' dir='ltr'><strong>ejus</strong></span> <span class='ocrx_word' id='word_1_119' title='bbox 459 1630 589 1692; x_wconf 83' lang='lat' dir='ltr'><strong>ardebat.</strong></span> <span class='ocrx_word' id='word_1_120' title='bbox 617 1629 667 1701; x_wconf 90' lang='grc'><strong>43.</strong></span> <span class='ocrx_word' id='word_1_121' title='bbox 679 1631 786 1691; x_wconf 82' lang='lat' dir='ltr'><strong>auxilia</strong></span> <span class='ocrx_word' id='word_1_122' title='bbox 803 1628 959 1690; x_wconf 86' lang='lat' dir='ltr'><strong>mittebant</strong></span> <span class='ocrx_word' id='word_1_123' title='bbox 978 1663 992 1675; x_wconf 93' lang='lat'><strong>·</strong></span> <span class='ocrx_word' id='word_1_124' title='bbox 1011 1631 1146 1689; x_wconf 88' lang='lat' dir='ltr'><strong>animum</strong></span> <span class='ocrx_word' id='word_1_125' title='bbox 1172 1631 1326 1697; x_wconf 81' lang='lat' dir='ltr'><strong>invictum.</strong></span> <span class='ocrx_word' id='word_1_126' title='bbox 1355 1631 1405 1702; x_wconf 92' lang='lat'><strong>44.</strong></span> <span class='ocrx_word' id='word_1_127' title='bbox 1428 1654 1446 1691; x_wconf 91' lang='lat' dir='ltr'><strong>a</strong></span> <span class='ocrx_word' id='word_1_128' title='bbox 1462 1633 1563 1712; x_wconf 89' lang='lat' dir='ltr'><strong>spurio</strong></span> <span class='ocrx_word' id='word_1_129' title='bbox 1582 1630 1692 1693; x_wconf 75' lang='lat' dir='ltr'><strong>Albino</strong></span> <span class='ocrx_word' id='word_1_130' title='bbox 1714 1654 1788 1717; x_wconf 88' lang='lat' dir='ltr'><strong>pro-</strong></span> 
     </span>
     <span class='ocr_line' id='line_1_13' title="bbox 381 1727 1788 1814; baseline 0.001 -21"><span class='ocrx_word' id='word_1_131' title='bbox 381 1733 504 1793; x_wconf 84' lang='lat' dir='ltr'><strong>consule</strong></span> <span class='ocrx_word' id='word_1_132' title='bbox 524 1762 544 1777; x_wconf 88' lang='lat'>·</span> <span class='ocrx_word' id='word_1_133' title='bbox 574 1730 634 1810; x_wconf 88' lang='lat' dir='ltr'><strong>spei</strong></span> <span class='ocrx_word' id='word_1_134' title='bbox 649 1727 744 1787; x_wconf 85' lang='lat' dir='ltr'><strong>bonae.</strong></span> <span class='ocrx_word' id='word_1_135' title='bbox 771 1728 1363 1809; x_wconf 53' lang='grc' dir='ltr'><strong>47.299ο1111111121212214129222112.</strong></span> <span class='ocrx_word' id='word_1_136' title='bbox 1393 1728 1442 1801; x_wconf 91' lang='grc'><strong>48.</strong></span> <span class='ocrx_word' id='word_1_137' title='bbox 1462 1731 1571 1790; x_wconf 84' lang='lat' dir='ltr'><strong>deserta</strong></span> <span class='ocrx_word' id='word_1_138' title='bbox 1587 1742 1647 1791; x_wconf 89' lang='grc'><strong>2121</strong></span> <span class='ocrx_word' id='word_1_139' title='bbox 1663 1734 1788 1814; x_wconf 76' lang='lat' dir='ltr'><strong>penuria</strong></span> 
     </span>
     <span class='ocr_line' id='line_1_14' title="bbox 380 1824 1789 1910; baseline 0 -21"><span class='ocrx_word' id='word_1_140' title='bbox 380 1848 536 1910; x_wconf 83' lang='lat' dir='ltr'><strong>aquarum.</strong></span> <span class='ocrx_word' id='word_1_141' title='bbox 557 1828 606 1908; x_wconf 86' lang='lat'><strong>49.</strong></span> <span class='ocrx_word' id='word_1_142' title='bbox 620 1825 761 1888; x_wconf 89' lang='lat' dir='ltr'><strong>occultari</strong></span> <span class='ocrx_word' id='word_1_143' title='bbox 776 1834 922 1907; x_wconf 89' lang='lat' dir='ltr'><strong>poterant.</strong></span> <span class='ocrx_word' id='word_1_144' title='bbox 945 1827 993 1891; x_wconf 87' lang='grc'><strong>52.</strong></span> <span class='ocrx_word' id='word_1_145' title='bbox 1008 1827 1091 1886; x_wconf 89' lang='lat' dir='ltr'><strong>collis</strong></span> <span class='ocrx_word' id='word_1_146' title='bbox 1109 1824 1264 1887; x_wconf 85' lang='lat' dir='ltr'><strong>haberetur</strong></span> <span class='ocrx_word' id='word_1_147' title='bbox 1281 1848 1368 1909; x_wconf 83' lang='lat' dir='ltr'><strong>qnam</strong></span> <span class='ocrx_word' id='word_1_148' title='bbox 1391 1830 1488 1907; x_wconf 89' lang='lat' dir='ltr'><strong>campi</strong></span> <span class='ocrx_word' id='word_1_149' title='bbox 1506 1828 1630 1889; x_wconf 84' lang='lat' dir='ltr'><strong>fucrant.</strong></span> <span class='ocrx_word' id='word_1_150' title='bbox 1652 1833 1700 1891; x_wconf 82' lang='grc'><strong>61.</strong></span> <span class='ocrx_word' id='word_1_151' title='bbox 1716 1828 1789 1889; x_wconf 87' lang='grc'><strong>1122-</strong></span> 
     </span>
     <span class='ocr_line' id='line_1_15' title="bbox 381 1923 1787 2008; baseline -0.001 -20"><span class='ocrx_word' id='word_1_152' title='bbox 381 1936 425 1988; x_wconf 83' lang='lat' dir='ltr'><strong>tes</strong></span> <span class='ocrx_word' id='word_1_153' title='bbox 447 1937 476 1986; x_wconf 91' lang='lat' dir='ltr'><strong>et</strong></span> <span class='ocrx_word' id='word_1_154' title='bbox 494 1928 568 1988; x_wconf 83' lang='lat' dir='ltr'><strong>cives</strong></span> <span class='ocrx_word' id='word_1_155' title='bbox 588 1959 607 1973; x_wconf 95' lang='lat'>-</span> <span class='ocrx_word' id='word_1_156' title='bbox 626 1946 721 2006; x_wconf 89' lang='lat' dir='ltr'><strong>neque</strong></span> <span class='ocrx_word' id='word_1_157' title='bbox 738 1927 801 1984; x_wconf 89' lang='lat' dir='ltr'><strong>acie</strong></span> <span class='ocrx_word' id='word_1_158' title='bbox 821 1956 840 1971; x_wconf 93' lang='lat'>-</span> <span class='ocrx_word' id='word_1_159' title='bbox 868 1923 901 1982; x_wconf 94' lang='lat' dir='ltr'><strong>in</strong></span> <span class='ocrx_word' id='word_1_160' title='bbox 920 1924 1022 1984; x_wconf 90' lang='lat' dir='ltr'><strong>iisdem</strong></span> <span class='ocrx_word' id='word_1_161' title='bbox 1047 1927 1128 1985; x_wconf 88' lang='lat' dir='ltr'><strong>locis.</strong></span> <span class='ocrx_word' id='word_1_162' title='bbox 1168 1926 1216 2007; x_wconf 83' lang='lat'><strong>57.</strong></span> <span class='ocrx_word' id='word_1_163' title='bbox 1232 1926 1329 2008; x_wconf 88' lang='lat' dir='ltr'><strong>picem</strong></span> <span class='ocrx_word' id='word_1_164' title='bbox 1354 1936 1383 1984; x_wconf 89' lang='grc'><strong>21</strong></span> <span class='ocrx_word' id='word_1_165' title='bbox 1407 1926 1510 1983; x_wconf 78' lang='lat' dir='ltr'><strong>taedam</strong></span> <span class='ocrx_word' id='word_1_166' title='bbox 1533 1927 1642 1986; x_wconf 80' lang='lat' dir='ltr'><strong>sulfure</strong></span> <span class='ocrx_word' id='word_1_167' title='bbox 1670 1929 1787 1988; x_wconf 84' lang='lat' dir='ltr'><strong>mistam</strong></span> 
     </span>
     <span class='ocr_line' id='line_1_16' title="bbox 381 2020 1788 2105; baseline 0 -19"><span class='ocrx_word' id='word_1_168' title='bbox 381 2024 508 2086; x_wconf 84' lang='lat' dir='ltr'><strong>ardenti.</strong></span> <span class='ocrx_word' id='word_1_169' title='bbox 538 2026 587 2089; x_wconf 89' lang='lat'><strong>60.</strong></span> <span class='ocrx_word' id='word_1_170' title='bbox 601 2028 756 2105; x_wconf 86' lang='lat' dir='ltr'><strong>paululum</strong></span> <span class='ocrx_word' id='word_1_171' title='bbox 781 2021 883 2081; x_wconf 91' lang='lat' dir='ltr'><strong>modo.</strong></span> <span class='ocrx_word' id='word_1_172' title='bbox 905 2023 955 2082; x_wconf 87' lang='lat'><strong>62.</strong></span> <span class='ocrx_word' id='word_1_173' title='bbox 969 2023 1100 2083; x_wconf 86' lang='lat' dir='ltr'><strong>accersiri</strong></span> <span class='ocrx_word' id='word_1_174' title='bbox 1120 2021 1210 2101; x_wconf 84' lang='lat' dir='ltr'><strong>jubet.</strong></span> <span class='ocrx_word' id='word_1_175' title='bbox 1240 2022 1289 2083; x_wconf 89' lang='grc'><strong>63.</strong></span> <span class='ocrx_word' id='word_1_176' title='bbox 1313 2024 1389 2082; x_wconf 89' lang='lat' dir='ltr'><strong>iuter</strong></span> <span class='ocrx_word' id='word_1_177' title='bbox 1409 2020 1501 2083; x_wconf 86' lang='lat' dir='ltr'><strong>bonas</strong></span> <span class='ocrx_word' id='word_1_178' title='bbox 1524 2034 1609 2091; x_wconf 86' lang='lat' dir='ltr'><strong>artes.</strong></span> <span class='ocrx_word' id='word_1_179' title='bbox 1641 2025 1692 2085; x_wconf 91' lang='lat'><strong>66.</strong></span> <span class='ocrx_word' id='word_1_180' title='bbox 1708 2028 1765 2086; x_wconf 85' lang='lat' dir='ltr'><strong>alia</strong></span> <span class='ocrx_word' id='word_1_181' title='bbox 1777 2067 1788 2104; x_wconf 87' lang='lat'><em>,</em></span> 
     </span>
     <span class='ocr_line' id='line_1_17' title="bbox 382 2119 1789 2207; baseline 0.001 -26"><span class='ocrx_word' id='word_1_182' title='bbox 382 2143 521 2207; x_wconf 81' lang='lat' dir='ltr'><strong>quaespe.</strong></span> <span class='ocrx_word' id='word_1_183' title='bbox 555 2123 605 2204; x_wconf 92' lang='grc'><strong>67.</strong></span> <span class='ocrx_word' id='word_1_184' title='bbox 621 2123 715 2180; x_wconf 88' lang='lat' dir='ltr'><strong>inulte</strong></span> <span class='ocrx_word' id='word_1_185' title='bbox 729 2119 907 2179; x_wconf 83' lang='lat' dir='ltr'><strong>obtruncati.</strong></span> <span class='ocrx_word' id='word_1_186' title='bbox 936 2121 985 2201; x_wconf 89' lang='lat'><strong>69.</strong></span> <span class='ocrx_word' id='word_1_187' title='bbox 1004 2122 1172 2180; x_wconf 75' lang='lat' dir='ltr'><strong>cucullatio</strong></span> <span class='ocrx_word' id='word_1_188' title='bbox 1190 2128 1259 2179; x_wconf 86' lang='lat' dir='ltr'><strong>crat.</strong></span> <span class='ocrx_word' id='word_1_189' title='bbox 1283 2119 1331 2201; x_wconf 93' lang='grc'><strong>73.</strong></span> <span class='ocrx_word' id='word_1_190' title='bbox 1346 2120 1396 2180; x_wconf 87' lang='lat' dir='ltr'><strong>sed</strong></span> <span class='ocrx_word' id='word_1_191' title='bbox 1412 2142 1445 2180; x_wconf 87' lang='lat' dir='ltr'><strong>oa</strong></span> <span class='ocrx_word' id='word_1_192' title='bbox 1463 2142 1507 2181; x_wconf 90' lang='grc'><strong>122</strong></span> <span class='ocrx_word' id='word_1_193' title='bbox 1527 2122 1630 2181; x_wconf 80' lang='lat' dir='ltr'><strong>frustra</strong></span> <span class='ocrx_word' id='word_1_194' title='bbox 1651 2124 1717 2183; x_wconf 86' lang='lat' dir='ltr'><strong>brit.</strong></span> <span class='ocrx_word' id='word_1_195' title='bbox 1740 2136 1789 2205; x_wconf 73' lang='grc'><strong>741</strong></span> 
     </span>
     <span class='ocr_line' id='line_1_18' title="bbox 382 2216 1788 2301; baseline -0.001 -19"><span class='ocrx_word' id='word_1_196' title='bbox 382 2222 471 2301; x_wconf 81' lang='lat' dir='ltr'><strong>ceteri</strong></span> <span class='ocrx_word' id='word_1_197' title='bbox 489 2228 551 2299; x_wconf 88' lang='lat' dir='ltr'><strong>ejus</strong></span> <span class='ocrx_word' id='word_1_198' title='bbox 568 2220 674 2277; x_wconf 81' lang='lat' dir='ltr'><strong>milites</strong></span> <span class='ocrx_word' id='word_1_199' title='bbox 693 2249 712 2264; x_wconf 93' lang='lat'>-</span> <span class='ocrx_word' id='word_1_200' title='bbox 731 2219 816 2276; x_wconf 85' lang='lat' dir='ltr'><strong>tutati</strong></span> <span class='ocrx_word' id='word_1_201' title='bbox 831 2227 910 2276; x_wconf 89' lang='lat' dir='ltr'><strong>sunt.</strong></span> <span class='ocrx_word' id='word_1_202' title='bbox 932 2218 981 2298; x_wconf 90' lang='grc'><strong>75.</strong></span> <span class='ocrx_word' id='word_1_203' title='bbox 990 2227 1019 2275; x_wconf 87' lang='grc'><strong>21</strong></span> <span class='ocrx_word' id='word_1_204' title='bbox 1038 2216 1070 2274; x_wconf 94' lang='lat' dir='ltr'><strong>id</strong></span> <span class='ocrx_word' id='word_1_205' title='bbox 1083 2216 1228 2298; x_wconf 91' lang='lat' dir='ltr'><strong>oppidum</strong></span> <span class='ocrx_word' id='word_1_206' title='bbox 1244 2238 1385 2299; x_wconf 85' lang='lat' dir='ltr'><strong>magnum</strong></span> <span class='ocrx_word' id='word_1_207' title='bbox 1404 2228 1464 2277; x_wconf 87' lang='lat' dir='ltr'><strong>erat</strong></span> <span class='ocrx_word' id='word_1_208' title='bbox 1482 2252 1501 2266; x_wconf 95' lang='lat'>-</span> <span class='ocrx_word' id='word_1_209' title='bbox 1521 2240 1610 2299; x_wconf 87' lang='lat' dir='ltr'><strong>quam</strong></span> <span class='ocrx_word' id='word_1_210' title='bbox 1624 2222 1788 2301; x_wconf 88' lang='lat' dir='ltr'><strong>plurimum</strong></span> 
     </span>
     <span class='ocr_line' id='line_1_19' title="bbox 381 2312 1792 2401; baseline 0.002 -26"><span class='ocrx_word' id='word_1_211' title='bbox 381 2340 464 2401; x_wconf 78' lang='lat' dir='ltr'><strong>aquas</strong></span> <span class='ocrx_word' id='word_1_212' title='bbox 480 2329 515 2378; x_wconf 89' lang='lat' dir='ltr'><strong>ut</strong></span> <span class='ocrx_word' id='word_1_213' title='bbox 535 2318 657 2399; x_wconf 86' lang='lat' dir='ltr'><strong>quisque</strong></span> <span class='ocrx_word' id='word_1_214' title='bbox 675 2349 694 2363; x_wconf 95' lang='lat'>-</span> <span class='ocrx_word' id='word_1_215' title='bbox 714 2336 804 2397; x_wconf 89' lang='lat' dir='ltr'><strong>quam</strong></span> <span class='ocrx_word' id='word_1_216' title='bbox 823 2312 937 2393; x_wconf 92' lang='lat' dir='ltr'><strong>oppido</strong></span> <span class='ocrx_word' id='word_1_217' title='bbox 958 2315 1122 2393; x_wconf 80' lang='lat' dir='ltr'><strong>proximam</strong></span> <span class='ocrx_word' id='word_1_218' title='bbox 1143 2336 1250 2395; x_wconf 89' lang='lat' dir='ltr'><strong>aquam</strong></span> <span class='ocrx_word' id='word_1_219' title='bbox 1272 2335 1359 2396; x_wconf 87' lang='lat' dir='ltr'><strong>snpra</strong></span> <span class='ocrx_word' id='word_1_220' title='bbox 1382 2315 1516 2375; x_wconf 86' lang='lat' dir='ltr'><strong>diximus.</strong></span> <span class='ocrx_word' id='word_1_221' title='bbox 1546 2318 1594 2398; x_wconf 88' lang='lat'><strong>76.</strong></span> <span class='ocrx_word' id='word_1_222' title='bbox 1617 2336 1692 2398; x_wconf 90' lang='lat' dir='ltr'><strong>opus</strong></span> <span class='ocrx_word' id='word_1_223' title='bbox 1709 2318 1792 2396; x_wconf 83' lang='lat' dir='ltr'><strong>jubet</strong></span> 
     </span>
    </p>
   </div>
   <div class='ocr_carea' id='block_1_4' title="bbox 270 2412 1792 2497">
    <p class='ocr_par' dir='ltr' id='par_1_4' title="bbox 270 2412 1792 2497">
     <span class='ocr_line' id='line_1_20' title="bbox 270 2412 1792 2497; baseline 0.001 -21"><span class='ocrx_word' id='word_1_224' title='bbox 270 2435 279 2445; x_wconf 78' lang='lat'><strong><em>‘</em></strong></span> <span class='ocrx_word' id='word_1_225' title='bbox 381 2419 532 2476; x_wconf 88' lang='lat' dir='ltr'><strong>ministros</strong></span> <span class='ocrx_word' id='word_1_226' title='bbox 551 2415 648 2474; x_wconf 85' lang='lat' dir='ltr'><strong>tutari.</strong></span> <span class='ocrx_word' id='word_1_227' title='bbox 672 2436 721 2495; x_wconf 89' lang='lat'><strong>77.</strong></span> <span class='ocrx_word' id='word_1_228' title='bbox 737 2414 868 2495; x_wconf 81' lang='lat' dir='ltr'><strong>gnaviter</strong></span> <span class='ocrx_word' id='word_1_229' title='bbox 881 2412 1021 2471; x_wconf 83' lang='lat' dir='ltr'><strong>iecerunt.</strong></span> <span class='ocrx_word' id='word_1_230' title='bbox 1044 2416 1247 2495; x_wconf 62' lang='grc'><strong>7922121212</strong></span> <span class='ocrx_word' id='word_1_231' title='bbox 1267 2414 1349 2472; x_wconf 87' lang='lat' dir='ltr'><strong>locus</strong></span> <span class='ocrx_word' id='word_1_232' title='bbox 1363 2416 1541 2474; x_wconf 88' lang='lat' dir='ltr'><strong>ammonuit.</strong></span> <span class='ocrx_word' id='word_1_233' title='bbox 1563 2416 1612 2487; x_wconf 89' lang='grc'><strong>84.</strong></span> <span class='ocrx_word' id='word_1_234' title='bbox 1627 2415 1713 2497; x_wconf 81' lang='lat' dir='ltr'><strong>plebe</strong></span> <span class='ocrx_word' id='word_1_235' title='bbox 1730 2418 1792 2477; x_wconf 85' lang='lat' dir='ltr'><strong>rui·</strong></span> 
     </span>
    </p>
   </div>
   <div class='ocr_carea' id='block_1_5' title="bbox 379 2508 1797 3665">
    <p class='ocr_par' dir='ltr' id='par_1_5' title="bbox 379 2508 1797 3665">
     <span class='ocr_line' id='line_1_21' title="bbox 381 2508 1792 2592; baseline 0.001 -17"><span class='ocrx_word' id='word_1_236' title='bbox 381 2515 583 2578; x_wconf 80' lang='lat' dir='ltr'><strong>litiavolenti.</strong></span> <span class='ocrx_word' id='word_1_237' title='bbox 619 2512 669 2571; x_wconf 82' lang='lat'><strong>85.</strong></span> <span class='ocrx_word' id='word_1_238' title='bbox 686 2511 807 2592; x_wconf 84' lang='lat' dir='ltr'><strong>posteris</strong></span> <span class='ocrx_word' id='word_1_239' title='bbox 829 2511 931 2568; x_wconf 88' lang='lat' dir='ltr'><strong>lumen</strong></span> <span class='ocrx_word' id='word_1_240' title='bbox 958 2519 999 2568; x_wconf 85' lang='lat' dir='ltr'><strong>est</strong></span> <span class='ocrx_word' id='word_1_241' title='bbox 1019 2541 1038 2555; x_wconf 95' lang='lat'><em>-</em></span> <span class='ocrx_word' id='word_1_242' title='bbox 1058 2508 1227 2569; x_wconf 78' lang='lat' dir='ltr'><strong>facundiam</strong></span> <span class='ocrx_word' id='word_1_243' title='bbox 1245 2520 1275 2569; x_wconf 91' lang='lat' dir='ltr'><strong>et</strong></span> <span class='ocrx_word' id='word_1_244' title='bbox 1293 2514 1488 2591; x_wconf 84' lang='lat' dir='ltr'><strong>compositam</strong></span> <span class='ocrx_word' id='word_1_245' title='bbox 1514 2514 1701 2573; x_wconf 84' lang='lat' dir='ltr'><strong>-exanimi</strong></span> <span class='ocrx_word' id='word_1_246' title='bbox 1723 2534 1792 2576; x_wconf 83' lang='lat' dir='ltr'><strong>sen-</strong></span> 
     </span>
     <span class='ocr_line' id='line_1_22' title="bbox 384 2605 1792 2693; baseline 0.001 -21"><span class='ocrx_word' id='word_1_247' title='bbox 384 2613 477 2672; x_wconf 87' lang='lat' dir='ltr'><strong>tentia</strong></span> <span class='ocrx_word' id='word_1_248' title='bbox 497 2644 516 2658; x_wconf 94' lang='lat'>-</span> <span class='ocrx_word' id='word_1_249' title='bbox 535 2610 724 2681; x_wconf 81' lang='lat' dir='ltr'><strong>divitiarum,</strong></span> <span class='ocrx_word' id='word_1_250' title='bbox 746 2628 828 2667; x_wconf 87' lang='lat' dir='ltr'><strong>arma</strong></span> <span class='ocrx_word' id='word_1_251' title='bbox 847 2640 866 2654; x_wconf 98' lang='lat'>-</span> <span class='ocrx_word' id='word_1_252' title='bbox 886 2608 1046 2666; x_wconf 88' lang='lat' dir='ltr'><strong>temeritate</strong></span> <span class='ocrx_word' id='word_1_253' title='bbox 1071 2605 1181 2666; x_wconf 89' lang='lat' dir='ltr'><strong>ducum</strong></span> <span class='ocrx_word' id='word_1_254' title='bbox 1199 2609 1304 2671; x_wconf 83' lang='lat' dir='ltr'><strong>attrita.</strong></span> <span class='ocrx_word' id='word_1_255' title='bbox 1345 2606 1558 2680; x_wconf 82' lang='lat' dir='ltr'><strong>Quamobrem.</strong></span> <span class='ocrx_word' id='word_1_256' title='bbox 1579 2612 1640 2693; x_wconf 82' lang='grc'><strong>93.</strong></span> <span class='ocrx_word' id='word_1_257' title='bbox 1658 2610 1792 2674; x_wconf 84' lang='lat' dir='ltr'><strong>difficilia</strong></span> 
     </span>
     <span class='ocr_line' id='line_1_23' title="bbox 379 2704 1795 2797; baseline 0.004 -32"><span class='ocrx_word' id='word_1_258' title='bbox 379 2708 518 2770; x_wconf 71' lang='lat' dir='ltr'><strong>‚faciundi</strong></span> <span class='ocrx_word' id='word_1_259' title='bbox 540 2708 675 2767; x_wconf 87' lang='lat' dir='ltr'><strong>animum</strong></span> <span class='ocrx_word' id='word_1_260' title='bbox 706 2705 802 2767; x_wconf 76' lang='lat' dir='ltr'><strong>vertit.</strong></span> <span class='ocrx_word' id='word_1_261' title='bbox 831 2706 881 2784; x_wconf 82' lang='lat'><strong>95.</strong></span> <span class='ocrx_word' id='word_1_262' title='bbox 903 2705 955 2785; x_wconf 89' lang='lat' dir='ltr'><strong>qui</strong></span> <span class='ocrx_word' id='word_1_263' title='bbox 975 2704 1024 2767; x_wconf 79' lang='lat' dir='ltr'><strong>uli.</strong></span> <span class='ocrx_word' id='word_1_264' title='bbox 1043 2704 1148 2763; x_wconf 87' lang='lat' dir='ltr'><strong>milites</strong></span> <span class='ocrx_word' id='word_1_265' title='bbox 1166 2713 1280 2786; x_wconf 84' lang='lat' dir='ltr'><strong>cogeret</strong></span> <span class='ocrx_word' id='word_1_266' title='bbox 1298 2736 1318 2752; x_wconf 90' lang='lat'><em>-</em></span> <span class='ocrx_word' id='word_1_267' title='bbox 1336 2726 1375 2764; x_wconf 90' lang='lat' dir='ltr'><strong>an</strong></span> <span class='ocrx_word' id='word_1_268' title='bbox 1399 2708 1508 2788; x_wconf 87' lang='lat' dir='ltr'><strong>pudeat</strong></span> <span class='ocrx_word' id='word_1_269' title='bbox 1531 2730 1570 2769; x_wconf 85' lang='lat' dir='ltr'><strong>an</strong></span> <span class='ocrx_word' id='word_1_270' title='bbox 1591 2714 1698 2795; x_wconf 84' lang='lat' dir='ltr'><strong>pigeat.</strong></span> <span class='ocrx_word' id='word_1_271' title='bbox 1741 2736 1795 2797; x_wconf 65' lang='lat'><strong>97³</strong></span> 
     </span>
     <span class='ocr_line' id='line_1_24' title="bbox 385 2800 1792 2892; baseline -0.006 -23"><span class='ocrx_word' id='word_1_272' title='bbox 385 2807 519 2868; x_wconf 80' lang='lat' dir='ltr'><strong>cunctari</strong></span> <span class='ocrx_word' id='word_1_273' title='bbox 540 2806 655 2885; x_wconf 85' lang='lat' dir='ltr'><strong>accepit</strong></span> <span class='ocrx_word' id='word_1_274' title='bbox 672 2801 797 2863; x_wconf 92' lang='lat' dir='ltr'><strong>dubium</strong></span> <span class='ocrx_word' id='word_1_275' title='bbox 817 2835 836 2849; x_wconf 97' lang='lat'>-</span> <span class='ocrx_word' id='word_1_276' title='bbox 855 2809 918 2880; x_wconf 87' lang='lat' dir='ltr'><strong>ejus</strong></span> <span class='ocrx_word' id='word_1_277' title='bbox 937 2802 1087 2883; x_wconf 81' lang='lat' dir='ltr'><strong>proximos</strong></span> <span class='ocrx_word' id='word_1_278' title='bbox 1107 2800 1262 2873; x_wconf 85' lang='lat' dir='ltr'><strong>-aderat,</strong></span> <span class='ocrx_word' id='word_1_279' title='bbox 1287 2805 1370 2866; x_wconf 73' lang='lat' dir='ltr'><strong>victis</strong></span> <span class='ocrx_word' id='word_1_280' title='bbox 1389 2838 1408 2852; x_wconf 95' lang='lat'>-</span> <span class='ocrx_word' id='word_1_281' title='bbox 1427 2805 1634 2868; x_wconf 85' lang='lat' dir='ltr'><strong>difficiliorem.</strong></span> <span class='ocrx_word' id='word_1_282' title='bbox 1658 2813 1753 2892; x_wconf 73' lang='lat' dir='ltr'><strong>Igitur</strong></span> <span class='ocrx_word' id='word_1_283' title='bbox 1772 2842 1792 2861; x_wconf 84' lang='lat'><strong>.</strong></span> 
     </span>
     <span class='ocr_line' id='line_1_25' title="bbox 385 2896 1794 2987; baseline 0.006 -24"><span class='ocrx_word' id='word_1_284' title='bbox 385 2906 457 2987; x_wconf 85' lang='lat' dir='ltr'><strong>qnia</strong></span> <span class='ocrx_word' id='word_1_285' title='bbox 477 2924 603 2965; x_wconf 85' lang='lat' dir='ltr'><strong>numero</strong></span> <span class='ocrx_word' id='word_1_286' title='bbox 624 2905 731 2982; x_wconf 85' lang='lat' dir='ltr'><strong>plures.</strong></span> <span class='ocrx_word' id='word_1_287' title='bbox 767 2901 816 2981; x_wconf 92' lang='grc'><strong>98.</strong></span> <span class='ocrx_word' id='word_1_288' title='bbox 831 2900 940 2960; x_wconf 83' lang='lat' dir='ltr'><strong>seroces</strong></span> <span class='ocrx_word' id='word_1_289' title='bbox 954 2920 1021 2960; x_wconf 90' lang='grc'><strong>2222.</strong></span> <span class='ocrx_word' id='word_1_290' title='bbox 1052 2919 1117 2960; x_wconf 88' lang='grc'><strong>122.</strong></span> <span class='ocrx_word' id='word_1_291' title='bbox 1134 2902 1167 2960; x_wconf 91' lang='lat' dir='ltr'><strong>in</strong></span> <span class='ocrx_word' id='word_1_292' title='bbox 1184 2896 1306 2959; x_wconf 87' lang='lat' dir='ltr'><strong>hiberna</strong></span> <span class='ocrx_word' id='word_1_293' title='bbox 1321 2902 1365 2961; x_wconf 90' lang='lat' dir='ltr'><strong>uti</strong></span> <span class='ocrx_word' id='word_1_294' title='bbox 1381 2905 1578 2982; x_wconf 87' lang='lat' dir='ltr'><strong>proficiscitur</strong></span> <span class='ocrx_word' id='word_1_295' title='bbox 1592 2939 1612 2954; x_wconf 92' lang='lat'>-</span> <span class='ocrx_word' id='word_1_296' title='bbox 1626 2906 1794 2971; x_wconf 85' lang='lat' dir='ltr'><strong>diffidentia</strong></span> 
     </span>
     <span class='ocr_line' id='line_1_26' title="bbox 384 2997 1794 3087; baseline 0.003 -24"><span class='ocrx_word' id='word_1_297' title='bbox 384 3002 479 3063; x_wconf 79' lang='lat' dir='ltr'><strong>futuri</strong></span> <span class='ocrx_word' id='word_1_298' title='bbox 498 3034 518 3049; x_wconf 92' lang='lat'><em>·</em></span> <span class='ocrx_word' id='word_1_299' title='bbox 536 3003 590 3061; x_wconf 94' lang='lat' dir='ltr'><strong>illo</strong></span> <span class='ocrx_word' id='word_1_300' title='bbox 606 3000 738 3080; x_wconf 86' lang='lat' dir='ltr'><strong>aliisque.</strong></span> <span class='ocrx_word' id='word_1_301' title='bbox 784 3018 850 3057; x_wconf 90' lang='grc'><strong>121.</strong></span> <span class='ocrx_word' id='word_1_302' title='bbox 866 2997 947 3078; x_wconf 87' lang='lat' dir='ltr'><strong>apud</strong></span> <span class='ocrx_word' id='word_1_303' title='bbox 966 2999 1080 3077; x_wconf 91' lang='lat' dir='ltr'><strong>primos</strong></span> <span class='ocrx_word' id='word_1_304' title='bbox 1095 3008 1156 3057; x_wconf 90' lang='lat' dir='ltr'><strong>erat</strong></span> <span class='ocrx_word' id='word_1_305' title='bbox 1175 3028 1194 3043; x_wconf 95' lang='lat'>-</span> <span class='ocrx_word' id='word_1_306' title='bbox 1213 3018 1282 3058; x_wconf 91' lang='lat' dir='ltr'><strong>cum</strong></span> <span class='ocrx_word' id='word_1_307' title='bbox 1299 3000 1435 3078; x_wconf 81' lang='lat' dir='ltr'><strong>plurimis</strong></span> <span class='ocrx_word' id='word_1_308' title='bbox 1454 3000 1553 3062; x_wconf 89' lang='lat' dir='ltr'><strong>aderat</strong></span> <span class='ocrx_word' id='word_1_309' title='bbox 1572 3036 1592 3051; x_wconf 92' lang='lat'>-</span> <span class='ocrx_word' id='word_1_310' title='bbox 1612 3002 1644 3065; x_wconf 88' lang='lat' dir='ltr'><strong>in</strong></span> <span class='ocrx_word' id='word_1_311' title='bbox 1671 3027 1794 3087; x_wconf 78' lang='lat' dir='ltr'><strong>percus-</strong></span> 
     </span>
     <span class='ocr_line' id='line_1_27' title="bbox 384 3093 1796 3184; baseline 0.003 -23"><span class='ocrx_word' id='word_1_312' title='bbox 384 3120 441 3161; x_wconf 84' lang='lat' dir='ltr'><strong>sos.</strong></span> <span class='ocrx_word' id='word_1_313' title='bbox 467 3120 534 3163; x_wconf 92' lang='grc'><strong>122.</strong></span> <span class='ocrx_word' id='word_1_314' title='bbox 553 3094 731 3179; x_wconf 76' lang='lat' dir='ltr'><strong>Jugurtham</strong></span> <span class='ocrx_word' id='word_1_315' title='bbox 750 3095 860 3153; x_wconf 83' lang='lat' dir='ltr'><strong>Marius</strong></span> <span class='ocrx_word' id='word_1_316' title='bbox 874 3097 1032 3172; x_wconf 85' lang='lat' dir='ltr'><strong>expulerat.</strong></span> <span class='ocrx_word' id='word_1_317' title='bbox 1062 3094 1129 3156; x_wconf 90' lang='grc'><strong>123.</strong></span> <span class='ocrx_word' id='word_1_318' title='bbox 1150 3093 1257 3154; x_wconf 88' lang='lat' dir='ltr'><strong>deiude</strong></span> <span class='ocrx_word' id='word_1_319' title='bbox 1273 3096 1315 3153; x_wconf 89' lang='lat' dir='ltr'><strong>in.</strong></span> <span class='ocrx_word' id='word_1_320' title='bbox 1353 3096 1419 3167; x_wconf 89' lang='grc'><strong>124.</strong></span> <span class='ocrx_word' id='word_1_321' title='bbox 1434 3102 1552 3181; x_wconf 81' lang='lat' dir='ltr'><strong>negotio</strong></span> <span class='ocrx_word' id='word_1_322' title='bbox 1569 3102 1650 3182; x_wconf 90' lang='lat' dir='ltr'><strong>quod</strong></span> <span class='ocrx_word' id='word_1_323' title='bbox 1671 3106 1796 3184; x_wconf 78' lang='lat' dir='ltr'><strong>incepe-</strong></span> 
     </span>
     <span class='ocr_line' id='line_1_28' title="bbox 384 3190 1794 3277; baseline 0.004 -20"><span class='ocrx_word' id='word_1_324' title='bbox 384 3209 431 3259; x_wconf 82' lang='lat' dir='ltr'><strong>rat</strong></span> <span class='ocrx_word' id='word_1_325' title='bbox 449 3230 469 3245; x_wconf 95' lang='lat'>·</span> <span class='ocrx_word' id='word_1_326' title='bbox 487 3196 590 3255; x_wconf 84' lang='lat' dir='ltr'><strong>Siliam</strong></span> <span class='ocrx_word' id='word_1_327' title='bbox 606 3193 743 3256; x_wconf 82' lang='lat' dir='ltr'><strong>advenire</strong></span> <span class='ocrx_word' id='word_1_328' title='bbox 767 3191 861 3270; x_wconf 72' lang='lat' dir='ltr'><strong>jubet,</strong></span> <span class='ocrx_word' id='word_1_329' title='bbox 893 3192 959 3251; x_wconf 86' lang='grc'><strong>125.</strong></span> <span class='ocrx_word' id='word_1_330' title='bbox 973 3190 1133 3254; x_wconf 84' lang='lat' dir='ltr'><strong>victoribus</strong></span> <span class='ocrx_word' id='word_1_331' title='bbox 1152 3191 1304 3251; x_wconf 82' lang='lat' dir='ltr'><strong>adversum</strong></span> <span class='ocrx_word' id='word_1_332' title='bbox 1327 3214 1385 3257; x_wconf 91' lang='lat' dir='ltr'><strong>eos.</strong></span> <span class='ocrx_word' id='word_1_333' title='bbox 1417 3216 1483 3276; x_wconf 91' lang='grc'><strong>127.</strong></span> <span class='ocrx_word' id='word_1_334' title='bbox 1499 3200 1649 3277; x_wconf 88' lang='lat' dir='ltr'><strong>optimum</strong></span> <span class='ocrx_word' id='word_1_335' title='bbox 1671 3204 1794 3269; x_wconf 81' lang='lat' dir='ltr'><strong>fuctum.</strong></span> 
     </span>
     <span class='ocr_line' id='line_1_29' title="bbox 389 3289 1796 3376; baseline -0.001 -20"><span class='ocrx_word' id='word_1_336' title='bbox 389 3316 458 3376; x_wconf 89' lang='grc'><strong>129.</strong></span> <span class='ocrx_word' id='word_1_337' title='bbox 478 3292 664 3365; x_wconf 79' lang='lat' dir='ltr'><strong>sanctosvir,</strong></span> <span class='ocrx_word' id='word_1_338' title='bbox 685 3290 762 3349; x_wconf 83' lang='lat' dir='ltr'><strong>fidus</strong></span> <span class='ocrx_word' id='word_1_339' title='bbox 782 3289 985 3349; x_wconf 86' lang='lat' dir='ltr'><strong>internuncius</strong></span> <span class='ocrx_word' id='word_1_340' title='bbox 1001 3295 1081 3366; x_wconf 89' lang='lat' dir='ltr'><strong>jurat</strong></span> <span class='ocrx_word' id='word_1_341' title='bbox 1100 3307 1134 3347; x_wconf 84' lang='lat' dir='ltr'><strong>er</strong></span> <span class='ocrx_word' id='word_1_342' title='bbox 1150 3290 1291 3347; x_wconf 86' lang='lat' dir='ltr'><strong>sententia</strong></span> <span class='ocrx_word' id='word_1_343' title='bbox 1309 3289 1452 3351; x_wconf 86' lang='lat' dir='ltr'><strong>ambobus</strong></span> <span class='ocrx_word' id='word_1_344' title='bbox 1470 3298 1599 3359; x_wconf 84' lang='lat' dir='ltr'><strong>-statim</strong></span> <span class='ocrx_word' id='word_1_345' title='bbox 1618 3317 1667 3358; x_wconf 83' lang='lat' dir='ltr'><strong>rex</strong></span> <span class='ocrx_word' id='word_1_346' title='bbox 1686 3300 1728 3361; x_wconf 81' lang='lat' dir='ltr'><strong>sic</strong></span> <span class='ocrx_word' id='word_1_347' title='bbox 1744 3303 1796 3360; x_wconf 89' lang='lat' dir='ltr'><strong>lo-</strong></span> 
     </span>
     <span class='ocr_line' id='line_1_30' title="bbox 387 3385 1797 3475; baseline 0.005 -24"><span class='ocrx_word' id='word_1_348' title='bbox 387 3392 574 3475; x_wconf 87' lang='lat' dir='ltr'><strong>qniincipit.</strong></span> <span class='ocrx_word' id='word_1_349' title='bbox 605 3412 671 3455; x_wconf 90' lang='grc'><strong>112.</strong></span> <span class='ocrx_word' id='word_1_350' title='bbox 688 3385 998 3470; x_wconf 78' lang='lat' dir='ltr'><strong>Jugnrtbam‘ingredi</strong></span> <span class='ocrx_word' id='word_1_351' title='bbox 1015 3386 1121 3444; x_wconf 84' lang='lat' dir='ltr'><strong>sinam.</strong></span> <span class='ocrx_word' id='word_1_352' title='bbox 1154 3406 1219 3444; x_wconf 88' lang='lat'><strong>111.</strong></span> <span class='ocrx_word' id='word_1_353' title='bbox 1237 3388 1354 3447; x_wconf 89' lang='lat' dir='ltr'><strong>lenitur.</strong></span> <span class='ocrx_word' id='word_1_354' title='bbox 1387 3410 1453 3448; x_wconf 91' lang='grc'><strong>112.</strong></span> <span class='ocrx_word' id='word_1_355' title='bbox 1473 3402 1501 3450; x_wconf 86' lang='grc'><strong>21</strong></span> <span class='ocrx_word' id='word_1_356' title='bbox 1523 3394 1549 3452; x_wconf 91' lang='lat' dir='ltr'><strong>ei</strong></span> <span class='ocrx_word' id='word_1_357' title='bbox 1569 3398 1729 3456; x_wconf 88' lang='lat' dir='ltr'><strong>nunciat·</strong></span> <span class='ocrx_word' id='word_1_358' title='bbox 1747 3418 1797 3459; x_wconf 81' lang='lat' dir='ltr'><strong>se-</strong></span> 
     </span>
     <span class='ocr_line' id='line_1_31' title="bbox 386 3485 1797 3572; baseline 0.001 -21"><span class='ocrx_word' id='word_1_359' title='bbox 386 3500 475 3551; x_wconf 85' lang='lat' dir='ltr'><strong>natus</strong></span> <span class='ocrx_word' id='word_1_360' title='bbox 492 3498 543 3548; x_wconf 87' lang='lat' dir='ltr'><strong>aut</strong></span> <span class='ocrx_word' id='word_1_361' title='bbox 557 3488 674 3570; x_wconf 88' lang='lat' dir='ltr'><strong>populi.</strong></span> <span class='ocrx_word' id='word_1_362' title='bbox 708 3486 774 3553; x_wconf 86' lang='grc'><strong>113.</strong></span> <span class='ocrx_word' id='word_1_363' title='bbox 790 3488 875 3546; x_wconf 75' lang='lat' dir='ltr'><strong>vultu</strong></span> <span class='ocrx_word' id='word_1_364' title='bbox 895 3485 1025 3565; x_wconf 84' lang='lat' dir='ltr'><strong>corporis</strong></span> <span class='ocrx_word' id='word_1_365' title='bbox 1040 3485 1149 3565; x_wconf 87' lang='lat' dir='ltr'><strong>pariter</strong></span> <span class='ocrx_word' id='word_1_366' title='bbox 1164 3495 1251 3566; x_wconf 86' lang='lat' dir='ltr'><strong>atque</strong></span> <span class='ocrx_word' id='word_1_367' title='bbox 1269 3485 1370 3544; x_wconf 88' lang='lat' dir='ltr'><strong>animo</strong></span> <span class='ocrx_word' id='word_1_368' title='bbox 1392 3518 1413 3533; x_wconf 91' lang='lat'><strong>·</strong></span> <span class='ocrx_word' id='word_1_369' title='bbox 1431 3486 1571 3550; x_wconf 88' lang='lat' dir='ltr'><strong>dicuntur</strong></span> <span class='ocrx_word' id='word_1_370' title='bbox 1589 3493 1756 3572; x_wconf 77' lang='lat' dir='ltr'><strong>patefecisse</strong></span> <span class='ocrx_word' id='word_1_371' title='bbox 1774 3527 1797 3543; x_wconf 91' lang='lat'>-</span> 
     </span>
     <span class='ocr_line' id='line_1_32' title="bbox 388 3584 953 3665; baseline -0.009 -14"><span class='ocrx_word' id='word_1_372' title='bbox 388 3586 542 3651; x_wconf 87' lang='lat' dir='ltr'><strong>deductus.</strong></span> <span class='ocrx_word' id='word_1_373' title='bbox 563 3586 624 3646; x_wconf 86' lang='lat' dir='ltr'><strong>Per.</strong></span> <span class='ocrx_word' id='word_1_374' title='bbox 649 3597 716 3657; x_wconf 88' lang='grc'><strong>114.</strong></span> <span class='ocrx_word' id='word_1_375' title='bbox 730 3584 837 3665; x_wconf 89' lang='lat' dir='ltr'><strong>Illique</strong></span> <span class='ocrx_word' id='word_1_376' title='bbox 852 3602 953 3665; x_wconf 85' lang='lat' dir='ltr'><strong>usque.</strong></span> 
     </span>
    </p>
   </div>
   <div class='ocr_carea' id='block_1_6' title="bbox 389 3784 1798 4339">
    <p class='ocr_par' dir='ltr' id='par_1_6' title="bbox 389 3784 1798 4339">
     <span class='ocr_line' id='line_1_33' title="bbox 492 3784 1796 3888; baseline 0.002 -23"><span class='ocrx_word' id='word_1_377' title='bbox 492 3790 583 3866; x_wconf 80' lang='lat' dir='ltr'><strong>cod.</strong></span> <span class='ocrx_word' id='word_1_378' title='bbox 603 3790 649 3864; x_wconf 92' lang='lat' dir='ltr'><strong>V.</strong></span> <span class='ocrx_word' id='word_1_379' title='bbox 683 3786 894 3862; x_wconf 86' lang='lat' dir='ltr'><strong>Membran.</strong></span> <span class='ocrx_word' id='word_1_380' title='bbox 921 3784 1084 3888; x_wconf 83' lang='lat' dir='ltr'><strong>scriptus</strong></span> <span class='ocrx_word' id='word_1_381' title='bbox 1121 3812 1224 3860; x_wconf 88' lang='lat' dir='ltr'><strong>anno</strong></span> <span class='ocrx_word' id='word_1_382' title='bbox 1251 3784 1535 3863; x_wconf 74' lang='lat' dir='ltr'><strong>MCCCLXXX.</strong></span> <span class='ocrx_word' id='word_1_383' title='bbox 1559 3790 1746 3867; x_wconf 87' lang='lat' dir='ltr'><strong>Vicentiae</strong></span> <span class='ocrx_word' id='word_1_384' title='bbox 1770 3818 1796 3867; x_wconf 84' lang='lat' dir='ltr'><strong>a</strong></span> 
     </span>
     <span class='ocr_line' id='line_1_34' title="bbox 389 3900 1798 4013; baseline -0.002 -28"><span class='ocrx_word' id='word_1_385' title='bbox 389 3914 500 3986; x_wconf 87' lang='lat' dir='ltr'><strong>Petro</strong></span> <span class='ocrx_word' id='word_1_386' title='bbox 522 3906 571 3983; x_wconf 87' lang='lat' dir='ltr'><strong>de</strong></span> <span class='ocrx_word' id='word_1_387' title='bbox 585 3903 789 3993; x_wconf 76' lang='lat' dir='ltr'><strong>Uolsonis,</strong></span> <span class='ocrx_word' id='word_1_388' title='bbox 810 3902 852 3977; x_wconf 90' lang='lat' dir='ltr'><strong>id</strong></span> <span class='ocrx_word' id='word_1_389' title='bbox 871 3900 980 4005; x_wconf 89' lang='lat' dir='ltr'><strong>quod</strong></span> <span class='ocrx_word' id='word_1_390' title='bbox 1000 3903 1042 3976; x_wconf 93' lang='lat' dir='ltr'><strong>in</strong></span> <span class='ocrx_word' id='word_1_391' title='bbox 1066 3902 1169 3977; x_wconf 90' lang='lat' dir='ltr'><strong>calce</strong></span> <span class='ocrx_word' id='word_1_392' title='bbox 1188 3901 1279 3976; x_wconf 89' lang='lat' dir='ltr'><strong>libri</strong></span> <span class='ocrx_word' id='word_1_393' title='bbox 1302 3918 1479 3979; x_wconf 89' lang='lat' dir='ltr'><strong>notatum</strong></span> <span class='ocrx_word' id='word_1_394' title='bbox 1503 3921 1576 3996; x_wconf 83' lang='lat' dir='ltr'><strong>est,</strong></span> <span class='ocrx_word' id='word_1_395' title='bbox 1602 3908 1798 4013; x_wconf 83' lang='lat' dir='ltr'><strong>negligen-</strong></span> 
     </span>
     <span class='ocr_line' id='line_1_35' title="bbox 391 4018 1798 4131; baseline -0.001 -29"><span class='ocrx_word' id='word_1_396' title='bbox 391 4044 450 4107; x_wconf 78' lang='lat' dir='ltr'><strong>ter</strong></span> <span class='ocrx_word' id='word_1_397' title='bbox 464 4039 660 4112; x_wconf 83' lang='lat' dir='ltr'><strong>exaratus,</strong></span> <span class='ocrx_word' id='word_1_398' title='bbox 685 4021 808 4095; x_wconf 90' lang='lat' dir='ltr'><strong>multa</strong></span> <span class='ocrx_word' id='word_1_399' title='bbox 827 4019 977 4109; x_wconf 86' lang='lat' dir='ltr'><strong>omissa,</strong></span> <span class='ocrx_word' id='word_1_400' title='bbox 1001 4018 1125 4093; x_wconf 88' lang='lat' dir='ltr'><strong>multa</strong></span> <span class='ocrx_word' id='word_1_401' title='bbox 1139 4045 1208 4123; x_wconf 90' lang='lat' dir='ltr'><strong>per</strong></span> <span class='ocrx_word' id='word_1_402' title='bbox 1227 4019 1498 4124; x_wconf 88' lang='lat' dir='ltr'><strong>compendium</strong></span> <span class='ocrx_word' id='word_1_403' title='bbox 1516 4023 1675 4127; x_wconf 84' lang='lat' dir='ltr'><strong>scripta3</strong></span> <span class='ocrx_word' id='word_1_404' title='bbox 1700 4025 1798 4131; x_wconf 83' lang='lat' dir='ltr'><strong>glos-</strong></span> 
     </span>
     <span class='ocr_line' id='line_1_36' title="bbox 390 4138 1798 4247; baseline 0 -26"><span class='ocrx_word' id='word_1_405' title='bbox 390 4168 440 4221; x_wconf 85' lang='lat' dir='ltr'><strong>sae</strong></span> <span class='ocrx_word' id='word_1_406' title='bbox 456 4142 592 4247; x_wconf 86' lang='lat' dir='ltr'><strong>saepius</strong></span> <span class='ocrx_word' id='word_1_407' title='bbox 610 4140 652 4213; x_wconf 93' lang='lat' dir='ltr'><strong>in</strong></span> <span class='ocrx_word' id='word_1_408' title='bbox 674 4155 820 4215; x_wconf 86' lang='lat' dir='ltr'><strong>textum</strong></span> <span class='ocrx_word' id='word_1_409' title='bbox 843 4152 1021 4241; x_wconf 79' lang='lat' dir='ltr'><strong>receptae3</strong></span> <span class='ocrx_word' id='word_1_410' title='bbox 1040 4162 1159 4239; x_wconf 88' lang='lat' dir='ltr'><strong>quare</strong></span> <span class='ocrx_word' id='word_1_411' title='bbox 1172 4162 1313 4241; x_wconf 83' lang='lat' dir='ltr'><strong>paucas</strong></span> <span class='ocrx_word' id='word_1_412' title='bbox 1331 4155 1544 4215; x_wconf 88' lang='lat' dir='ltr'><strong>memoratu</strong></span> <span class='ocrx_word' id='word_1_413' title='bbox 1562 4138 1696 4247; x_wconf 82' lang='lat' dir='ltr'><strong>dignas</strong></span> <span class='ocrx_word' id='word_1_414' title='bbox 1719 4141 1798 4221; x_wconf 86' lang='lat' dir='ltr'><strong>lec-</strong></span> 
     </span>
     <span class='ocr_line' id='line_1_37' title="bbox 392 4257 690 4339; baseline -0.017 -2"><span class='ocrx_word' id='word_1_415' title='bbox 392 4261 513 4339; x_wconf 84' lang='lat' dir='ltr'><strong>tiones</strong></span> <span class='ocrx_word' id='word_1_416' title='bbox 537 4257 690 4336; x_wconf 86' lang='lat' dir='ltr'><strong>notabo.</strong></span> 
     </span>
    </p>
   </div>
   <div class='ocr_carea' id='block_1_7' title="bbox 0 0 2046 5009">
    <p class='ocr_par' dir='ltr' id='par_1_7' title="bbox 0 0 2046 5009">
     <span class='ocr_line' id='line_1_38' title="bbox 0 0 2046 5009; baseline 0 0"><span class='ocrx_word' id='word_1_417' title='bbox 0 0 2046 5009; x_wconf 95' lang='lat' dir='ltr'><strong> </strong></span> 
     </span>
    </p>
   </div>
  </div>
 </body>
</html>
