4050 5009
1579 416 1644 511 141

241 616 348 701 vidit,
366 634 442 697 que
462 620 578 680 Douaa
598 632 671 679 non
690 614 863 692 ediderat,
890 613 1006 698 iisque
1025 613 1136 678 utitur
1154 612 1178 675 l.
1200 632 1230 677 c.
1249 631 1284 679 n.
1306 632 1335 693 9.
1355 610 1439 677 licet
1459 611 1552 679 nihil
1574 630 1651 679 mo-

240 732 328 787 neat.
348 723 449 807 Apud
470 721 677 789 Christinam
696 722 883 787 Succorum
904 720 1075 807 Reginam
1095 726 1129 783 et
1149 716 1212 781 ille
1231 716 1337 801 vidit,
1368 727 1402 783 et
1420 720 1470 783 Js.
1491 721 1648 803 Vossius,

240 828 336 908 cujus
355 830 460 892 verba
479 830 572 914 leges
593 828 632 891 in
651 828 741 891 Bibl.
754 825 975 889 lattuahrio.
995 828 1036 890 T.
1055 806 1090 889 1.'
1103 826 1157 889 ed.
1177 826 1257 887 Era.
1278 847 1313 910 p.
1337 828 1405 905 ²³9·
1426 827 1475 889 Εἰ
1495 826 1568 906 ejus
1587 848 1649 891 au·
1756 894 1764 907 ,

221 941 307 1001 ,tem
328 935 471 1021 Reginae
488 930 704 998 Bibliotheca
723 932 764 993 in
781 929 983 995 vaticanam
1004 928 1292 1017 commigrarunt3
1325 932 1417 993 unde
1447 932 1491 1011 ab
1512 930 1648 997 detritis

237 1039 372 1103 duabus
391 1038 602 1103 membranis
622 1033 803 1119 descripsit
824 1052 865 1097 ea
885 1030 1150 1117 diligentissime
1170 1034 1326 1117 mihique
1350 1036 1455 1122 longe
1474 1037 1647 1123 optimum

237 1162 361 1208 eorum
390 1145 586 1226 exemplum
614 1139 711 1204 dedit
737 1138 792 1202 vir
820 1136 1038 1202 doctissimus
1068 1137 1249 1216 cajetanus
1277 1139 1457 1205 Marinius.
1492 1144 1648 1208 Pretium

237 1247 307 1311 erit
327 1266 459 1331 operte,
490 1246 660 1311 illustrem
686 1245 803 1309 locum
823 1263 864 1308 ex
882 1240 968 1329 ipsis
987 1242 1198 1308 membranis
1218 1264 1432 1331 proponerc=
1466 1244 1647 1333 Deinceps

236 1358 383 1433 monet,
405 1347 445 1413 in
467 1348 627 1415 laxiores
645 1370 772 1439 agras,
804 1345 992 1437 magisque
1004 1346 1181 1432 pecorias
1201 1345 1342 1440 (forte,
1365 1350 1583 1435 pecuarios)
1604 1360 1648 1418 ut

235 1452 494 1546 egrediantur.-
528 1451 614 1539 ubi,
653 1454 874 1537 priusquam
905 1449 1045 1544 resecto
1075 1450 1239 1519 exercitu
1272 1456 1412 1519 adesset
1448 1454 1647 1541 Varinius,

236 1568 397 1651 augetur
416 1562 568 1625 numera
590 1556 733 1624 selectis
752 1556 853 1625 viris.
878 1562 931 1625 Et
947 1580 1106 1643 propere
1124 1568 1285 1625 nanctus
1306 1548 1476 1626 idoneum
1496 1584 1541 1628 ea:
1562 1584 1649 1647 cap·

235 1662 319 1730 tivis
339 1666 462 1729 ducem
469 1710 479 1749 ,
514 1661 739 1748 Picentinis,
772 1660 899 1729 deinde
916 1660 1120 1729 Eburianis
1139 1662 1248 1756 jugis
1268 1669 1438 1733 occultus
1458 1670 1511 1733 ad
1530 1664 1648 1737 Naris
1743 1695 1746 1701 ’

233 1774 430 1850 Manuos,
460 1782 573 1856 utque
593 1768 676 1840 inde
690 1768 816 1855 prima
838 1771 920 1834 luce
933 1766 1099 1853 pervenit
1119 1772 1172 1836 ad
1186 1770 1309 1838 Annii
1316 1768 1471 1863 forum,
1502 1772 1646 1863 ignaris

233 1874 448 1943 cultoribus.
478 1879 537 1944 Ac
566 1874 695 1943 statim
714 1872 876 1969 fugitivi
905 1885 1040 1942 contra
1065 1886 1291 1962 praceptum
1319 1874 1423 1943 ducas
1443 1901 1573 1964 rapere
1593 1880 1647 1943 ad

234 1992 404 2066 stuprum
425 1980 582 2073 uirgines
602 1992 878 2065 matronasque.
910 1985 997 2049 Sunt
1026 1984 1099 2049 baec
1127 1988 1221 2071 apud
1241 1984 1439 2049 Bimardum
1459 1984 1646 2071 corruptis-

233 2090 332 2153 sima.
354 2089 478 2153 Melius
498 2110 518 2152 a
539 2091 691 2155 Freinsh.
711 2096 793 2153 sunt
813 2090 917 2167 lecta,
951 2108 1065 2171 neque
1096 2100 1211 2153 tamen
1239 2092 1320 2153 satis
1347 2094 1392 2154 ad
1413 2092 1516 2154 fidem
1538 2110 1647 2155 mem·
1677 2088 1687 2097 “

230 2196 422 2256 branarum
442 2211 614 2278 expressa,
634 2197 667 2256 d.
687 2214 722 2257 n.
745 2211 775 2273 9.
795 2192 943 2270 Utrique
962 2190 1104 2271 Popilii
1112 2189 1248 2279 forum
1269 2197 1513 2270 emendarunt,
1533 2216 1642 2275 quum

231 2300 273 2363 in
293 2300 439 2363 membr.
460 2300 506 2364 sit
524 2302 644 2364 ANNI.
664 2299 704 2363 in
729 2294 858 2381 quibus
878 2301 928 2359 est
947 2293 1053 2357 etiam
1073 2294 1218 2357 MATR.
1231 2314 1321 2359 ...0.
1356 2300 1425 2363 Nos
1449 2304 1522 2361 tuto
1543 2297 1644 2363 dedi.

231 2425 326 2483 mus,
355 2413 639 2489 matronasque,
671 2424 712 2469 ex
741 2402 878 2484 Nonio,
909 2400 972 2484 qui
1003 2407 1113 2464 totum
1142 2400 1243 2463 illud.
1281 2392 1341 2467 Ac
1360 2398 1490 2467 statim
1513 2411 1576 2468 cet.
1598 2422 1639 2468 ex
1721 2472 1732 2485 ,

231 2511 398 2577 Historiis
427 2511 569 2576 Salustii
599 2509 744 2596 protulit
748 2534 764 2589 3
796 2507 879 2573 vide
897 2509 938 2570 T.
959 2508 1003 2571 11.
1034 2508 1087 2570 ed.
1106 2508 1248 2571 Havcrc.
1268 2530 1302 2592 p.
1328 2530 1377 2591 79.
1411 2508 1551 2595 Insigne
1571 2512 1641 2573 hoc

230 2618 339 2681 Nonii
368 2617 603 2683 testimonium
632 2616 695 2679 illa
714 2615 833 2682 omnia
852 2612 994 2679 Salustii
1014 2630 1107 2699 esse,
1136 2634 1177 2677 ac
1197 2615 1347 2679 Dounam
1367 2634 1447 2681 rere
1468 2614 1640 2681 divinasse

231 2725 455 2787 demonstrat.
466 2725 590 2786 GAR)
607 2718 912 2812 Picentinajuga
929 2722 1023 2785 dicta
1035 2738 1055 2782 a
1068 2718 1222 2787 Picentia
1232 2722 1318 2785 urbe
1328 2721 1369 2784 in
1377 2730 1529 2787 extrema
1540 2724 1644 2817 Carnu·

231 2827 338 2911 pania
348 2826 431 2909 sita,
453 2825 612 2888 undcvia
624 2826 663 2887 in
679 2826 865 2889 Lucaniam
877 2827 1035 2889 ducebat.
1057 2825 1163 2887 hodie
1180 2826 1303 2889 iisdem
1323 2826 1361 2887 in
1377 2827 1464 2889 locis
1477 2848 1549 2889 non
1561 2848 1643 2909 pro-

234 2931 292 2991 cul
305 2930 385 2991 sinu
401 2929 618 2991 Salernitana
632 2948 741 3011 pagus
753 2928 898 2993 Vicenza
916 2938 950 2989 et
962 2926 1149 2993 vicentino
1166 2926 1290 2987 fluvius
1306 2944 1425 2989 eorum
1440 2929 1643 2991 memoriam

234 3040 371 3098 serrant
391 3032 451 3095 cfr.
472 3034 589 3094 Manu.
600 3030 843 3123 Geogr.1taliae
860 3051 894 3111 p.
906 3032 976 3109 756.
991 3028 1184 3091 Eburniani
1202 3028 1334 3094 modies
1346 3030 1390 3093 ab
1413 3028 1535 3098 Eburi
1553 3034 1641 3117 urbe

233 3138 416 3205 derivandi
440 3157 512 3202 essc
538 3136 707 3199 ridentur.
745 3135 811 3199 Sed
838 3153 917 3195 cum
943 3130 1061 3196 Plinio
1086 3142 1168 3198 teste
1194 3138 1224 3197 3.
1247 3138 1294 3199 15.
1329 3136 1437 3203 Eburi
1458 3138 1497 3201 in
1526 3138 1641 3205 media

163 3314 168 3322 ,
231 3244 400 3329 Lucania,
419 3250 539 3307 contra
547 3246 652 3305 Nares
666 3240 826 3304 Lucaniae
839 3260 916 3321 quae
924 3246 1043 3324 postea
1056 3249 1385 3321 commemorantur,
1407 3242 1446 3305 in
1463 3244 1546 3327 ipsis
1561 3244 1643 3308 fini·

232 3354 315 3428 bus,
335 3349 375 3413 in-
395 3351 486 3413 cliro
501 3347 667 3415 Alburni
683 3346 811 3411 montis
827 3338 899 3411 sita
920 3352 1049 3423 essent,
1074 3344 1257 3412 Alburnis
1273 3346 1368 3433 jugis
1387 3350 1642 3413 emendandum

233 3456 327 3520 duxi.
346 3455 409 3519 ille
426 3454 520 3518 enim
542 3473 642 3519 mons
667 3451 706 3515 in
730 3453 882 3517 confinio
905 3455 1123 3517 Lucanorum
1146 3462 1180 3519 ct
1205 3454 1465 3519 Picentinorum
1487 3458 1531 3519 ad
1551 3453 1642 3519 Sila-

231 3584 310 3625 rum
332 3562 474 3623 fluvium
492 3570 526 3623 et
543 3560 701 3623 Aulctam
725 3558 892 3642 oppidum
908 3558 992 3623 situs
1008 3568 1068 3623 est.
1091 3560 1151 3622 cfr.
1171 3561 1322 3647 Philarg.
1339 3564 1383 3625 ad
1404 3560 1499 3647 Virg.
1516 3562 1640 3647 Georg.

233 3668 347 3741 3.146.
368 3672 402 3729 et
417 3665 538 3727 Cellae.
561 3666 685 3749 Geogr.
707 3664 786 3731 Ant.
804 3666 840 3725 L.
857 3665 901 3727 ΙΙ.
919 3685 947 3731 c.
959 3663 1017 3723 nt.
1028 3686 1063 3746 p.
1076 3668 1149 3743 905.
1171 3666 1315 3729 Forcell.
1331 3686 1356 3733 s.
1376 3688 1409 3741 v,
1432 3688 1544 3749 neque
1560 3666 1639 3733 fieri

232 3775 362 3858 potuit,
384 3777 423 3832 ut
434 3767 601 3832 Salustius
623 3769 661 3832 in
682 3776 755 3831 tam
768 3779 923 3834 accurata
947 3766 1085 3832 itineris
1107 3767 1335 3855 lugitivorum
1349 3772 1579 3859 descriptione
1598 3771 1639 3837 in

235 3897 385 3944 errorem
402 3876 633 3938 induceretur.
663 3876 730 3938 Sed
762 3896 839 3939 cum
863 3876 903 3940 in
928 3880 992 3953 Mu,
1020 3876 1224 3942 Eburianis
1247 3876 1427 3942 manifesta
1450 3880 1495 3944 sit
1514 3878 1638 3961 lectio,
1741 3898 1746 3907 ·

233 4003 347 4065 neque
362 3980 465 4046 facile
487 3980 716 4065 exputavcris,
736 4000 855 4046 annon
875 3980 1021 4046 consilio
1040 3984 1219 4069 Spartacus
1232 3984 1348 4069 copias
1363 3980 1637 4071 ambagibusiti·

235 4109 359 4173 nerum
377 4088 478 4163 illum
492 4091 537 4151 ad
555 4087 673 4151 locum
690 4087 844 4172 druerit,
863 4106 937 4153 rem
953 4087 997 4151 in
1010 4092 1124 4154 medio
1137 4090 1309 4172 relinquo.
1329 4092 1471 4157 Forum
1484 4078 1637 4170 Popilii,

236 4196 331 4277 quod
359 4196 472 4258 adhuc
498 4194 694 4280 legebatur,
723 4194 882 4276 quamvis
906 4201 940 4260 et
966 4195 1091 4261 tabulae
1111 4196 1384 4282 Peutingerianae
1405 4204 1439 4259 ct
1458 4188 1636 4259 Ptolemaei

235 4296 434 4365 testimonio
454 4300 692 4366 confirmatum
709 4297 771 4379 sit,
791 4309 906 4367 tamen
925 4308 959 4366 et
978 4300 1093 4387 ipsum
1111 4304 1160 4367 M.
1179 4302 1213 4367 S.
1233 4300 1436 4369 auctoritate
1456 4294 1635 4365 refellitur.
