4050 5009
556 308 626 395 140

551 478 693 575 luerat,
720 484 894 563 evadunt
926 485 1072 563 Amisso
1093 486 1194 576 loco,
1221 480 1398 560 Numidae
1410 477 1487 555 fusi
1510 472 1723 581 fugatique,
1747 463 1864 572 pauci
1883 460 1939 537 in·

551 606 705 701 teriere3
727 608 927 713 plerosque
946 610 1122 691 velocitas
1148 624 1189 685 et
1213 607 1315 713 regio
1338 604 1511 680 hostibus
1537 601 1668 705 ignira
1697 607 1823 668 tutata
1844 600 1941 663 sunt

419 814 423 820 ,
551 730 699 807 Interea
715 733 918 823 Bomilcar,
943 760 1059 836 quem
1076 732 1289 836 elephantis
1313 746 1352 805 et
1368 728 1469 834 parti
1486 724 1685 828 copiarum
1710 711 1940 821 pedestrium

551 853 773 956 praelectum
797 856 846 931 ab
868 856 1054 961 Iugurtha
1076 855 1393 960 supradiximus,
1416 850 1485 925 ubi
1508 874 1597 923 eum
1609 842 1775 919 Rutilius
1789 850 1939 943 practer·

550 1001 691 1080 gressus
716 995 788 1069 cst,
812 980 1017 1083 paullatim
1034 1006 1121 1055 suos
1150 979 1191 1054 in
1222 1004 1376 1081 oequum
1399 977 1527 1050 locum
1550 967 1734 1046 deducit:
1759 990 1826 1054 ac,
1849 960 1939 1036 dum

550 1098 692 1203 legatus
713 1100 762 1177 ad
784 1101 946 1193 flumen,
964 1112 1043 1205 quo
1065 1102 1275 1205 praemissus
1296 1115 1396 1189 erat,
1419 1098 1600 1173 festinans
1619 1090 1758 1198 pergit,
1782 1085 1941 1191 quietffls

465 1224 473 1245 ⁹
549 1223 608 1299 uti
626 1250 682 1299 res
703 1225 937 1327 postulabat,
963 1226 1085 1300 aciem
1107 1241 1289 1306 exornat:
1313 1248 1439 1325 neque
1462 1218 1640 1307 remittit,
1675 1212 1772 1317 quid
1798 1209 1941 1311 ubique

548 1342 666 1421 hostis
680 1365 828 1452 ageret,
863 1348 1066 1453 explorare.
1111 1352 1316 1450 Postquam
1336 1346 1525 1421 Rutilium
1562 1339 1768 1418 consedisse
1800 1336 1942 1409 iamet

549 1470 679 1547 animo
703 1498 869 1547 vacuum
893 1472 1057 1576 accepit,
1084 1471 1275 1574 simulque
1297 1496 1344 1545 ex
1363 1465 1557 1573 Iugurthae
1582 1463 1715 1569 praelio
1739 1457 1942 1536 clamorem

550 1594 698 1697 augeri3
720 1594 883 1685 veritus,
906 1622 955 1670 ne
977 1596 1147 1699 legatus,
1165 1593 1317 1696 cognita
1342 1619 1399 1681 re,
1424 1588 1688 1665 laborantibus
1705 1583 1782 1659 suis
1801 1578 1942 1657 auxilio

548 1714 662 1804 foret,
687 1717 823 1806 aciem,
848 1744 966 1820 quam
987 1716 1160 1792 diffidens
1180 1716 1313 1791 virtuti
1339 1714 1509 1801 militum
1536 1728 1617 1787 arte
1637 1722 1842 1825 statuerat,
1869 1728 1943 1806 quo

552 1834 722 1915 hostium
742 1840 872 1915 itineri
898 1839 1102 1931 obficeret,
1119 1839 1234 1915 latius
1257 1838 1417 1943 porrigit
1424 1869 1434 1932 3
1455 1862 1577 1938 eoque
1604 1832 1718 1909 modo
1741 1826 1946 1918 adllutilii

500 1995 538 2058 53
554 1979 674 2037 castra
706 1962 887 2066 procedit
938 1964 1101 2038 Romani
1141 1990 1188 2039 ex
1223 1962 1426 2067 improviso
1459 1958 1624 2065 pulveris
1654 1956 1733 2031 vim
1767 1978 1947 2057 magnam

548 2085 891 2174 animadvortunt,
912 2113 1004 2160 nam
1021 2101 1261 2189 prospectum
1281 2111 1369 2188 ager
1393 2083 1555 2158 arbustis
1580 2079 1746 2159 consitus
1768 2076 1947 2182 prohibe

546 2208 622 2283 bat
673 2210 723 2283 Et
739 2208 866 2312 primo
883 2209 956 2282 rati
973 2206 1139 2283 humum
1157 2197 1304 2283 aridam
1318 2222 1432 2282 vento
1449 2204 1584 2310 agitari
1602 2237 1611 2279 ι
1635 2218 1720 2308 post
1735 2202 1804 2278 ubi
1821 2224 1948 2304 oeqtta·

547 2322 665 2409 bilem
682 2358 837 2408 manere
860 2348 917 2422 et,
938 2331 1051 2406 sicuti
1071 2332 1168 2407 acies
1187 2331 1433 2420 movebatur,
1449 2328 1566 2433 magis
1591 2327 1784 2431 magisque
1810 2325 1948 2430 adpro·

547 2454 738 2557 pinquare
769 2434 916 2545 vident,
950 2457 1101 2559 cognita
1133 2482 1195 2545 re,
1220 2470 1465 2559 properantes
1488 2479 1593 2527 arma
1617 2452 1779 2555 capiunt
1800 2476 1851 2525 ac
1880 2473 1947 2554 pro

549 2577 697 2665 castris,
714 2576 827 2654 sicuti
845 2577 1123 2682 imperabatur,
1138 2579 1357 2657 consistunt
1407 2576 1576 2666 Deinde,
1591 2574 1661 2649 ubi
1683 2572 1844 2677 propius
1861 2598 1947 2649 ren·

550 2714 635 2772 tum
651 2716 722 2788 est,
740 2701 935 2805 utrimque
952 2728 1090 2805 magno
1105 2700 1270 2776 clamore
1284 2701 1536 2776 concurritur.
1584 2697 1761 2785 Numidas
1779 2711 1947 2772 tantum·

547 2821 663 2897 modo
691 2825 885 2915 remorati,
904 2823 1000 2900 dum
1024 2826 1066 2901 in
1106 2822 1318 2929 elephantis
1347 2821 1536 2899 auxilium
1560 2837 1703 2925 putant
1710 2855 1721 2916 3
1745 2836 1947 2924 postquam

546 3023 607 3085 duo
620 3025 709 3087 lii'vii.¹
727 3028 823 3093 Senot.
839 3048 865 3087 ι.
886 3028 981 3089 Guell.
998 3050 1024 3087 ι.
1044 3028 1160 3090 Gruter.
1177 3038 1312 3111 precept.
1325 3039 1390 3090 erat
1410 3027 1557 3088 Commcl.
1576 3026 1669 3093 Mnrk.
1676 3040 1707 3093 r.
1727 3024 1790 3085 llas.
1805 3046 1831 3085 ι.
1852 3042 1949 3106 vepre

546 3132 652 3191 uteros
672 3132 739 3197 Vin.
751 3152 778 3193 r.
796 3133 876 3193 Vrat.
891 3153 920 3194 ι.
940 3134 1061 3197 Leidb.
1072 3136 1100 3199 l.
1120 3135 1205 3194 Bern.
1220 3156 1245 3201 ι.
1263 3136 1413 3214 pleresque
1425 3134 1561 3193 velocitas
1580 3132 1650 3194 Vm.
1666 3152 1693 3197 ι.
1713 3130 1798 3191 Rem.
1810 3151 1837 3196 1.
1852 3128 1947 3189 Guell.

366 3290 370 3297 .
427 3312 430 3319 1
546 3238 575 3296 3.
597 3243 741 3297 tutasuut
760 3237 845 3296 hem.
858 3258 886 3299 ι.
906 3238 1002 3299 stiur.
1023 3238 1131 3299 Sena,
1150 3240 1249 3299 Hensr.
1270 3238 1407 3310 (luem.
1424 3260 1472 3298 ιι.
1489 3236 1570 3298 Laid.
1582 3238 1612 3295 d.
1624 3235 1688 3301 tt.
1707 3234 1893 3295 Bomdchor
1910 3234 1948 3293 its

543 3336 606 3397 Bar.
620 3340 648 3410 4.
670 3351 845 3401 constanter.
866 3340 899 3401 in
912 3360 1027 3421 oequum
1045 3342 1165 3402 deducit
1183 3343 1264 3405 Vtut.
1276 3346 1305 3406 3.
1325 3362 1416 3421 neque
1428 3338 1547 3402 interim
1560 3339 1683 3401 remittit
1701 3327 1823 3400 Leidie.
1833 3339 1864 3399 d.
1873 3359 1947 3421 gan.

544 3441 671 3502 Putschii
684 3442 760 3502 Cod.
781 3443 843 3504 iam
857 3463 918 3502 οιιι.
929 3444 1013 3504 Rem.
1025 3466 1053 3505 a.
1073 3443 1163 3505 houd.
1178 3444 1301 3511 tritt.
1324 3446 1430 3526 occipit
1448 3446 1516 3507 Ecc.
1532 3445 1630 3505 Guell.
1642 3467 1688 3506 ιι.
1708 3445 1794 3506 lieni.
1807 3465 1835 3505 a.
1856 3454 1885 3505 et
1898 3452 1947 3503 tm

543 3546 594 3604 alii
611 3544 693 3605 Cort.
712 3566 746 3606 eo
760 3549 849 3609 niodo
871 3552 975 3611 Fraus.
993 3548 1079 3609 Bern.
1096 3568 1123 3613 ι.

616 3668 689 3751 Cap.
699 3674 746 3734 53.
767 3694 854 3735 armo
869 3668 955 3756 prop.
969 3673 1092 3757 copiunt
1108 3674 1178 3735 Tur.
1198 3693 1307 3755 magno
1319 3674 1357 3735 cl.
1375 3673 1566 3737 'conarri-unt
1584 3676 1654 3737 Vin.
1669 3699 1694 3737 ι.
1715 3677 1822 3738 Franc.
1841 3679 1909 3739 Sen.
1921 3696 1948 3737 ι.

505 3778 510 3789 ’
543 3774 644 3835 lleust
665 3774 761 3840 Gnell.
771 3776 800 3837 3.
819 3778 953 3845 Isidos,
972 3780 1058 3840 Rern.
1076 3800 1102 3841 ι.
1121 3800 1170 3840 eos
1184 3779 1259 3859 imp.
1281 3800 1370 3861 pron.
1391 3801 1452 3840 om.
1467 3782 1647 3854 (inultm.
1667 3804 1706 3843 rc
1719 3782 1815 3844 notus
1833 3782 1902 3845 Vin.
1920 3800 1946 3841 ι.

543 3877 643 3943 castr.
667 3900 712 3939 ra.
739 3890 826 3959 utque
842 3900 873 3943 n.
896 3887 999 3950 Franc.
1021 3884 1102 3965 capti
1113 3894 1182 3945 sunt
1200 3883 1262 3944 Bar.
1281 3904 1308 3946 ι.
1328 3884 1478 3960 irrteffecti
1486 3896 1555 3947 suut
1579 3886 1642 3945 llas.
1654 3886 1684 3959 l.
1712 3906 1838 3948 nurnero
1850 3884 1946 3949 m

545 3982 626 4041 trid.
643 4003 670 4049 a.
684 4004 711 4044 c.
724 4004 749 4048 c.
765 3982 796 4045 h.
812 4004 895 4046 nun.
924 3987 1008 4053 hem.
1027 4008 1054 4047 1.
1072 3987 1176 4049 Franc.
1204 3988 1265 4048 tut
1283 3989 1379 4053 strat.
1398 3990 1459 4051 inc.
1474 4010 1500 4052 ι.
1520 3990 1618 4051 Guell.
1631 4011 1678 4051 rr.
1698 3991 1777 4055 ltivii
1790 3992 1943 4073 etPopmoe

545 4084 643 4146 codd.
663 4087 777 4167 aliquot
789 4087 915 4152 Gruteri.
935 4086 997 4150 Bas.
1007 4090 1037 4162 k.
1047 4092 1123 4169 sessi
1132 4090 1252 4171 lusique
1263 4100 1350 4153 crant
1367 4092 1437 4153 vin.
1448 4115 1476 4154 r.
1495 4094 1576 4156 Vnt.
1587 4116 1617 4156 ι.
1635 4094 1733 4162 Guelf.
1746 4095 1776 4156 3.
1788 4096 1818 4168 l.
1837 4095 1944 4157 hirti.

545 4188 634 4251 alleri
650 4210 697 4272 ap.
716 4192 842 4253 altentm
860 4192 928 4253 Naz.
949 4191 1068 4254 Corum.
1087 4195 1155 4257 Vin.
1171 4217 1197 4259 t.
1217 4195 1313 4256 Guell.
1334 4217 1359 4255 ι.
1377 4195 1447 4280 Teg.
1477 4198 1547 4259 Tur.
1568 4220 1672 4283 mpr.
1700 4200 1863 4263 admistum
1880 4206 1944 4261 essct

477 4280 480 4289 ’
544 4296 681 4373 velsorst
701 4296 786 4359 Rern.
802 4318 828 4359 1.
849 4299 983 4380 paucior
1000 4285 1083 4361 coit.
1110 4298 1193 4363 laid.
1203 4320 1232 4381 g.
1244 4297 1275 4360 h.
1290 4321 1332 4361 ιιι.
1345 4321 1377 4361 ιι.
1390 4322 1418 4361 ι.
1430 4302 1467 4365 b..
1480 4304 1593 4367 sedulii
1607 4308 1666 4369 elio
1680 4309 1761 4368 loco.
1788 4314 1859 4367 octa
1875 4306 1944 4368 ede·
