4050 5009
1606 390 1685 471 155»
1813 488 1816 504 ι

277 588 382 671 stibi,
401 588 493 653 bene
515 580 756 651 animadvertit
777 580 880 651 Debr.
902 577 1038 647 nullius
1061 579 1157 647 onim
1186 576 1341 645 bominis
1357 594 1533 669 persona,
1557 586 1621 669 qui
1639 606 1689 655 ω.

180 772 184 778 .
279 691 438 781 tempore'
458 692 584 777 opibus
612 692 801 768 florebant,
828 687 956 755 meiius
979 686 1204 759 conveniant.
1232 690 1351 753 -rtn-
1369 680 1490 753 Simul
1510 686 1682 761 immanis

274 796 461 867 dominura
480 793 535 861 ot's
557 818 605 863 aa
631 792 721 862 Ioat's
750 790 912 892 iavatare
931 801 1104 878 patentes
1127 801 1206 858 tam
1226 800 1263 859 et
1280 788 1389 877 pacis
1406 794 1515 867 modo
1537 796 1681 880 offusas.

134 892 139 900 ’
274 911 352 990 post
363 900 454 970 laar's
468 901 603 986 aliquid
612 901 750 967 videtur
765 918 838 967 esse
850 898 1072 983 omissum,
1090 894 1358 985 superioribas,
1378 896 1534 986 asperis,
1556 907 1684 975 occul..

276 1010 335 1075 tis.
361 1030 427 1096 pro
451 1004 620 1095 pateatis
640 1003 898 1085 emendaverim
915 1004 1110 1087 palantes,
1137 1006 1232 1085 quod
1262 1004 1439 1087 sequentia
1457 1010 1503 1071 ad
1522 1009 1684 1077 homines

273 1117 449 1202 pertinere
465 1114 635 1203 ridentur
656 1112 718 1177 cfr.
737 1112 818 1175 Tac.
836 1107 973 1185 Hirta.
999 1110 1059 1173 15:
1078 1128 1184 1197 vagos
1202 1118 1237 1176 st
1252 1110 1347 1196 pacis
1366 1116 1472 1179 rnodo
1491 1109 1617 1183 effusos
1636 1114 1685 1181 li·

273 1234 354 1307 xast
372 1222 539 1285 dicuntur
558 1237 642 1283 sane
657 1236 713 1301 ap.
733 1216 882 1281 eundern
899 1213 972 1279 loci
992 1212 1102 1297 effusi
1120 1223 1158 1281 et
1172 1224 1343 1300 patentes
1361 1216 1424 1284 cir.
1443 1220 1557 1289 Germ.
1580 1244 1609 1289 o.
1630 1226 1681 1293 ³⁰.

273 1327 325 1392 ita
335 1335 375 1390 ut
386 1326 536 1411 vulgata
551 1322 711 1389 lectionis
727 1320 966 1387 anctoritatem
981 1340 1025 1387 eo
1046 1318 1188 1387 defendi
1204 1342 1303 1407 posse
1320 1326 1510 1413 putareris,
1529 1332 1590 1395 sed
1605 1348 1684 1411 qua

275 1431 395 1495 addita
413 1438 495 1495 sunt
513 1436 591 1491 tam
608 1434 645 1491 et
660 1422 769 1512 pacis
791 1426 900 1493 modo
920 1425 990 1491 alia
1009 1429 1146 1491 docent.
1166 1427 1276 1515 igitur
1295 1431 1484 1497 absurdum
1499 1442 1568 1513 est,
1588 1436 1685 1518 quod

275 1538 377 1601 Debr.
401 1538 476 1601 hac
498 1536 544 1599 ad
568 1532 754 1619 Cyzicenos
768 1529 890 1617 refert,
921 1532 986 1616 qui
1013 1532 1198 1599 obsidione
1217 1533 1377 1613 liberati,
1407 1536 1485 1603 loca
1510 1540 1553 1603 ab
1573 1539 1686 1605 bosti—
1778 1536 1784 1551 ⁴

275 1642 340 1705 bus
361 1641 483 1707 relicta
504 1646 693 1723 spectatum
712 1638 1014 1705 exierint·1s1.·
1034 1640 1161 1705 Genua
1172 1646 1327 1723 patrum
1349 1643 1601 1709 advolvuntur.
1621 1644 1683 1709 cir.

276 1748 355 1811 Tac.
377 1748 465 1809 dnn.
487 1747 516 1812 6.
537 1758 590 1825 49.
616 1778 636 1797 ·
648 1748 740 1815 tin·
759 1745 962 1810 Perrexere
987 1739 1028 1809 itt
1047 1738 1272 1827 Hispaniam
1296 1766 1347 1811 aa
1368 1744 1590 1815 Sardiniam.
1614 1751 1683 1815 boa

275 1850 449 1936 pertinere
468 1847 663 1935 putaverim
683 1852 728 1915 ad
748 1848 914 1930 reliquias
931 1848 1020 1915 beili
1037 1849 1224 1941 Lepidani,
1242 1851 1305 1934 qui
1323 1860 1384 1917 aut
1401 1854 1606 1941 Hispaniam
1623 1864 1683 1920 aut

276 1955 470 2021 Sardiniam
489 1955 572 2042 fuga
591 1956 791 2040 petiverant.
810 1976 861 2021 aa
881 1960 1074 2022 notandum
1094 1958 1130 2021 h.
1146 1956 1171 2019 l.
1193 1954 1337 2023 inservit
1352 1959 1564 2027 dubitationi
1581 1969 1616 2027 et
1640 1980 1683 2027 eo

277 2062 322 2123 ab
342 2069 411 2125 aut
429 2072 465 2125 et
480 2064 541 2127 ael
559 2056 694 2143 differt,
714 2064 809 2143 quod
830 2082 884 2125 res
901 2082 975 2127 non
989 2069 1230 2148 opponuntur,
1250 2064 1310 2129 sed
1325 2063 1363 2127 id
1382 2063 1495 2128 solum
1511 2064 1683 2151 signifieat

278 2166 482 2246 loquentem
493 2184 565 2229 esse
586 2164 733 2227 dubium
754 2184 866 2243 neque
885 2165 936 2227 ita
955 2166 1106 2227 multum
1126 2184 1265 2246 curare,
1286 2174 1326 2227 ut
1345 2166 1525 2229 veritatem
1541 2186 1685 2249 cognos-

277 2276 343 2333 cat.
371 2273 491 2332 -sts-
511 2266 604 2349 Quoe
628 2262 794 2355 magalia
813 2271 902 2328 suat
922 2260 1163 2350 circumjecta
1183 2260 1343 2349 civitati,
1363 2266 1576 2333 suburbana
1599 2266 1685 2335 ardi-

264 2370 364 2462 fiat'a
385 2376 462 2438 dun
478 2382 660 2459 postrema
677 2390 775 2435 voces
797 2389 863 2455 pro
880 2369 996 2457 glossa
1013 2370 1203 2451 babandae3
1224 2368 1379 2454 quamvis
1404 2369 1499 2436 enirn
1519 2372 1685 2465 magalia

279 2501 351 2546 non
371 2479 503 2561 ubique
527 2480 594 2543 hac
614 2476 864 2565 significatione
882 2484 1074 2561 ponantur,
1100 2482 1214 2541 tamen
1231 2478 1270 2541 b.
1288 2476 1313 2545 l.
1332 2476 1500 2545 Salustius
1519 2480 1585 2546 bac
1602 2500 1686 2547 voce

226 2616 230 2622 ⁴
279 2606 359 2653 usus
374 2605 446 2653 esse
465 2584 618 2671 videtur,
640 2592 682 2647 ut
702 2601 795 2649 casas
817 2582 900 2647 istas
922 2580 1177 2648 stramentarias
1193 2580 1421 2669 significaret,
1442 2606 1519 2669 qun
1545 2606 1567 2651 a
1590 2588 1684 2653 mili-

279 2693 372 2756 tibus
385 2692 613 2778 bibernorum
629 2708 729 2754 causa
746 2688 1014 2755 adificabantur.
1036 2696 1127 2755 recte
1144 2690 1218 2755 bac
1232 2690 1367 2755 Cottius
1386 2694 1431 2754 ad
1441 2692 1586 2758 Sertorii
1598 2712 1684 2757 con-

279 2797 400 2862 silium
430 2794 533 2859 refert
558 2798 652 2876 quod
685 2794 814 2859 milites
836 2815 910 2859 non
937 2796 977 2857 in
996 2794 1144 2859 urbibus
1169 2797 1229 2859 sed
1254 2795 1292 2857 in
1314 2796 1521 2861 suburbanis
1538 2799 1685 2863 hiberna
1751 2870 1756 2875 ¹
1815 2819 1821 2832 ’

281 2898 471 2983 transigere
490 2897 652 2981 coegerit.
678 2896 739 2963 afr.
751 2898 850 2959 rtur.
870 2900 956 2961 Sert.
974 2918 1005 2961 o.
1023 2900 1053 2959 6.
1073 2888 1146 2973 ratic
1162 2884 1234 2986 yaie
1253 2883 1440 2988 sparta'raa
1456 2884 1694 2986 ivdysaaatt,

262 2999 347 3083 ,τοῖς
363 2998 547 3096 apamias
563 2984 730 3095 xttua'tittt
746 2983 942 3087 πῆγννςθαι
959 3023 992 3068 ts
1002 3023 1032 3069 't-
1042 3007 1077 3067 λ·
1099 3044 1118 3061 -
1128 3016 1222 3088 134.-
1239 3014 1291 3079 Et
1315 3033 1425 3079 onere
1443 3011 1604 3081 turriam
1628 3016 1694 3084 ia·
1769 3038 1773 3045 ·

267 3120 395 3189 ‘certis
414 3116 575 3185 navibus.
593 3120 667 3183 baa
683 3116 860 3203 pertinent
879 3119 924 3183 ad
950 3115 1165 3181 obsidionem
1184 3116 1314 3201 cyrion
1340 3126 1375 3182 et
1393 3118 1604 3189 Mithridatis
1622 3142 1686 3187 na·

281 3247 340 3296 ves
358 3236 440 3293 sunt
459 3224 706 3310 intelligenda.
726 3223 788 3290 cir.
808 3223 956 3309 Appian.
981 3224 1026 3287 de
1046 3223 1081 3287 b.
1101 3222 1257 3291 Mithrid.
1277 3244 1306 3287 c·
1324 3228 1374 3306 73.
1391 3239 1443 3305 74.

367 3334 488 3397 -135.-
514 3326 694 3417 Traditur
703 3324 844 3424 fugam
861 3326 901 3393 ia
918 3324 1124 3418 longinqua
1142 3326 1288 3395 Oceani
1304 3321 1501 3419 agitavisse
1517 3330 1592 3409 scii.
1608 3334 1687 3397 Ser·

269 3439 401 3505 torius.
422 3438 484 3503 cfr.
494 3438 584 3501 Plut.
602 3438 729 3501 Sertor.
747 3458 777 3519 9.
797 3434 912 3529 initio.
931 3438 1050 3500 ·136.-
1069 3432 1135 3501 Aa
1145 3434 1362 3499 mutandum
1377 3435 1485 3502 modo
1503 3432 1544 3501 in
1558 3434 1687 3502 melius

282 3541 471 3610 servitium
509 3544 555 3605 ad
582 3544 789 3629 gladiatores
814 3524 882 3606 boc
910 3539 1082 3617 referunt,
1113 3539 1174 3623 qui
1210 3560 1250 3605 ex
1286 3540 1464 3626 ergastulis
1500 3552 1686 3609 evaserant.

284 3653 408 3733 ·¹³7··
427 3647 572 3735 Magna
584 3642 832 3714 abdominum
846 3654 1063 3711 convenerat
1077 3641 1298 3735 agrispulsa
1310 3655 1378 3710 aut
1396 3644 1543 3713 civitate
1558 3647 1685 3740 ejeam

284 3752 476 3843 significari
506 3750 667 3817 videntur
694 3750 821 3837 Lepidi
852 3750 955 3835 socii,
981 3751 1044 3833 qui
1072 3768 1233 3836 magnam
1262 3759 1395 3837 partem
1423 3774 1465 3819 er
1487 3757 1694 3842 proscriptis·

287 3858 497 3925 constabant
515 3858 640 3921 aas„
659 3855 751 3925 Cum
769 3878 896 3923 muros
917 3866 981 3922 eta.
999 3858 1054 3921 Ad
1075 3854 1188 3941 Cynici
1207 3856 1424 3925 obsidionem
1448 3861 1516 3927 boo
1535 3871 1687 3949 spectaro

282 3964 415 4046 judicat
433 3964 539 4029 Debr.
569 3966 689 4043 ·¹³9··
708 3958 850 4047 Quiope
873 3971 977 4027 vasta
994 3956 1121 4057 'Italia
1142 3972 1206 4027 etc.
1231 3964 1336 4031 etiam
1355 3970 1423 4032 boa
1446 3970 1491 4032 ad
1507 3968 1686 4031 Sullanam

286 4069 574 4157 proscriptionem
595 4067 768 4155 pertinere
790 4069 937 4133 vidntur.
965 4084 1085 4157 -340.·
1108 4062 1168 4134 Hi
1186 4077 1292 4154 suat,
1320 4069 1384 4154 qui
1399 4074 1596 4139 seeundum
1614 4089 1692 4153 pa*

288 4178 378 4241 aula
404 4184 468 4241 etc·
494 4176 591 4239 locus
611 4176 707 4240 baud
729 4175 835 4240 dubie
862 4181 1043 4260 comptus
1073 4182 1132 4239 est.
1151 4174 1276 4241 vitium
1300 4175 1338 4241 in
1360 4179 1556 4245 secundam
1577 4177 1685 4238 latere

289 4284 437 4355 videtur.
455 4282 558 4353 Debr.
574 4284 670 4349 bunc
685 4282 803 4349 lacurn
820 4280 982 4349 adhibuit
997 4279 1228 4351 adlururiam
1252 4284 1488 4351 Romanorum
1508 4281 1697 4349 illustrans-
