4050 5009
382 383 386 391 ’
424 409 510 457 xm

422 564 569 644 librum
598 566 788 645 intactum
810 569 984 649 omittere
1005 589 1196 677 poteram
1219 574 1284 651 sed
1304 573 1378 649 hoc
1399 588 1498 649 certe
1514 570 1549 649 ei
1568 566 1824 655 tribuendum,

423 690 533 793 quod
545 692 681 794 saepius
703 692 754 769 ab
780 694 865 770 aliis
884 713 940 771 est
958 696 1171 772 monitum:
1197 697 1420 802 corruptelae
1440 721 1568 773 causas
1584 714 1822 799 cognoscere,

422 840 540 916 quem
556 813 804 893 librariorum
821 835 977 922 peccata
997 837 1133 897 notare
1155 848 1233 897 non
1257 822 1389 926 pigeat

502 940 712 1018 tuscensis
727 943 781 1015 Il.
808 941 980 1018 Chartae.
997 944 1102 1019 foliis
1127 944 1315 1032 maximis,
1341 944 1422 1018 sine
1443 942 1569 1029 titulo,
1591 938 1728 1016 saeculo
1743 935 1820 1009 XV.

419 1061 586 1167 scriptus
607 1078 670 1138 est.
695 1064 754 1139 Ab
775 1065 888 1140 initio
909 1066 1042 1141 multae
1061 1067 1187 1171 glossae
1206 1084 1321 1169 ausus
1334 1068 1447 1143 variae
1461 1066 1639 1151 lectiones
1659 1059 1822 1159 adscrip-

423 1202 472 1261 tae
490 1205 591 1261 sunt.
634 1188 760 1263 Multa
775 1214 947 1292 perverse
970 1205 1141 1278 exarata,
1167 1190 1272 1292 quod
1289 1191 1412 1265 scriba
1434 1190 1576 1265 dictata
1592 1186 1692 1261 male
1711 1180 1819 1258 intel-

420 1308 544 1404 lexit,
577 1338 695 1413 quam
729 1310 1010 1415 depravationis
1048 1338 1199 1389 causam
1229 1315 1470 1417 nuperrimos
1497 1309 1673 1413 Aeschyli
1702 1305 1821 1383 editor

420 1434 593 1537 primum
616 1435 804 1511 invenisse
821 1436 895 1510 sibi
912 1435 1011 1511 visus
1032 1452 1095 1511 est
1131 1436 1203 1511 Sed
1223 1436 1254 1511 si
1274 1438 1507 1541 ascriptume
1523 1433 1670 1511 mendis
1690 1430 1818 1505 disces-

418 1558 527 1647 seris,
549 1557 649 1634 liber
671 1585 753 1634 non
777 1558 830 1632 ita
854 1574 1058 1662 corruptus
1083 1574 1145 1633 est
1188 1559 1266 1634 Sub
1288 1557 1403 1635 linem
1423 1557 1506 1646 haec
1528 1558 1733 1661 leguntur:
1759 1552 1820 1623 Fi·

419 1688 499 1757 nita
522 1702 576 1758 est
599 1686 687 1759 haec
712 1686 867 1757 hutoria
889 1682 1059 1757 dicioris
1082 1686 1278 1783 augariae?
1385 1686 1480 1757 hora
1499 1686 1606 1784 quasi
1626 1695 1736 1755 sexta
1756 1700 1819 1748 att·

418 1832 470 1881 no
501 1806 644 1881 domini
682 1810 788 1903 1493.
815 1832 885 1904 per
920 1830 977 1881 nte
1007 1805 1134 1880 Adam
1164 1807 1288 1881 Moses
1314 1807 1492 1904 Ltustgus.
1542 1806 1575 1877 A
1604 1796 1818 1903 discipulo,

417 1929 550 2019 credo,
576 1931 618 2005 in
639 1928 778 2006 scholis
796 1928 961 2033 publicis
984 1947 1165 2005 exaratus⁴
1185 1946 1247 2003 est
1299 1930 1474 2019 Ceterum
1487 1930 1562 2001 Bas.
1575 1929 1622 1999 11.
1635 1926 1700 1999 III.
1726 1924 1813 1994 Tur.

415 2055 462 2128 lt
487 2055 613 2130 solum
630 2053 839 2129 Catilinam
856 2053 1065 2127 continent
1115 2051 1270 2128 Accedit
1289 2051 1376 2127 Cod
1390 2051 1482 2125 Bibl.
1499 2050 1606 2125 Publ.
1627 2045 1819 2123 basileens

413 2177 477 2274 (F.
506 2188 535 2255 l.
554 2180 627 2272 ια.)
668 2175 795 2252 Chart
823 2176 891 2278 qui
922 2203 1012 2250 cum
1036 2174 1158 2251 mtdta
1193 2174 1267 2248 alia
1296 2175 1485 2250 Ciceronis
1505 2172 1706 2279 opuscula,
1740 2186 1819 2243 tum

414 2301 510 2378 duas
530 2307 721 2377 invectivas
742 2298 934 2389 continet,
956 2296 1054 2372 liber
1067 2296 1171 2372 haud
1186 2298 1500 2387 contemnendus,
1518 2296 1627 2372 cuius
1646 2316 1719 2400 ope
1736 2292 1819 2396 plu·

413 2451 458 2501 ra
482 2422 692 2502 emendavi.
743 2426 925 2497 Praeterea
955 2420 1106 2495 Scholia
1126 2421 1168 2495 in
1192 2421 1397 2497 Salustium
1417 2422 1458 2496 in
1480 2419 1718 2496 Bibliotheca
1738 2420 1820 2490 Ber-

414 2548 525 2626 nensi
539 2561 786 2623 asservantur.
803 2544 973 2640 (Sinner.
987 2543 1149 2647 Catalog.
1163 2571 1199 2647 p.
1212 2546 1314 2634 612.)
1327 2544 1368 2619 iu
1385 2544 1616 2619 membranis
1627 2568 1707 2619 saec.
1721 2541 1818 2615 XIV.

415 2672 609 2776 eleganter
627 2668 786 2773 scripta,
820 2694 865 2743 ex
886 2666 1027 2769 quibus
1048 2662 1156 2741 haud
1182 2667 1350 2742 multum
1370 2667 1469 2741 lucri
1489 2666 1620 2743 feceris
1627 2699 1638 2761 5
1665 2691 1715 2739 ne
1739 2690 1819 2741 ver-

415 2796 556 2870 borum
582 2793 739 2896 quidem
761 2788 936 2865 ordinem
957 2788 1050 2864 inde
1073 2814 1286 2894 cognoscas,
1311 2816 1397 2891 quae
1412 2789 1546 2894 saepius
1563 2789 1616 2863 ita
1636 2785 1820 2892 composi-

415 2934 455 2993 ta
474 2932 585 3006 sunt,
610 2931 657 2990 ut
674 2914 872 2991 sententiae
886 2913 1146 3005 illustrentur;
1172 2940 1290 3015 quare
1311 2913 1431 2988 futilis
1449 2912 1701 2988 Grammatici
1725 2910 1816 2987 ieiu-

414 3065 484 3117 nas
520 3035 860 3114 adnotatiunculae
888 3049 1061 3133 excutere
1089 3033 1208 3109 nolui.
1258 3038 1331 3111 Tot
1352 3037 1553 3124 Codicum,
1587 3060 1684 3139 quos
1706 3033 1820 3110 modo

413 3163 745 3249 enumeravimus,
768 3141 1064 3263 praestantissimi
1083 3174 1121 3232 et
1137 3157 1364 3261 dignissimi,
1390 3185 1483 3261 quos
1499 3185 1725 3262 sequamur,
1747 3180 1820 3241 esse

412 3286 596 3362 videntur
608 3280 859 3359 Fabricianus
876 3280 1241 3384 etlllerscburgensis
1261 3282 1376 3370 Rivii,
1397 3282 1624 3371 Vaticanus,
1645 3282 1820 3357 Nazerin-

415 3434 490 3483 nus
508 3424 547 3481 et
559 3404 863 3491 Commelianus,
877 3403 1081 3477 Vossianus
1095 3403 1220 3493 (leid.
1236 3407 1293 3493 L.)
1310 3403 1623 3479 Guelferbitanus
1634 3407 1679 3480 V.
1705 3406 1820 3481 Sena·

416 3530 575 3605 toriusl.
602 3525 898 3630 Tegernseensis,
917 3524 1132 3600 basileensis
1142 3530 1168 3599 1.
1194 3526 1406 3601 Turicensis
1414 3530 1439 3601 1.
1457 3529 1652 3603 bernensis
1661 3532 1726 3603 IV.
1754 3532 1822 3603 Ao-

417 3652 550 3728 oedere
567 3649 750 3726 videntur
767 3648 940 3749 quinque
949 3648 1110 3721 Parisini
1119 3678 1129 3739 ;
1143 3647 1208 3721 sed
1226 3663 1271 3721 ut
1286 3650 1497 3724 accuratius
1511 3650 1558 3725 de
1571 3650 1615 3724 iis
1628 3650 1822 3728 iudicium

418 3776 505 3863 fiat,
521 3774 663 3847 iterum
680 3769 924 3845 examinandi
944 3786 1044 3845 sunt
1071 3773 1153 3843 Imo
1168 3796 1218 3845 ne
1236 3786 1376 3845 ceteros
1393 3772 1565 3873 quidem,
1592 3775 1641 3849 ab
1660 3774 1748 3851 aliis
1761 3801 1825 3850 ex·

419 3897 629 3980 ominatos,
652 3894 792 3968 iterum
811 3892 1041 4005 consuluisse
1061 3892 1127 3966 abs
1147 3919 1188 3965 re
1206 3918 1280 3966 esse
1296 3892 1404 3966 duco.
1438 3898 1519 3968 Iam
1535 3922 1645 4000 spero
1663 3898 1826 4000 quidem

420 4019 618 4107 futurum,
630 4031 676 4089 ut
687 4015 876 4089 Lutetiam
890 4015 1135 4103 Parisiorum,
1154 4014 1431 4105 Mediolanum,
1447 4018 1681 4095 Florentiam
1695 4038 1830 4125 atque,

422 4168 554 4218 rerum
569 4138 785 4228 dominam,
801 4139 978 4221 Romam,
1005 4136 1083 4237 ipse
1109 4138 1301 4225 accedam,
1326 4154 1438 4237 atque
1460 4142 1612 4217 Codices
1636 4144 1692 4218 ibi
1709 4172 1828 4221 asser-

422 4280 528 4343 vatos
549 4261 762 4367 inspiciam
817 4260 889 4335 Sed
916 4256 1156 4332 hauddubie
1179 4258 1219 4331 in
1239 4258 1326 4361 ipsis
1345 4257 1559 4336 Germaniae
1580 4265 1829 4343 Bibliothecis
