4050 5009
1632 403 1681 493 ιι

281 571 410 648 crevit
445 576 496 650 Hi
519 575 773 682 magistratus,
797 577 1029 684 provincias,
1045 575 1343 682 aliaque'omnia
1360 592 1509 652 tenere:
1535 575 1605 681 ipsi
1622 577 1682 651 in-

281 699 411 790 noxii,
435 698 633 788 ssorentes,
657 703 738 778 sine
753 719 858 779 metu
880 718 1029 778 aetatem
1050 728 1177 805 ageio,
1200 717 1417 804 ceterosque
1438 699 1588 778 iudiciis
1608 715 1682 776 ten-

282 847 386 914 rere,
402 852 480 927 quo
501 826 650 928 plebem
669 826 710 900 in
732 827 953 930 magistratu
976 825 1164 930 placidius
1183 841 1397 900 tractarent
1428 825 1498 900 Sed
1517 826 1585 900 ubi
1603 825 1683 930 pri·

282 973 396 1020 mum
417 949 544 1026 dubiis
562 951 674 1026 rebus
701 949 886 1027 novandis
902 973 984 1056 spes
1012 948 1139 1022 oblata
1159 964 1231 1040 est,
1255 967 1361 1025 vetus
1388 965 1579 1025 oertamen
1599 948 1683 1024 ani-

286 1097 370 1148 mos
386 1100 519 1150 eorum
538 1075 685 1150 auexit
725 1072 841 1172 Quod
863 1073 894 1148 si
919 1071 1045 1175 primo
1062 1071 1194 1176 praelio
1215 1072 1380 1148 Catilina
1402 1075 1594 1179 superior,
1617 1087 1686 1149 aut

283 1221 400 1299 aequa
422 1225 542 1274 manu
575 1197 816 1290 discessisset;
839 1195 1008 1302 prolecto
1039 1222 1177 1300 magna
1203 1194 1329 1271 clades
1352 1214 1468 1301 atque
1493 1197 1687 1273 calamitas

283 1320 566 1424 rempublicam
588 1323 1000 1426 opp1·essisset;.neque
1030 1319 1122 1409 illis,
1153 1295 1223 1422 qui
1244 1320 1444 1396 victoriam
1472 1321 1600 1425 adepti
1629 1319 1688 1396 fo·

285 1460 395 1534 rent,
421 1445 565 1520 diutius
594 1471 638 1520 ea
666 1445 725 1520 uti
755 1444 942 1534 licuisset,
977 1442 1075 1546 quin
1100 1441 1248 1517 defessis
1268 1459 1306 1518 et
1326 1444 1595 1550 exsanguibus,
1619 1445 1689 1548 qui

285 1567 379 1671 plus
407 1585 544 1672 posset,
578 1567 783 1672 imperium
807 1583 922 1670 atque
955 1565 1170 1642 libertatem
1192 1582 1440 1669 extorqueret
1488 1569 1611 1644 Fuere
1636 1586 1690 1643 ta-

285 1717 380 1768 men
398 1709 503 1768 extra
525 1691 831 1770 coniurationem
844 1691 1076 1795 complures,
1092 1689 1160 1793 qui
1181 1688 1232 1765 ad
1245 1690 1453 1766 Catilinam
1473 1691 1587 1767 initio
1602 1719 1691 1798 pro-

286 1815 382 1890 fecti
401 1832 510 1908 sunt3
535 1815 576 1890 in
597 1814 657 1926 bis
675 1817 716 1892 lt
735 1815 907 1904 Fulvius,
932 1815 1122 1890 Senatoris
1145 1812 1265 1908 filius,
1288 1841 1405 1916 quem
1420 1831 1628 1891 retractum
1647 1844 1693 1892 ex

286 1940 428 2017 itinere
450 1966 585 2046 parens
612 1941 739 2016 necari
766 1940 880 2016 iussit.
931 1939 1054 2014 Isdem
1081 1937 1315 2041 temporibus
1340 1941 1469 2015 Romoe
1490 1939 1693 2029 Lentulus,

285 2063 404 2140 sicuti
423 2063 586 2140 Catilina
609 2081 860 2168 proeoeperat,
885 2087 1148 2168 quoscumque
1167 2062 1337 2139 moribus
1357 2079 1426 2138 aut
1444 2063 1600 2138 fortuna
1623 2089 1693 2139 no-

288 2187 350 2260 vis
375 2187 486 2262 rebus
506 2187 661 2264 idoneos
676 2187 872 2278 credebat,
898 2203 967 2263 aut
985 2215 1055 2292 per
1075 2212 1133 2276 se,
1155 2203 1225 2263 aut
1245 2213 1316 2291 per
1333 2187 1427 2262 alios
1447 2186 1695 2281 sollicitabat3
1767 2253 1772 2256 .

289 2337 420 2412 neque
448 2310 573 2384 solum
600 2312 714 2402 civis,
748 2311 813 2388 sed
838 2310 1025 2412 cuiusque
1057 2309 1162 2385 modi
1192 2336 1310 2416 genua
1335 2309 1556 2402 hominum,
1589 2311 1696 2414 quod

290 2433 411 2508 modo
430 2433 531 2509 bello
554 2435 640 2508 usui
660 2434 765 2512 foret
804 2435 925 2538 Igitur
943 2439 981 2508 P.
1001 2436 1195 2510 Umbreno
1218 2433 1380 2511 cuidam'
1392 2435 1587 2539 negotium
1607 2435 1742 2525 dat,to

289 2558 356 2633 uti
385 2557 523 2662 legatos
546 2557 796 2663 Allobrogum
830 2559 1021 2662 requirat,
1046 2583 1202 2662 eosque,
1225 2559 1257 2634 si
1283 2559 1422 2662 possit,
1448 2557 1634 2664 impellat
1646 2557 1698 2632 ad

289 2782 396 2841 Basa.
409 2781 438 2840 3.
461 2781 558 2842 Guels.
570 2783 598 2852 Δ.
613 2801 657 2840 ιο.
679 2781 760 2840 Laid.
770 2803 797 2840 ο.
810 2780 839 2839 b.
854 2781 884 2842 d.
896 2801 921 2843 e.
934 2782 953 2842 l.
968 2801 1009 2840 m.
1029 2780 1114 2845 Born.
1128 2799 1155 2840 a.
1176 2779 1238 2840 ulia
1252 2780 1364 2841 emnia
1383 2779 1453 2841 Tur.
1470 2800 1497 2841 a.
1519 2782 1611 2842 nerii.
1630 2782 1698 2842 sen.

288 2898 390 2966 uterq.
410 2886 506 2946 Guell.
521 2908 546 2945 ι.
566 2887 666 2946 lleuss.
687 2885 755 2948 Nar.
782 2895 890 2948 ceteros
908 2886 999 2946 indie.
1019 2885 1105 2945 Febr.
1121 2905 1148 2944 a.
1176 2883 1286 2944 Arond.
1307 2885 1376 2968 Τις.
1396 2885 1473 2944 Edit.
1485 2886 1570 2946 Paris.
1600 2886 1701 2947 oblato

289 3001 362 3052 ert:
382 2993 517 3051 catomis.
538 2991 624 3050 Fabr-
639 3011 666 3050 a.
687 2991 764 3048 Edit.
776 2992 860 3049 Paris.
882 2991 981 3070 adepti
989 3000 1068 3056 sunt.
1088 2991 1187 3050 Guell.
1200 2995 1228 3054 3.
1254 2991 1448 3070 mongum
1463 2991 1573 3052 οοιινίο.
1594 2991 1658 3052 sn.
1672 3011 1700 3051 ι.

292 3101 371 3158 item
387 3094 475 3156 Acad.
500 3097 575 3156 inter
592 3096 690 3159 lineas.
712 3105 825 3173 extorq.
841 3097 902 3155 eim
917 3099 985 3155 loco
1000 3095 1121 3175 eriperet
1139 3093 1220 3154 teis.
1236 3098 1256 3159 l.
1278 3095 1446 3175 complures
1467 3095 1528 3160 Bas.
1542 3096 1571 3156 ὅ.
1591 3098 1701 3169 omisit,

289 3206 329 3262 in
350 3202 450 3260 multis
466 3203 566 3260 locum
584 3209 687 3260 mutat.
714 3221 802 3278 quam
823 3199 928 3278 plum.
950 3199 1049 3259 Guell.
1066 3221 1097 3280 9.
1121 3220 1166 3259 ιο.
1188 3199 1221 3258 in
1237 3198 1283 3258 tis
1294 3209 1380 3258 erat.-
1406 3209 1471 3260 erat
1483 3204 1579 3260 exulat
1590 3199 1629 3260 ab
1647 3199 1697 3266 Ae.

280 3306 377 3388 ‘Edit
390 3305 474 3364 Paris.
491 3324 664 3386 prenomen
681 3303 719 3364 A.
748 3307 832 3364 multi
856 3304 923 3364 libn'
943 3307 1094 3364 omittunt.
1125 3303 1187 3369 llus.
1206 3304 1360 3374 mmm.
1386 3304 1559 3387 plunlaeid.
1585 3303 1654 3369 Tur.
1671 3325 1699 3370 a.

290 3414 385 3472 Bere.
402 3431 429 3468 a.
451 3409 551 3470 edem.
573 3409 634 3470 Bas.
653 3411 719 3474 1.3.
740 3409 854 3470 Febris.
866 3420 959 3490 uterq.
981 3409 1081 3473 lleuss.
1101 3409 1169 3473 Seu.
1190 3431 1215 3468 1.
1236 3404 1333 3468 Guelf.
1354 3428 1378 3466 1.
1394 3427 1421 3467 a.
1437 3409 1465 3478 l.
1482 3407 1509 3467 5.
1523 3408 1551 3473 6.
1563 3409 1592 3472 8.
1613 3407 1698 3468 Bam.

289 3540 327 3580 2.
350 3513 473 3575 budam.
493 3517 552 3579 ine.
565 3535 592 3576 a.
614 3515 665 3578 Ao.
687 3517 754 3578 Ere.
775 3515 842 3576 Vin.
864 3525 958 3592 uterq.
980 3513 1076 3573 Guell.
1092 3513 1121 3573 3.
1138 3535 1207 3593 7.9.
1226 3534 1272 3575 10.
1291 3533 1338 3572 ιι.
1352 3531 1399 3578 υ.
1425 3511 1487 3572 bas·
1506 3515 1535 3584 ά.
1564 3513 1648 3573 Bam.
1670 3514 1699 3578 ὅ.

286 3619 525 3698 curiasquemodi.
546 3619 607 3679 Bas.
624 3640 649 3678 ι.
665 3640 692 3684 a.
713 3631 806 3698 uterq.
828 3617 895 3675 vin.
915 3616 1000 3681 Faba.
1022 3616 1073 3677 Ac.
1095 3616 1161 3676 Eoc.
1182 3619 1248 3675 ben.
1267 3639 1291 3681 ι.
1314 3619 1446 3678 Palatini.
1468 3617 1613 3683 Commel.
1629 3619 1701 3679 Tur.

293 3749 327 3796 ι,
348 3724 446 3783 Guell.
466 3745 490 3782 ι.
508 3743 536 3782 a.
551 3725 580 3795 A.
594 3724 621 3788 5.
636 3724 666 3782 6.
680 3744 710 3804 9.
732 3723 853 3785 Parisc.
866 3721 896 3784 d.
910 3742 935 3786 ο.
956 3720 1038 3780 Leid.
1051 3743 1077 3785 ιι.
1089 3720 1119 3778 b.
1132 3743 1158 3781 ο.
1170 3721 1200 3780 d.
1215 3723 1234 3779 l.
1246 3743 1274 3803 g.
1288 3723 1308 3781 i.
1321 3726 1341 3780 l.
1353 3723 1382 3780 k.
1402 3722 1698 3803 animamquemodi.

287 3832 401 3904 ceteri,
418 3829 491 3890 bollo
511 3829 701 3894 edomatio
721 3837 824 3888 mutat.
844 3825 916 3886 talto
929 3823 1096 3902 msdsord.
1116 3824 1179 3890 Bas.
1198 3847 1223 3885 ι.
1236 3825 1267 3886 3.
1287 3828 1346 3886 ἰιιο.
1365 3837 1459 3908 uterq.
1478 3828 1545 3888 Sen.
1558 3849 1586 3888 a.
1612 3830 1700 3890 Heus.

290 3936 398 3996 Guell.
411 3935 440 3995 3.
450 3935 477 3994 5.
492 3957 538 3994 ιο.
558 3933 628 3994 Tur.
645 3955 669 3990 ι.
683 3953 710 3993 2.
731 3933 816 3994 Bern.
835 3952 860 3988 1.
874 3950 902 3994 a.
923 3949 963 3989 m.
982 3930 1137 4006 uaesanb.
1157 3941 1251 4010 uterq.
1271 3931 1357 3992 Fabr.
1376 3934 1477 3992 Vinar.
1496 3930 1586 3993 dead.
1605 3935 1702 4001 senat,

297 4067 331 4104 ι.
360 4039 459 4100 Guell'.
479 4062 504 4100 ι.
523 4060 553 4100 a.
582 4040 668 4101 Paris.
684 4061 712 4097 a.
729 4037 764 4096 b.
782 4057 807 4098 ο.
828 4033 859 4093 d.
888 4033 994 4092 Base.
1022 4032 1147 4094 Rem-3.
1168 4033 1195 4093 b.
1216 4055 1256 4094 m.
1275 4037 1346 4113 sos.
1367 4036 1585 4098 Guelfirmn.
1616 4059 1702 4099 ιιιιι.

291 4147 367 4223 Μ.
387 4146 485 4214 ceteri
507 4144 591 4208 Paris.
604 4164 630 4203 e.

368 4273 441 4355 Cap.
454 4275 503 4345 lo.
524 4273 551 4334 si
570 4281 663 4353 posset
682 4271 785 4332 inserti
810 4278 931 4350 utsrqrs
951 4267 1035 4326 Rem.
1056 4266 1125 4332 Vin.
1148 4266 1245 4329 Goell.
1263 4290 1308 4330 ιι.
1329 4291 1369 4328 ιιι.
1379 4291 1425 4352 pr.
1446 4269 1508 4332 Bes.
1517 4271 1546 4334 3.
1561 4271 1591 4343 Α.
1613 4291 1706 4353 nego·
