4050 5009
549 390 633 483 aa

541 568 610 647 do
644 568 825 645 exeroiuri
853 568 942 645 satis
974 586 1164 673 superque
1190 569 1296 645 foret
1327 570 1508 646 Praeterea
1534 585 1764 646 commeatus
1785 594 1850 674 spe
1872 594 1943 642 am-

532 692 689 797 vplior:
712 693 804 797 quia
829 693 1023 783 Numidae,
1058 692 1170 768 sicuti
1195 692 1384 797 plerique·
1400 694 1443 767 in
1476 710 1574 770 nova
1596 693 1807 784 deditione,
1832 692 1943 769 officia

560 816 815 921 intenderant
853 820 1033 893 ¹Ceterum
1056 816 1194 891 milites
1213 816 1395 920 religione
1418 818 1548 920 pluvia
1572 818 1689 923 magis
1708 818 1770 895 nsi
1796 851 1803 891 :
1835 841 1945 917 eaque

560 966 618 1017 ms
638 941 806 1021 multum
826 941 963 1037 animis
983 965 1117 1015 eorum
1137 939 1301 1031 addidit3
1328 966 1420 1013 nam
1440 942 1513 1014 rati
1537 966 1613 1016 sese
1641 941 1699 1016 dis
1732 938 1946 1015 immortali-

534 1112 536 1119 ·
561 1065 636 1141 bus·
650 1090 751 1140 curte
770 1088 852 1141 esse.
885 1064 1036 1139 Deinde
1056 1080 1204 1167 postero
1232 1062 1314 1153 die,
1336 1079 1473 1138 'contra
1498 1066 1719 1169 opinionem
1738 1061 1946 1169 Iugurthae,

560 1187 610 1267 ad
629 1186 792 1263 Thalam
808 1187 1046 1291 perveniunt.
1086 1186 1300 1289 Oppidani,
1318 1184 1385 1288 qui
1403 1208 1441 1261 se
1463 1188 1636 1263 locorum
1651 1188 1850 1292 asperitate
1871 1212 1947 1261 mu·

531 1362 534 1369 .
561 1312 660 1386 nitos
682 1310 938 1403 crediderant,
961 1337 1099 1414 magna
1119 1326 1234 1411 atque
1254 1311 1406 1387 insolita
1429 1337 1470 1386 re
1492 1312 1676 1414 perculsi,
1699 1310 1949 1414 nihilosegni-

513 1453 605 1534 76us
627 1436 773 1511 bellum
784 1461 938 1538 parare:
962 1434 1063 1508 idem
1080 1434 1200 1508 nostri
1225 1432 1357 1508 facere.
1381 1434 1454 1508 Sed
1465 1460 1530 1508 rex
1552 1433 1750 1508 nihilium
1773 1434 1948 1509 infectum

561 1558 715 1633 Metello
735 1558 906 1648 credens,
931 1558 1076 1661 quippe
1095 1557 1163 1660 qui
1186 1556 1332 1645 omnia,
1357 1583 1484 1645 arma,
1509 1558 1604 1646 tela,
1636 1558 1753 1650 locos,
1772 1576 1947 1662 tempora,

561 1682 728 1786 denique
747 1700 927 1761 naturam
947 1682 1089 1784 ipsam,
1114 1679 1244 1756 ceteris
1266 1680 1566 1783 imperitantem,
1592 1681 1779 1757 industria
1799 1684 1948 1769 vicerat,

560 1832 651 1883 cum
675 1806 803 1918 liberis
826 1822 864 1881 et
887 1830 1026 1909 magna
1052 1818 1161 1908 parte
1184 1804 1356 1906 pecuniae
1382 1828 1428 1877 ex
1457 1804 1601 1907 oppido
1631 1823 1750 1881 noctu
1771 1806 1950 1910 profugit:

561 1957 686 2035 neque
703 1947 830 2034 postea
855 1930 898 2004 in
916 1928 998 2003 ullo
1031 1927 1115 2003 loco
1135 1927 1301 2030 amplius
1324 1954 1405 2002 uno
1431 1927 1494 2002 die
1510 1945 1579 2003 aut
1599 1956 1678 2005 una
1701 1948 1814 2007 nocte
1837 1957 1953 2005 mora-

561 2072 637 2145 tus,
661 2054 869 2130 simulabat
881 2078 957 2127 sese
968 2051 1110 2155 negotii
1132 2050 1251 2154 gratia
1268 2051 1490 2155 properare,
1514 2068 1681 2129 ceterum
1702 2054 1952 2158 proditionem

561 2179 881 2281 timebat,.quam
899 2177 1019 2251 vitare
1037 2200 1144 2279 posse
1164 2172 1354 2249 eeleritate
1371 2176 1555 2278 putabat3
1579 2204 1671 2251 nam
1688 2178 1779 2252 talia
1802 2179 1951 2253 consilia

560 2303 773 2409 parotium
797 2318 835 2377 et
859 2328 905 2376 ex
927 2299 1214 2406 opportunitate
1234 2298 1329 2401 capi.
1365 2302 1415 2373 At
1437 2298 1629 2390 Metellus,
1653 2300 1722 2375 ubi
1749 2303 1952 2406 oppidanos

562 2427 695 2531 praelio
708 2426 890 2517 intentos,
904 2425 1019 2500 simul
1035 2423 1222 2528 oppidum
1233 2440 1272 2499 et
1282 2424 1459 2527 operibus
1476 2440 1515 2499 et
1532 2425 1616 2501 loco
1632 2426 1829 2501 munitum
1848 2427 1954 2513 videt,

563 2551 664 2625 vallo
688 2550 859 2652 fossaque
888 2548 1031 2624 moenia
1055 2547 1325 2624 circumvenit.
1359 2546 1510 2623 Deinde
1540 2550 1646 2624 iubet
1675 2550 1767 2626 locis
1789 2578 1836 2625 ex
1851 2551 1952 2654 copia
1995 2566 2001 2573 ·

564 2698 742 2751 maxume
762 2671 906 2750 idoneis
925 2672 1052 2752 vineas
1075 2698 1201 2777 agere,
1229 2672 1450 2775 (superque
1466 2674 1550 2772 eas)
1587 2700 1757 2777 aggerem
1781 2676 1899 2751 iacere
1921 2689 1954 2749 et

566 2889 629 2940 turn
645 2888 685 2939 est-
704 2878 784 2939 Leid.
796 2900 822 2939 a.
836 2879 866 2939 d.
877 2898 902 2938 e.
914 2880 934 2937 f.
950 2898 981 2958 g.
991 2875 1023 2935 h.
1035 2878 1063 2935 k.
1078 2880 1100 2938 1.
1111 2896 1142 2935 n.
1163 2874 1265 2947 ΒΜ.
1287 2876 1372 2937 Bern.
1389 2898 1415 2936 t.
1431 2876 1460 2937 3.
1481 2876 1603 2939 υσηίωιι
1621 2878 1953 2959 tantumtempora

566 2984 664 3044 Naana.
686 2983 831 3048 Commel.
852 2984 914 3043 Bas.
934 3004 960 3041 ι.
990 2980 1098 3043 Fabrio.
1113 3001 1137 3039 1.
1156 2980 1225 3063 Teg.
1245 2980 1342 3040 Turia.
1363 2982 1387 3040 is
1404 3000 1474 3043 vero
1487 2981 1580 3041 addit:
1596 2987 1642 3045 vel
1659 2986 1842 3063 gauderet.
1862 2986 1951 3062 Heus.

565 3086 645 3151 Vrat.
658 3110 720 3150 1.2.
741 3086 838 3152 Guelt
854 3110 880 3148 ι.
901 3108 928 3147 2.
947 3087 976 3148 6.
997 3106 1100 3146 omnes
1119 3086 1199 3145 Laid.
1228 3105 1285 3163 qao
1306 3087 1403 3145 oeten.
1434 3105 1490 3164 quo
1508 3084 1648 3148 Numidis
1662 3089 1763 3149 venire
1782 3090 1844 3150 Bas.
1858 3092 1886 3163 Δ.
1903 3110 1952 3169 pro

565 3193 705 3277 religione
732 3190 877 3265 Guelfjl.
901 3191 981 3253 Laid.
999 3211 1031 3250 n.
1059 3210 1096 3250 aa·
1114 3188 1325 3267 religionealii.
1350 3190 1455 3269 pluvias
1480 3192 1574 3270 magr's
1591 3192 1637 3253 atsi
1655 3192 1739 3254 Bern.
1753 3194 1783 3255 d.
1804 3197 1953 3256 eddadem

464 3360 467 3365 Δ
563 3299 644 3365 Laid.
655 3302 710 3359 uf.
733 3300 795 3359 rati
805 3319 862 3359 sess
882 3298 967 3358 Bsrn.
984 3318 1010 3354 ι.
1031 3295 1101 3354 dein
1114 3302 1228 3374 postero
1256 3294 1341 3353 Bern.
1353 3284 1387 3354 3ss
1402 3297 1505 3373 socors
1523 3296 1592 3357 vin.
1608 3318 1636 3358 ι.
1654 3297 1705 3360 Ao.
1726 3299 1824 3367 Gueli.
1832 3301 1860 3361 6.
1880 3298 1950 3361 Laid.

481 3464 487 3467 .
564 3406 595 3468 d.
608 3426 634 3466 o.
644 3405 768 3484 saciant
789 3403 885 3467 Guelf.
897 3424 942 3462 ιο.
961 3399 1043 3461 Leid.
1054 3401 1076 3458 f.

649 3557 721 3640 Cap.
734 3561 782 3641 76.
803 3560 864 3634 iam
875 3558 953 3618 nihil
969 3556 1039 3615 Tur.
1060 3552 1138 3613 nihil
1147 3550 1208 3611 iam
1224 3550 1365 3630 infectum
1381 3552 1498 3615 Metello
1521 3557 1643 3617 credens
1669 3556 1782 3619 Fabrio.
1809 3560 1870 3619 Bas
1889 3582 1912 3623 r,
1925 3558 1949 3627 l.

565 3664 617 3725 Ao.
638 3665 697 3723 inc.
712 3685 737 3722 r.
757 3664 860 3724 Fraus.
882 3685 951 3724 cum
965 3672 1091 3743 quatuor
1107 3659 1171 3715 aliis
1187 3658 1289 3725 Cottii,
1311 3658 1380 3724 Tur.
1394 3660 1449 3717 nisi
1464 3653 1544 3739 qnod
1561 3660 1621 3720 ιἀιη
1632 3662 1709 3721 nihil
1726 3662 1823 3739 habet,
1838 3665 1917 3725 Bam.
1928 3683 1948 3725 r.

565 3767 690 3831 Boin-3.
710 3768 814 3828 eodem
833 3769 936 3830 ordine
954 3766 1003 3827 sed
1025 3760 1186 3825 a-Mttsllo.
1205 3760 1324 3822 Metello
1336 3761 1476 3839 inficiam
1493 3766 1590 3825 ceteri.
1609 3767 1669 3826 ium
1680 3786 1741 3825 om.
1762 3768 1847 3834 Febr.
1858 3790 1884 3829 a.
1898 3770 1948 3828 inc.

567 3885 596 3925 a.
626 3864 704 3926 locos
723 3866 763 3924 ita
779 3864 893 3924 Gruter.
915 3865 1026 3926 Fabric.
1057 3864 1119 3925 Bas.
1139 3887 1164 3930 ι.
1183 3865 1211 3936 Δ.
1232 3864 1321 3931 dead.
1341 3866 1425 3926 Bern.
1439 3888 1464 3925 ι.
1479 3868 1509 3928 ὅ.
1531 3870 1596 3929 loon
1614 3872 1737 3951 plurimi
1751 3871 1832 3940 libri.
1850 3890 1949 3951 nngm

563 3969 689 4049 pecunia
706 3956 748 4029 ita
759 3989 835 4030 unus
853 3970 974 4042 ll'assii,
1002 3970 1118 4030 Venetae
1132 3959 1209 4029 Edit.
1236 3970 1368 4030 marimo
1390 3982 1476 4051 parts
1495 3973 1555 4034 Erl.
1567 3961 1642 4036 'uno
1657 3977 1706 4037 dtis
1725 3978 1788 4043 Bas.
1804 4001 1830 4039 ι.
1841 3978 1869 4051 A.
1888 3978 1955 4036 Eoo·

566 4074 664 4139 Gueli.
675 4076 704 4135 6.
717 4095 762 4140 11.
776 4094 821 4139 ta.
841 4074 923 4135 leid.
937 4096 962 4135 e.
974 4096 999 4135 e.
1014 4076 1034 4135 f.
1047 4072 1078 4133 h.
1089 4076 1109 4133 i.
1123 4076 1151 4133 k.
1163 4078 1185 4133 l.
1205 4075 1306 4140 Namr.
1320 4085 1348 4137 et
1363 4077 1451 4143 Palat.
1464 4079 1586 4161 aliquot.
1606 4080 1666 4139 Erl.
1686 4080 1771 4143 Bern.
1787 4104 1813 4143 ι.
1824 4088 1851 4148 3.
1870 4080 1946 4142 dan-

562 4180 604 4241 tle
615 4178 695 4249 ‚iubet
710 4180 819 4241 dstobtts
838 4178 908 4241 locis
926 4178 1008 4239 Leia.
1019 4201 1045 4240 c.
1055 4202 1084 4263 g.
1094 4184 1115 4239 1.
1135 4180 1193 4239 Erl
1216 4179 1312 4241 Guelf.
1324 4201 1351 4242 a.
1373 4184 1510 4263 m.pr.'et
1521 4185 1549 4250 3.
1579 4186 1612 4244 in
1625 4185 1722 4247 Turio.
1737 4210 1779 4248 m.
1799 4208 1853 4251 aea.
1879 4186 1946 4247 inid

444 4336 448 4341 .
483 4310 489 4324 =
565 4286 656 4347 erasit·
669 4294 697 4348 et
713 4285 825 4347 duobus
838 4287 1044 4367 superscripsit.
1071 4285 1178 4346 danda
1191 4284 1268 4347 iubet
1284 4277 1364 4354 loeis.
1384 4288 1459 4350 iubet
1476 4308 1538 4353 om.
1552 4291 1619 4359 Vin.
1636 4314 1661 4354 r.
1680 4292 1761 4360 Vrat.
1776 4317 1802 4358 r.
1821 4307 1945 4377 superque
