4050 5009
431 379 482 458 56

430 577 484 656 mi
495 578 659 654 intentio
672 576 722 652 ad
733 603 854 654 mores
862 579 1121 656 emendandos
1132 581 1264 658 valeat.
1276 563 1447 660 Proiecto
1455 585 1640 691 ejusmodi
1651 583 1827 661 homines

428 712 504 772 cta
523 695 746 771 liberalibus
762 695 896 770 studiis
912 698 1071 786 alienos,
1087 715 1127 773 et
1144 699 1261 802 ipsius
1280 703 1401 778 animi
1422 719 1570 777 naturae
1582 704 1732 805 ignaros
1742 729 1830 778 vere
1955 688 1956 701 ἵ

430 812 580 890 dixeris.
606 812 679 886 Sed
700 810 847 886 habent
869 839 997 888 omnes
1012 814 1090 889 fere
1105 815 1316 919 disciplinae
1331 819 1486 923 frigidas
1507 835 1544 894 et
1564 821 1696 893 inanes
1708 845 1833 920 quaes·

429 929 570 1013 tiones,
595 927 645 1002 ad
665 953 758 1029 quas
781 927 809 1001 ii
830 927 1029 1031 saepissime
1054 929 1310 1023 delabuntur,
1335 935 1456 1035 quiet
1473 934 1694 1008 historicam
1711 935 1830 1008 inter·

428 1043 683 1147 pretationem
701 1058 739 1117 et
763 1040 959 1118 historicos
973 1043 1180 1150 negligunt.
1216 1050 1294 1122 llas
1309 1050 1467 1152 quidem
1481 1077 1617 1155 nugas,
1643 1075 1736 1151 quas
1753 1049 1831 1153 jao-

430 1175 514 1234 tant
542 1159 709 1262 imperiti
737 1175 776 1234 et
798 1183 894 1234 verae
917 1161 1142 1235 eruditionis
1160 1164 1297 1252 nescii,
1322 1192 1344 1237 a
1367 1165 1569 1270 philologis
1587 1166 1749 1239 intactas
1772 1193 1832 1241 ne-

429 1275 557 1380 linqui
580 1291 618 1351 ct
640 1276 688 1349 ab
713 1276 889 1351 omnibus
912 1274 952 1348 id
978 1277 1039 1382 agi
1062 1277 1195 1368 velim,
1220 1296 1265 1352 ut
1279 1305 1365 1381 quae
1380 1279 1548 1355 habeant
1571 1297 1749 1384 percepta
1775 1299 1834 1354 at

428 1419 505 1494 que
535 1393 708 1497 cognita,
732 1419 775 1467 ea
809 1392 858 1466 ad
888 1390 1056 1494 publicae
1077 1393 1254 1468 utilitatis
1277 1395 1447 1469 fructum
1478 1397 1617 1470 referre
1643 1396 1831 1474 studeant.

427 1510 486 1582 Ita
509 1535 613 1584 emm
637 1507 718 1582 lieri
743 1534 847 1611 posse
866 1507 1080 1610 putaverim
1100 1526 1147 1584 ut
1172 1526 1359 1611 quantam
1378 1512 1457 1585 rim
1482 1513 1706 1585 Graecarum
1730 1511 1833 1584 Lati-

427 1651 645 1725 narumque
674 1623 874 1698 literarum
897 1623 1069 1699 studium
1097 1625 1146 1698 ad
1166 1624 1349 1729 juvenum
1372 1653 1493 1701 mores
1517 1627 1738 1702 formandos
1763 1625 1834 1700 ha-

428 1740 533 1832 beat,
551 1740 609 1816 vel
633 1739 760 1814 dubiis
783 1738 844 1814 his
869 1739 1196 1843 formidolosisque
1212 1743 1445 1845 temporibus
1466 1743 1726 1845 perspiciatur.
1760 1742 1835 1817 Sed

429 1855 478 1932 dc
501 1857 690 1932 historicae
715 1857 1039 1959 interpretationis
1059 1857 1208 1932 ratione
1239 1855 1315 1932 hoc
1347 1857 1599 1960 adjunxerim.
1636 1858 1750 1934 Utin
1774 1884 1836 1932 ce·

427 1973 517 2048 teris
539 1974 591 2048 ita
617 1974 659 2047 in
679 1971 846 2046 historiis
867 1973 1090 2048 enarrandis
1111 1973 1303 2047 brevitatis
1322 1972 1492 2047 studium
1518 1973 1614 2046 mihi
1636 1974 1835 2077 probatur·

429 2089 560 2185 Quare
586 2088 796 2162 omittenda
815 2105 924 2178 sunt,
951 2113 1037 2190 quae
1060 2087 1110 2162 ad
1132 2105 1342 2177 auctorem,
1370 2089 1480 2191 cujus
1506 2089 1723 2192 explicandi
1750 2115 1837 2162 mu·

429 2231 502 2280 nus
521 2205 744 2307 susceperis,
769 2203 1043 2277 illustrandum
1061 2203 1162 2277 nihil
1181 2203 1338 2278 faciunt
1374 2205 1413 2278 Si
1429 2232 1517 2279 vero
1539 2221 1648 2295 sunt,
1672 2230 1759 2306 quae
1774 2204 1839 2278 fu·

428 2321 505 2395 sius
528 2345 716 2422 exponere
743 2335 823 2392 non
847 2319 912 2392 abs
944 2345 984 2392 re
1012 2345 1087 2392 esse
1118 2319 1286 2409 videtur,
1320 2317 1402 2395 haec
1421 2338 1460 2394 ct
1479 2321 1559 2422 ipsa
1590 2320 1838 2423 peculiariter

428 2434 645 2511 enarranda
678 2449 715 2507 et
750 2461 772 2507 a
805 2434 1084 2509 commentariis
1109 2435 1301 2538 perpetuis
1332 2433 1564 2537 sejungenda
1588 2461 1662 2510 esse
1691 2461 1836 2510 censeo.

428 2553 528 2626 Nam
541 2550 583 2624 in
598 2549 908 2654 digressionibus,
934 2549 1051 2650 (quos
1072 2576 1248 2624 excursus
1260 2577 1385 2652 nuper
1399 2551 1687 2640 nominarunt,)
1711 2549 1771 2624 his
1786 2551 1839 2625 de

431 2667 545 2740 rebus
568 2665 867 2740 commodissime
887 2666 1010 2768 egeris.
1048 2663 1260 2739 Laudanda
1277 2665 1375 2738 mihi
1397 2665 1573 2767 inprimis
1590 2691 1665 2739 esse
1683 2667 1840 2741 videtur

430 2783 530 2856 Justi
548 2781 676 2884 Lipsii‚
688 2779 910 2855 Ruhnkenii
933 2797 970 2853 et
988 2779 1125 2884 Wollii
1142 2781 1258 2869 ratio,
1282 2781 1351 2882 qui
1370 2782 1412 2853 in
1436 2781 1524 2882 ipsis
1545 2782 1623 2854 istis
1642 2780 1841 2885 digressio·

431 2898 546 2973 nibus
568 2925 772 3000 nunquam
792 2896 941 2997 longius
956 2923 978 2968 a
1000 2895 1193 2998 proposito
1215 2897 1450 2970 aberrarunt
1476 2896 1552 2969 Alii
1564 2913 1697 2969 contra
1708 2922 1841 2970 recen·

323 3025 327 3032 '
432 3015 577 3090 tiorum
591 3011 699 3087 hunc
717 3038 898 3116 campum
921 3037 995 3085 esse
1009 3010 1100 3098 rati,
1119 3011 1161 3084 in
1183 3037 1260 3111 quo
1276 3010 1393 3084 libere
1409 3011 1610 3112 exspatiari
1623 3013 1741 3115 possit
1753 3005 1842 3086 ora-

431 3130 505 3220 tio,
520 3129 655 3232 saepius
677 3127 904 3201 alienissimo
918 3126 1001 3200 loco
1012 3151 1253 3227 quaecunque
1270 3126 1451 3200 memoria
1466 3127 1841 3231 complectebantur,

429 3244 491 3320 his
508 3247 550 3320 in
571 3241 956 3319 commentationibus
977 3256 1269 3343 pertractarunt

556 3359 799 3434 Rhetoricam
829 3343 1202 3459 interpretationem,
1236 3372 1390 3429 auctore
1412 3357 1558 3434 Wolfio
1587 3357 1692 3447 dico,
1719 3385 1844 3460 quam

431 3476 604 3576 Heynius
627 3476 784 3576 ejusque
805 3471 983 3574 discipuli
1007 3470 1239 3545 aestheticam
1258 3471 1510 3572 appellarunt.
1547 3475 1631 3546 Hoc
1651 3473 1695 3547 in
1721 3475 1846 3549 inter·

432 3590 657 3694 pretationis
682 3615 817 3692 genere
839 3589 944 3661 suere
968 3613 1110 3687 nuper,
1136 3585 1205 3685 qui
1230 3601 1337 3657 tanto
1356 3588 1483 3662 studio
1506 3589 1770 3678 elaborarent,
1795 3607 1845 3664 ut

434 3705 645 3808 legentibus
669 3703 864 3777 fastidium
889 3716 1069 3775 crearent
1106 3699 1217 3773 Unde
1240 3698 1384 3773 factum
1406 3719 1468 3791 est,
1488 3720 1534 3776 ut
1554 3703 1740 3776 nonnulli
1757 3703 1845 3779 hoec

434 3848 457 3893 a
483 3819 657 3921 perfecta
673 3817 888 3892 eruditione
910 3817 1034 3889 aliena
1054 3829 1255 3918 putarent,
1278 3841 1344 3887 seu
1362 3814 1500 3890 scholis
1529 3836 1631 3892 certe
1650 3817 1845 3895 habendis

428 3933 615 4010 reservari
631 3934 818 4037 juberent.
847 3934 1026 4027 Quorum
1043 3957 1209 4004 errorem
1230 3956 1310 4002 non
1330 3947 1400 4018 est,
1425 3934 1529 4032 quod
1548 3932 1732 4007 refellam.
1768 3936 1845 4010 Sed

436 4047 624 4124 rhetorica
657 4046 739 4122 haec
767 4044 1044 4149 interpretandi
1076 4044 1173 4117 ratio
1202 4046 1399 4118 commode
1428 4047 1503 4121 dici
1535 4075 1641 4152 posse
1669 4050 1845 4141 ridetur,

436 4163 542 4265 quod
569 4162 770 4235 artificiosa
792 4158 1028 4261 eloquentia,
1051 4169 1156 4259 (quae
1179 4185 1259 4232 non
1281 4161 1403 4234 solum
1422 4165 1600 4251 oratoris,
1631 4164 1696 4238 sed
1723 4167 1846 4244 etiam

436 4295 557 4381 poetae
573 4293 689 4380 atque
705 4275 876 4352 historici
890 4274 975 4372 est,)
999 4301 1023 4346 a
1042 4270 1255 4347 rhetoribus
1270 4274 1423 4350 inventa
1443 4295 1482 4351 et
1502 4279 1551 4352 ab
1572 4278 1706 4354 iisdem
1722 4282 1847 4383 potis-
