4050 5009
316 531 322 548 ³
418 569 635 649 societatem
656 571 775 650 belli:
800 572 1029 649 existumans
1050 573 1205 679 publice
1225 574 1481 680 privatimque
1503 599 1576 649 tere
1601 573 1728 649 alieno
1750 599 1820 676 op·

420 719 579 796 pressos,
602 713 800 799 praetereo,
825 696 930 798 quod
947 713 1085 772 natura
1103 725 1192 802 gens
1206 698 1356 774 Gallica
1374 699 1552 773 bellicosa
1572 714 1681 787 esset,
1705 695 1818 769 facile

420 841 481 894 eos
499 817 549 892 ed
570 820 646 894 tale
667 819 871 894 consilium
893 819 1033 894 adduci
1062 848 1175 925 posse.
1228 822 1459 912 Umbrenus,
1483 820 1589 924 quod
1619 821 1661 892 in
1689 818 1820 893 Gallia

421 942 634 1045 negotiatus
664 958 764 1032 erat,
797 943 985 1047 plerisque
1014 944 1254 1047 principibus
1280 945 1492 1020 civitatium
1516 961 1630 1018 notus
1653 959 1736 1018 erat
1764 957 1822 1014 at-

421 1090 498 1165 que
519 1089 581 1139 eos
602 1081 778 1140 noverat:
803 1066 933 1170 itaque
957 1067 1039 1141 sine
1064 1095 1188 1158 mora,
1212 1068 1280 1142 ubi
1306 1068 1476 1171 primum
1504 1066 1645 1170 legatos
1675 1065 1718 1137 in
1738 1062 1823 1137 foro
1951 1130 1952 1137 ,

421 1187 625 1291 conspexit,
640 1205 908 1292 percunctatus
921 1217 1044 1293 pauca
1057 1191 1105 1266 de
1119 1207 1219 1265 statu
1231 1189 1407 1279 civitatis,
1421 1208 1458 1265 et
1475 1190 1582 1292 quasi
1594 1187 1728 1262 dolens
1740 1186 1823 1262 eius

422 1337 553 1386 casum
563 1312 757 1415 requirere
774 1313 910 1417 coepit,
925 1340 1040 1416 quem
1058 1315 1203 1389 exitum
1224 1315 1338 1389 tantis
1351 1313 1459 1388 malis
1472 1316 1691 1417 sperarent?
1718 1314 1825 1385 Post-
1952 1302 1953 1321 *

424 1461 543 1562 quam
563 1434 647 1510 illos
672 1435 775 1510 videt
793 1437 901 1536 queri
926 1437 974 1512 de
1000 1438 1156 1512 avaritia
1178 1438 1484 1542 magistratuum,
1510 1461 1687 1510 accusare
1707 1436 1824 1509 Sena-

426 1574 531 1647 tum,
553 1556 657 1660 quod
681 1559 723 1632 in
745 1585 789 1634 eo
805 1560 939 1634 auxilii
965 1559 1065 1635 nihil
1083 1576 1192 1653 esset3
1215 1561 1373 1636 miseriis
1391 1559 1468 1634 suis
1488 1559 1701 1633 remedium
1721 1585 1825 1631 mor-

428 1697 504 1756 tem
524 1697 757 1784 exspectare:
782 1685 863 1772 „At
880 1709 964 1787 ego,
991 1683 1133 1786 inquit,
1153 1684 1283 1773 vobis,
1307 1683 1338 1757 si
1361 1682 1476 1757 modo
1494 1682 1566 1756 viri
1588 1707 1665 1756 esse
1688 1680 1828 1759 voltis,

428 1803 615 1878 rationem
632 1805 827 1880 ostendam
837 1849 854 1894 ,-
873 1832 949 1907 qua
973 1822 1079 1880 tanta
1106 1807 1174 1879 ista
1195 1807 1296 1881 mala
1315 1805 1533 1908 effligiatis.”
1568 1805 1659 1878 Haec
1681 1804 1749 1877 ubi
1767 1804 1828 1878 di·
1955 1854 1956 1871 ,

428 1929 503 2018 xit,
520 1928 739 2032 Allobroges
762 1929 802 2004 in
823 1955 1042 2003 maxumam
1059 1955 1163 2032 spem
1181 1928 1356 2019 adducti,
1380 1929 1621 2002 Umbrenum
1634 1953 1761 2017 orare,
1787 1945 1834 2002 ut

420 2053 488 2134 ‚sui
504 2053 762 2128 misereretur:
780 2051 881 2126 nihil
904 2068 982 2126 tam
1001 2077 1176 2155 asperum
1193 2079 1320 2155 neque
1337 2067 1416 2127 tam
1439 2050 1591 2126 difficile
1611 2077 1704 2140 esse,
1719 2051 1829 2152 quod

432 2205 511 2252 non
534 2175 790 2280 cupidissume
813 2173 953 2250 facturi
974 2190 1114 2265 essent,
1137 2175 1232 2250 dum
1249 2202 1290 2250 ea
1314 2201 1371 2250 res
1396 2174 1588 2251 civitatem
1611 2199 1685 2255 aetu
1702 2173 1832 2248 alieno

433 2302 619 2379 liberaret.
659 2298 729 2373 tlte
748 2323 812 2373 eos.
830 2298 873 2372 in
897 2298 1057 2374 domum
1081 2301 1127 2372 D.
1151 2298 1258 2372 Bruti
1285 2297 1485 2401 perducit;
1508 2297 1616 2400 quod
1634 2297 1719 2372 foro
1741 2325 1834 2401 pro·

434 2424 581 2529 pinque
615 2437 698 2498 erat
730 2448 856 2525 neque
885 2421 1009 2496 aliena
1045 2421 1210 2512 consilii,
1244 2436 1401 2525 propter
1426 2421 1713 2524 Semproniam:
1738 2447 1833 2496 nam

436 2545 520 2624 tum
539 2550 678 2620 Brutus
702 2545 751 2622 ab
771 2547 888 2619 Roma
917 2546 1056 2619 aberat
1097 2549 1277 2618 Praeterea
1301 2543 1515 2618 Gabinium
1547 2545 1723 2634 accersit,
1755 2571 1837 2648 quo

436 2670 559 2745 maior
579 2668 783 2744 auctoritas
806 2667 971 2743 sermoni
990 2667 1148 2742 inesset:
1172 2693 1216 2742 eo
1228 2683 1409 2769 praesente
1425 2667 1733 2742 coniurationem
1749 2695 1839 2774 ape·

426 2875 529 2956 'tiburs
549 2885 636 2934 erat.-
657 2883 722 2934 erat
739 2874 837 2932 omisit
857 2873 915 2931 inc.
935 2891 959 2929 ι.
981 2869 1061 2930 Edit.
1077 2871 1162 2930 Paris.
1183 2879 1261 2933 essct.
1281 2868 1366 2928 Bern.
1387 2890 1413 2934 t.
1434 2869 1607 2930 mbitotium.
1627 2869 1691 2931 Bai.
1704 2893 1732 2931 ι.
1751 2871 1841 2933 ΜΠ,

443 3007 468 3044 ι.
488 2982 666 3060 st.m.pr.
687 2977 769 3035 Cort.
788 2975 895 3034 omisit.
913 2982 1128 3053 percontato.
1149 2983 1266 3051 mscrpt.
1284 2975 1405 3033 variant.
1424 2975 1476 3033 alii
1490 2985 1680 3054 percontatus
1699 2977 1750 3035 2111
1767 2997 1843 3056 W.

439 3096 600 3150 coactatus.
621 3105 677 3144 sec.
696 3082 781 3141 Rern.
795 3101 821 3139 1.
839 3089 935 3158 postq.
948 3078 1028 3136 vitiet
1042 3077 1116 3136 illos.
1135 3076 1221 3136 Rem.
1241 3088 1335 3156 uterq.
1357 3078 1419 3137 Bas.
1438 3100 1463 3138 t.
1481 3085 1508 3145 3,
1529 3079 1581 3140 Ac,
1601 3079 1689 3142 vida,
1710 3081 1799 3140 fabr,
1817 3104 1844 3141 ¹,

440 3195 537 3256 Guell.
548 3215 578 3274 9.
604 3192 708 3250 Vinor.
723 3207 749 3244 1.
769 3203 867 3262 m.pr.
896 3180 1063 3241 condolens.
1085 3179 1206 3239 tetdo.
1220 3179 1283 3240 dl.
1303 3182 1403 3242 Vinar.
1419 3203 1448 3242 2.
1467 3183 1597 3244 Bermd.
1626 3185 1706 3244 utta
1724 3187 1844 3246 anxilii.

441 3301 503 3360 Bas.
515 3300 546 3369 l.
564 3295 632 3376 Tcg.
652 3292 723 3354 Tur.
736 3309 763 3348 a.
794 3287 881 3346 Bern.
893 3305 921 3346 s.
933 3288 961 3346 3.
987 3293 1111 3343 mortem
1126 3284 1296 3344 tumebam.
1317 3285 1402 3350 Febr.
1415 3297 1512 3369 uterq.
1530 3289 1601 3347 Vin.
1615 3310 1640 3348 ι.
1661 3289 1713 3350 Ac.
1734 3290 1801 3352 Bas,
1814 3295 1842 3354 3,

442 3405 512 3485 Teg.
532 3421 587 3481 pro
600 3405 766 3477 suspectare
779 3410 895 3471 sperare
908 3393 1022 3470 legunt.
1040 3389 1163 3452 licina,
1184 3389 1255 3448 vin.
1268 3411 1293 3448 1.
1314 3390 1412 3449 Guetf.
1425 3413 1453 3456 ι.
1472 3415 1513 3451 m.
1526 3415 1572 3472 pr.
1592 3392 1739 3460 Commot,
1760 3399 1844 3475 ptus,

444 3511 534 3569 Palas.
562 3501 741 3563 unasttivit.
759 3492 1050 3556 vobisomis.Guels.
1065 3514 1136 3572 7.9.
1163 3501 1249 3552 touta
1263 3493 1320 3553 ista
1333 3494 1424 3555 mala.
1452 3495 1599 3556 Commel.
1622 3498 1843 3560 Polat.Bno.1,

447 3619 477 3680 3.
496 3621 590 3687 uterq.
610 3609 669 3664 inc.
690 3604 758 3661 vin.
779 3596 864 3658 Febr.
884 3599 981 3692 plures
991 3595 1089 3660 Guelf.
1108 3597 1179 3656 Sen.
1193 3618 1218 3656 t.
1239 3597 1322 3656 Leid.
1337 3619 1380 3662 m.
1393 3620 1426 3658 u.
1453 3609 1539 3658 touta
1555 3591 1637 3660 mnia
1651 3600 1719 3662 ista.
1744 3605 1842 3664 ceteri.

448 3722 557 3776 minato
572 3710 663 3769 mola.
683 3705 763 3764 Leid.
775 3707 799 3763 Ι.
817 3699 931 3779 difficile
943 3719 1017 3759 esse:
1027 3719 1084 3760 esse
1094 3702 1191 3759 omisit
1201 3699 1299 3766 Guelf.
1314 3722 1359 3761 ra.
1380 3706 1460 3782 quod
1478 3725 1540 3763 uon
1555 3725 1659 3764 omnes
1670 3708 1729 3766 lere
1747 3707 1846 3767 codd.

405 3835 407 3840 .
449 3819 520 3899 quin
539 3837 572 3875 ex
585 3815 697 3871 Veneto
719 3809 827 3868 Rivius.
848 3804 1027 3866 mittaris.
1044 3803 1127 3862 Cort.
1147 3803 1267 3878 lleserc.
1288 3806 1390 3865 rituti.
1415 3808 1477 3866 llas.
1494 3829 1519 3867 r.
1537 3809 1606 3879 ul.
1626 3807 1697 3873 Tur.
1714 3832 1743 3870 1.
1761 3811 1847 3877 Rern,

455 3946 479 3984 ι.
500 3917 650 4002 pcnluoeit.
671 3911 766 3971 Guett.
779 3933 809 3990 7.
828 3909 922 3968 stt-nv.
943 3905 1027 3963 Rem.
1041 3927 1065 3969 ι.
1086 3905 1165 3965 leid.
1182 3928 1210 3988 g.
1231 3906 1332 3980 ΒΜ,
1350 3911 1517 3990 propriique
1530 3921 1596 3971 erat
1615 3933 1721 3973 omnes
1738 3915 1848 3976 sereli·

450 4029 509 4088 bri.
534 4022 695 4082 obRomat
716 4015 777 4076 Bas.
798 4033 824 4072 ι.
853 4008 935 4076 Leid.
948 4029 974 4066 a.
986 4006 1016 4072 b.
1027 4030 1053 4067 o.
1064 4031 1093 4089 g.
1107 4007 1144 4067 b..
1165 4011 1320 4070 coufirmat
1345 4013 1430 4077 Prisc.
1450 4015 1540 4074 15.a.
1569 4038 1601 4096 p.
1614 4017 1686 4077 618.
1718 4021 1847 4082 mm,

451 4133 517 4188 Sen.
538 4149 563 4186 1.
583 4125 678 4181 Stmv.
707 4116 803 4175 Gueli.
819 4136 844 4176 1.
858 4117 884 4176 3.
900 4112 928 4174 5.
955 4111 1085 4175 arcersit.
1100 4113 1194 4171 ceteri.
1214 4115 1341 4194 amplior
1356 4116 1466 4176 imon.
1493 4129 1590 4200 uterq.
1609 4120 1728 4182 Fabric.
1746 4122 1847 4184 Vinar.

453 4233 551 4298 Guelt.
566 4229 632 4298 nl.
652 4227 719 4284 Sen.
735 4241 760 4285 1.
781 4219 853 4306 Teg.
871 4215 939 4275 Tur.
956 4236 984 4279 ι,
1001 4215 1086 4279 ch.
1098 4219 1126 4277 3.
1145 4216 1260 4278 deinde.
1274 4218 1335 4279 Bos.
1352 4241 1378 4285 r.
1395 4241 1422 4281 a.
1434 4221 1463 4281 3.
1475 4221 1506 4291 l.
1524 4221 1752 4306 Teg·.Tur.1.2.
1764 4227 1849 4288 Bern.
