4050 5009
388 381 434 455 sti

385 576 440 639 lex
457 566 621 637 Terentia
642 571 677 632 et
690 560 810 647 ‚Cassia
827 556 1054 627 frumentaria
1070 559 1152 624 lata
1170 559 1243 643 dic.
1254 560 1295 625 in
1311 562 1464 627 Verrem.
1484 563 1546 627 111.
1565 584 1616 646 ⁷⁰·
1646 568 1683 631 0.
1704 572 1799 638 Lici.

288 704 294 713 ·
385 681 466 743 nius
478 678 604 758 Macer,
613 680 656 736 tr.
665 672 714 756 pl.
726 668 835 734 irritis
847 668 995 757 aliorum
1004 667 1136 733 conatis
1145 655 1217 733 non
1229 667 1422 753 deterritus,
1430 670 1648 760 turbulentas
1661 680 1800 744 concio·

387 802 449 849 nes
461 786 505 847 de
518 778 728 846 restituenda
745 774 931 841 tribunicia
942 781 1110 860 potestate
1123 774 1247 839 habuit
1255 819 1266 854 ,
1285 777 1347 842 sed
1357 774 1487 841 callido
1504 780 1652 846 consilio
1662 796 1799 852 senatus

388 897 461 953 tota
479 906 532 951 res
552 888 596 949 ad
617 881 774 967 Pompeji
791 881 941 947 reditum
961 881 1088 963 rejecta
1109 886 1169 946 est.
1189 879 1250 946 cfr.
1264 882 1334 945 Sal.
1351 881 1473 969 fragm.
1495 886 1557 948 ΠΙ.
1580 903 1631 953 aa.
1655 890 1715 953 Or.
1728 893 1798 957 Lic.

389 996 446 1060 Tr.
462 992 513 1055 Pl.
537 993 581 1055 ad
600 989 747 1075 plebem.
770 987 839 1051 Cic.
856 990 947 1051 Brut.
966 990 1020 1067 67.
1037 1006 1102 1071 pro
1120 988 1239 1051 Rabir.
1260 1009 1288 1053 a.
1307 990 1392 1074 Epp.
1410 992 1456 1053 ad
1473 991 1537 1055 Att.
1557 994 1584 1056 L
1604 1009 1635 1070 4.
1647 994 1686 1080 ⁶)
1706 998 1800 1062 con.

390 1096 604 1181 tentionibus
614 1093 809 1158 tribuniciis
819 1090 1033 1177 compositis,
1050 1091 1185 1157 bellum
1197 1092 1400 1159 intestinum
1411 1098 1545 1163 asorris
1552 1098 1708 1186 fugitivis
1717 1123 1802 1167 con·

392 1204 535 1271 citatum
548 1209 607 1267 est.
627 1201 783 1286 Quatuor
803 1198 898 1264 enim
918 1205 952 1262 et
965 1197 1184 1282 septuaginta
1200 1198 1410 1284 gladiatores
1422 1203 1546 1287 Capuae
1559 1225 1601 1269 er
1612 1206 1698 1271 ludo
1711 1210 1801 1271 Len·

392 1309 458 1375 tuli
476 1306 700 1394 profugerant
717 1312 751 1369 et
762 1311 969 1390 congregata
987 1302 1207 1369 servitiorum
1221 1308 1540 1392 ergastulorumque
1557 1313 1800 1396 multitudine,

393 1416 493 1481 Griro
514 1424 548 1479 et
565 1415 726 1499 Spartaco
743 1409 904 1507 ducibus,
932 1408 1029 1473 bello
1049 1407 1211 1490 excitato,
1238 1412 1422 1479 Claudium
1440 1413 1627 1477 Pulchrum
1644 1398 1800 1502 legatum

392 1529 426 1589 et
449 1523 486 1585 Ρ.
507 1525 681 1587 Varenum
700 1523 884 1603 pretorem
903 1514 1028 1599 proelio
1047 1515 1215 1604 vicerunt.
1233 1516 1291 1602 ω)

259 1804 261 1808 ,
395 1730 499 1805 Anni
513 1725 777 1804 DGLXXXII
790 1727 838 1799 P.
861 1722 904 1798 U.
922 1723 962 1798 C.
984 1719 1164 1837 Consules
1180 1727 1220 1800 L
1236 1726 1381 1803 Gellius
1395 1726 1604 1804 Publicola
1624 1730 1690 1807 Cn.
1709 1728 1801 1805 Cor-

659 1856 664 1863 *
822 1849 938 1923 nelias
961 1848 1133 1927 Lentulus
1158 1852 1372 1929 Clodianus.

377 2020 379 2025 ’
477 2034 531 2096 Ad
555 2030 648 2097 bella
670 2036 825 2113 externa,
845 2048 921 2111 quse
943 2028 982 2092 in
1003 2028 1189 2117 Hispania,
1210 2030 1430 2109 Macedonia,
1448 2031 1531 2095 Asia
1554 2041 1589 2096 et
1611 2038 1730 2120 contra
1745 2032 1802 2117 pi·
1924 2095 1928 2101 ,

397 2144 487 2205 ratas
513 2139 735 2225 gerebantur,
763 2135 896 2199 servilis
930 2137 1097 2201 tumultus
1120 2148 1232 2203 terror
1249 2137 1399 2203 accessit.
1436 2140 1522 2203 Cum
1547 2139 1641 2204 enim
1662 2137 1801 2225 fugitivi

392 2242 464 2323 jam
489 2248 534 2309 ad
555 2243 769 2330 septuaginta
789 2242 901 2307 millia
917 2252 1046 2329 essent,
1064 2246 1152 2331 App.
1174 2245 1211 2309 Β.
1232 2246 1302 2311 Cir.
1322 2248 1349 2309 I.
1375 2248 1444 2309 106.
1464 2254 1498 2311 et
1515 2248 1648 2331 Coram,
1670 2244 1802 2329 Nolam,

396 2352 594 2435 Nuceriam,
614 2358 722 2413 totam
737 2350 958 2433 Campaniam
978 2360 1081 2433 atque
1099 2330 1340 2435 Metapontum
1352 2350 1502 2414 terribili
1520 2359 1631 2435 strage
1641 2350 1801 2435 populati

398 2466 526 2541 essent,
546 2455 635 2520 Flor.
656 2457 717 2518 Ill.
741 2474 789 2515 ao.
820 2454 921 2518 ambo
948 2454 1113 2519 Consules
1131 2474 1211 2519 cum
1228 2456 1362 2519 duabus
1386 2453 1584 2541 legionibus
1605 2463 1724 2520 contra
1745 2474 1803 2521 eos

400 2561 497 2625 missi
517 2567 606 2629 sunt.
626 2560 792 2623 Praeterea
811 2558 910 2624 Arrio
937 2558 1080 2646 praetori
1110 2560 1278 2625 exercitus
1297 2564 1397 2624 datus
1420 2561 1519 2643 isque
1533 2559 1675 2627 seorsim
1696 2560 1806 2642 impe-

401 2664 493 2731 rium
520 2684 542 2727 a
574 2664 771 2731 consulibus
799 2667 926 2733 habere
956 2668 1071 2747 jussus
1107 2674 1168 2733 est.
1206 2664 1268 2731 cir.
1294 2666 1448 2732 Freinsh.
1474 2667 1593 2752 Suppl.
1618 2664 1690 2729 Lir.
1716 2662 1805 2723 Hist.

366 2892 369 2899 ν
402 2886 930 2910 m

482 2985 519 3069 ⁹)
539 2987 633 3049 Idem
654 3006 769 3052 rerum
792 2996 1030 3057 Romanarum
1044 2988 1209 3057 historias
1229 2989 1375 3078 scripsit.
1393 2990 1455 3055 cfr.
1471 2987 1607 3051 Ernesti
1624 2984 1717 3046 Clar.
1737 2979 1807 3042 Cic.

403 3112 429 3155 ⁸·
449 3112 481 3155 v·
506 3093 642 3157 Macer·
672 3098 765 3164 Voss.
792 3102 836 3165 de
858 3098 1044 3165 Historicis
1070 3100 1206 3164 Latinis
1233 3102 1260 3156 Ι.
1291 3120 1339 3158 ιο.
1367 3099 1543 3158 Lachman
1568 3095 1612 3150 de
1643 3085 1809 3147 Fontibus

402 3197 529 3265 Histor.
564 3200 601 3262 Τ.
630 3200 721 3268 livii
749 3206 939 3271 comment.
972 3208 1027 3261 Pr.
1052 3218 1088 3275 p.
1118 3199 1169 3255 38.
1198 3210 1250 3268 sq.
1279 3190 1340 3250 cir.
1375 3186 1558 3249 Weichert.
1592 3189 1637 3249 de
1671 3184 1808 3252 Licinio

403 3304 625 3495 calvgifilfir.
636 3318 801 3471 θΡιΙᾹῖΙΙΙ.
814 3403 863 3465 ao.
883 3400 972 3464 Plut.
981 3403 1091 3462 Crass.
1105 3417 1134 3460 c.
1147 3398 1177 3459 S.
1192 3414 1223 3476 9.
1244 3393 1391 3480 Appian.
1406 3396 1442 3457 Β.
1453 3391 1527 3458 cte.
1545 3395 1572 3455 1.
1590 3394 1658 3458 116.
1669 3394 1809 3483 Eutrop.

402 3516 460 3579 Vl.
481 3536 510 3599 7.
530 3512 728 3581 Frontin.1.
749 3510 778 3581 5.
798 3524 848 3570 20.
871 3527 918 3568 21.
944 3528 992 3569 aa.
1017 3502 1093 3567 Liv.
1114 3500 1203 3588 Epis.
1224 3501 1323 3566 XCV.
1354 3501 1481 3586 Magna
1508 3498 1715 3583 scriptorum
1740 3501 1811 3565 dis·

403 3623 577 3707 crepantia
594 3620 634 3683 in
654 3620 781 3681 ducum
803 3610 1004 3677 nominibus
1023 3607 1223 3674 scribendis
1250 3602 1431 3672 Claudius
1449 3624 1504 3689 ap.
1531 3606 1629 3669 Oros.
1648 3604 1809 3672 Clodius.

404 3750 456 3817 sp.
478 3733 569 3795 Flor.
591 3728 756 3792 Claudius
780 3724 909 3787 Glaber
929 3723 1022 3807 apud
1040 3719 1187 3804 Appian.
1205 3700 1367 3832 Ovaeef‘ttot
1384 3684 1545 3797 mltssett·
1579 3718 1736 3783 Varenus
1756 3735 1810 3801 ap.

401 3840 643 3912 Plutarchum,
668 3835 708 3892 ll.
728 3813 871 3913 napitas,
890 3850 943 3917 ap.
959 3828 1106 3915 Appiau.
1124 3830 1164 3887 Π.
1185 3823 1382 3911 Ουιλεριος,
1412 3848 1465 3912 ap.
1480 3826 1667 3891 Salustium
1690 3824 1810 3913 fragm.

401 3949 472 4009 Ino.
486 3944 554 4005 166.
567 3950 600 4003 et
610 3938 814 4003 Frontinum
830 3939 869 4003 V
865 3932 1017 4002 ariniara.
1037 3936 1188 4023 Appiani
1195 3934 1408 4024 negligentia
1415 3934 1578 3997 omnibus
1587 3939 1679 3995 nota.
1697 3932 1813 4017 Scrip.
1848 4006 1854 4015 ἣ

402 4063 480 4117 tura
493 4066 569 4131 quae
589 4066 641 4132 ap.
662 4044 847 4109 Salustium
868 4053 902 4110 et
920 4044 1123 4109 Frontinum
1143 4052 1209 4129 est,
1230 4046 1326 4109 haud
1343 4042 1449 4107 dubie
1466 4037 1688 4126 preferenda.
1712 4040 1814 4123 Apud

402 4160 603 4225 Ciceronem
625 4149 790 4222 Variana
809 4153 924 4231 audit,
944 4172 1008 4238 pro
1029 4153 1150 4216 Flacco
1173 4172 1222 4231 ¹9·
1247 4152 1300 4214 De
1318 4147 1525 4236 cognomine
1542 4142 1700 4229 Globro,
1719 4145 1812 4226 quod

403 4265 564 4352 Sigonius
574 4261 704 4331 falsum
720 4258 986 4344 emendicavit,
1006 4257 1068 4325 cir.
1079 4257 1249 4325 Muratori
1265 4258 1366 4325 Thes.
1385 4275 1466 4322 nov.
1483 4249 1639 4338 inscript.
1658 4253 1698 4314 Τ.
1715 4252 1743 4313 Ι.
1761 4266 1790 4327 4.
