4050 5009
387 385 437 476 ts

323 622 326 631 .
382 590 454 657 quo
473 573 612 632 auctore
629 563 700 631 viri
728 562 820 628 docti
842 557 1030 644 affirmant)
1053 558 1200 646 gloriam
1221 579 1336 625 rerum
1355 563 1399 625 ab
1419 563 1492 644 ejus
1508 573 1606 650 patre
1627 574 1799 654 gestarum

384 674 541 758 Pompeji
562 670 727 735 laudibus
743 666 960 734 celebrandis
979 668 1161 733 obscurare
1173 666 1336 732 noluisse.
1358 671 1517 735 Ceterum
1539 693 1581 737 ex
1599 675 1703 755 hujus
1714 678 1799 746 libri

382 779 532 847 introitu
554 776 656 841 facile
677 784 789 861 patet,
808 774 995 837 Salustium
1016 773 1130 858 ipsum
1151 773 1191 835 in
1213 774 1445 838 Historiarum
1465 778 1567 843 libris
1586 800 1798 867 componen-

385 888 441 952 dis
457 884 567 963 majns
586 885 761 966 quoddam
782 899 868 967 opus
886 879 1029 967 aggredi
1049 880 1118 943 sibi
1134 880 1246 943 visum
1267 900 1360 957 esse,
1379 884 1473 947 unde
1491 883 1583 949 inter
1605 890 1798 971 praeclaris·

382 996 552 1061 simorum
573 990 778 1075 scriptorum
798 988 914 1053 laudes
930 1008 999 1051 suae
1019 985 1139 1073 glorias
1163 986 1279 1048 locum
1299 986 1455 1051 futurum
1474 1009 1546 1055 esse
1566 1001 1795 1079 arguraretur.

384 1100 617 1187 Quamobrem
635 1094 786 1161 breviter
806 1096 849 1159 de
863 1092 1109 1156 historicorum
1120 1092 1358 1153 Romanorum
1367 1091 1553 1161 virtutibus
1570 1099 1660 1186 egit,
1679 1109 1714 1166 et
1727 1123 1796 1185 qua

380 1204 527 1289 quisque
545 1224 583 1268 re
606 1201 823 1279 excelluerit,
844 1198 960 1284 paucis
975 1194 1141 1281 exposuit.
1161 1197 1202 1258 Id
1220 1195 1315 1259 enim
1330 1198 1457 1265 Marius
1472 1202 1671 1271 Victorinus
1684 1207 1795 1294 signi·

379 1310 459 1375 ficat
479 1312 518 1374 in
536 1310 676 1374 Rhetor.
703 1308 771 1370 Cic.
792 1330 825 1389 p.
849 1322 916 1385 149·
937 1302 1113 1379 ,Historia
1135 1309 1169 1365 et
1188 1302 1303 1367 brevis
1330 1323 1402 1369 esse
1422 1308 1525 1371 debet
1544 1310 1582 1372 in
1605 1311 1793 1394 expositio-

378 1436 424 1481 ne
443 1426 476 1481 et
499 1422 672 1501 apertast
696 1411 908 1498 probabilis,
935 1418 974 1473 ut
996 1407 1164 1472 Salustius
1185 1408 1255 1473 sibi
1270 1408 1390 1472 omnia
1415 1408 1453 1471 in
1477 1411 1628 1474 catilina
1651 1414 1793 1480 tribuit:

370 1520 501 1607 'Quam
525 1518 703 1586 verissime
720 1526 854 1605 potero
868 1510 1002 1602 paucis
1022 1514 1205 1580 absolvam
1213 1520 1227 1594 ς’
1241 1523 1276 1579 et
1298 1536 1377 1578 cum
1399 1514 1479 1578 aliis
1501 1514 1793 1606 historIographis

378 1627 516 1714 singula
537 1628 732 1691 tradidisset
750 1625 826 1689 Lib.
842 1626 869 1688 Ι.
894 1621 1142 1703 Historiarum,
1163 1623 1222 1682 dat
1240 1621 1363 1685 Catoni
1378 1621 1597 1688 brevitatem:
1628 1623 1794 1691 Romani

362 1729 520 1821 ‚generis
536 1729 794 1796 disertissimus
818 1732 937 1792 multa
953 1720 1087 1819 paucis
1101 1720 1273 1805 absolvit3
1294 1726 1427 1791 Fannio
1448 1728 1659 1798 veritatem.»
1686 1732 1791 1795 Haud

379 1836 484 1898 dubie
509 1835 614 1898 etiam
630 1836 782 1915 reliquos
809 1833 1007 1917 historicos,
1037 1832 1182 1895 Fabium
1208 1833 1394 1917 Pictorem,
1421 1834 1583 1911 catium,
1610 1836 1790 1911 Pisonem,

378 1939 561 2003 Claudium
581 1939 867 2025 Quadrigarium,
881 1938 1054 2007 Valerium
1068 1938 1258 2023 Antiatem,
1275 1938 1449 2004 Rutilium
1467 1940 1624 2023 aliosque
1638 1962 1792 2012 comme·

371 2056 585 2134 morarerat,
605 2046 789 2130 dequibus
804 2046 864 2114 cfr.
885 2054 1007 2132 prater
1018 2046 1177 2114 Vossiurn
1193 2049 1237 2109 dc
1256 2046 1384 2111 Histor.
1401 2045 1535 2112 Latinis
1553 2046 1667 2111 Fried.
1678 2051 1789 2114 Lach-

369 2172 490 2217 mann.
510 2160 558 2223 de
578 2156 715 2226 Fontib.
737 2154 825 2221 Hist.
843 2156 882 2219 T.
904 2154 995 2219 Livii
1012 2157 1143 2218 Comm.
1166 2156 1223 2218 Pr.
1242 2156 1374 2217 16-23.
1394 2155 1525 2217 comm.
1546 2154 1614 2215 Alt.
1631 2166 1659 2226 s.
1674 2154 1787 2237 8-17.

372 2261 437 2324 Cui
470 2264 610 2353 quidem
637 2266 846 2353 scriptorum
878 2261 1134 2328 enumerationi
1163 2263 1269 2327 verba
1298 2261 1493 2339 adjunxisse
1523 2259 1787 2329 vincturas.

371 2366 453 2434 Nos
475 2369 513 2429 ire
534 2378 644 2433 tauta
663 2370 962 2435 doctissimorum
986 2362 1175 2425 hominum
1197 2359 1315 2439 copia.

401 2544 403 2549 ,
448 2472 517 2534 Scd
537 2474 631 2534 nulli
651 2468 817 2529 historico
833 2460 1004 2527 salustius
1029 2460 1235 2541 plusquam
1259 2462 1422 2528 Cornelio
1446 2466 1598 2534 Sisennae
1623 2470 1785 2537 tribuisse

365 2572 507 2633 videtur
535 2571 596 2629 cfr.
616 2570 777 2649 Jugurth.
802 2588 830 2629 c.
856 2568 908 2645 95.
929 2565 1026 2647 quod
1047 2562 1284 2651 testimonium
1310 2586 1332 2628 a
1358 2568 1523 2635 Cicerone
1545 2573 1783 2658 confirmatur,

368 2672 433 2753 qui
450 2690 529 2733 eum
547 2673 687 2733 doctum
704 2670 838 2756 vinum,
858 2672 982 2737 studiis
995 2669 1139 2759 optimis
1157 2671 1324 2757 deditum,
1339 2674 1428 2739 bene
1442 2675 1564 2741 latine
1581 2678 1785 2759 loquentem

366 2796 584 2862 gnarumque
616 2776 817 2861 reipublicae
845 2778 939 2842 dicit.
972 2781 1043 2868 Qui
1067 2802 1146 2846 eum
1179 2778 1268 2849 belli
1293 2779 1407 2846 civilis
1436 2781 1571 2846 Sullani
1599 2782 1784 2847 historiam

368 2882 559 2968 scripserit,
589 2883 756 2947 Salustius
774 2884 846 2963 ejus
873 2884 964 2949 vices
983 2887 1083 2969 quasi
1098 2885 1285 2973 excepisse,
1311 2896 1346 2951 et
1364 2888 1419 2952 sui
1434 2888 1549 2972 operis
1567 2889 1711 2954 initium
1729 2889 1784 2954 fe·

369 2987 454 3051 cisse
468 2988 623 3072 videtur,
642 2989 704 3071 qui
720 2990 817 3054 illius
833 2986 1057 3055 historiarum
1076 2992 1157 3057 finis
1172 2993 1293 3059 fuerat.
1314 2991 1427 3078 Quam
1440 2996 1572 3058 adrem
1590 2994 1782 3079 suscipien.

369 3094 448 3155 dam
462 3114 541 3157 eum
554 3115 626 3158 non
638 3098 742 3161 modo
752 3095 859 3181 ipsius
868 3098 1063 3184 argumenti
1075 3098 1223 3181 gravitas
1232 3098 1443 3177 permovisse
1450 3098 1597 3182 ridetur,
1605 3104 1665 3163 sed
1675 3102 1778 3165 etiarn

367 3200 463 3280 quod
476 3198 548 3284 ipse
556 3200 698 3267 illorum
708 3210 904 3285 temporum
911 3200 1055 3279 aequalis
1064 3198 1140 3279 fuit,
1154 3206 1189 3260 et
1199 3198 1473 3284 rectejudicavit,
1488 3220 1656 3267 summam
1666 3206 1777 3273 histo·

365 3304 426 3369 riae
437 3304 576 3370 laudem
591 3308 634 3369 iis
645 3309 683 3367 in
694 3308 798 3367 rebus
812 3302 1027 3365 illustrandis
1036 3320 1106 3365 esse
1117 3301 1282 3384 positam,
1298 3323 1375 3383 quae
1389 3304 1498 3387 ipsius
1512 3306 1689 3393 scriptoris
1703 3334 1775 3379 me·

366 3410 479 3471 moria
496 3421 600 3495 gestas
617 3409 698 3473 sint.
719 3410 877 3471 Ceterum
896 3406 1053 3488 quamvis
1070 3406 1111 3470 in
1132 3407 1355 3473 historiarum
1372 3409 1474 3476 libris
1491 3414 1657 3481 Salustius
1676 3419 1773 3483 aliud

367 3522 500 3579 secutus
519 3536 592 3581 osse
615 3514 793 3592 videntur,
814 3532 918 3595 quam
936 3511 975 3577 in
999 3513 1169 3598 iugurtha
1184 3522 1287 3597 atque
1311 3516 1476 3601 Catilina,
1496 3539 1608 3602 neque
1627 3515 1773 3588 striitim

367 3618 579 3701 carptimque
597 3623 657 3685 sed
687 3618 796 3683 fusius
821 3628 924 3700 atque
948 3627 1114 3703 perpetua
1136 3620 1282 3685 historia
1298 3620 1395 3685 illius
1416 3626 1581 3707 temporis
1601 3636 1676 3691 acta
1693 3650 1773 3713 per-

367 3719 557 3805 scripsisse,
578 3732 691 3790 tamcn
703 3746 764 3807 per
783 3745 819 3789 se
837 3733 949 3808 patet,
970 3726 1120 3794 eundem
1135 3726 1302 3790 orationis
1316 3728 1468 3792 colorem
1482 3732 1525 3793 ab
1541 3752 1582 3796 eo
1601 3744 1771 3799 servatum

366 3823 482 3889 fuisse.
513 3828 601 3890 Cum
627 3828 718 3894 enim
743 3829 838 3895 varia
865 3831 1015 3903 aliorum
1043 3832 1185 3918 ingenia
1210 3832 1311 3899 facile
1337 3834 1608 3909 innumerabiles
1633 3840 1770 3905 dicendi
1809 3881 1813 3890 ·

365 3929 493 3995 formas
510 3932 703 4017 liguresque
720 3934 1008 4019 complectantur,
1028 3958 1069 4009 ea
1082 3936 1149 4003 suit
1166 3937 1306 4003 Salustii
1325 3939 1472 4026 indoles,
1485 3951 1525 4006 ut
1545 3944 1599 4005 sui
1618 3946 1770 4011 dissimi-

365 4038 409 4103 lis
420 4056 492 4103 esse
508 4058 579 4102 non
598 4049 721 4123 posset.
741 4044 860 4123 ltaque
880 4044 1098 4127 prooemium
1114 4064 1183 4127 qno
1200 4045 1241 4109 in
1253 4046 1476 4113 historiarum
1486 4050 1587 4113 libris
1601 4070 1681 4115 usus
1698 4070 1769 4117 esse
1866 4056 1869 4060 '

366 4144 522 4225 videtur,
550 4166 623 4209 non
646 4148 794 4215 multum
818 4150 861 4215 ab
883 4148 929 4223 ila
945 4150 1130 4229 abhorret,
1150 4172 1226 4232 quar
1248 4160 1282 4217 et
1304 4154 1342 4217 in
1361 4152 1509 4219 Catilina
1527 4177 1555 4219 c.
1582 4164 1711 4222 10—13.
1733 4166 1769 4221 et

361 4247 442 4333 lug.
455 4272 483 4317 e.
502 4270 552 4329 41·
568 4268 620 4330 aa.
641 4261 855 4340 exposuerat:
877 4256 937 4329 sed
954 4264 992 4330 ut
1010 4256 1175 4336 majorem
1192 4262 1363 4341 quandam
1380 4259 1516 4347 ingenii
1535 4264 1766 4329 maturitatem
