4050 5009
370 420 417 495 9²

366 551 470 679 supra
487 608 566 687 pag.
587 590 636 653 26.
659 604 695 650 n.
709 554 798 651 falso
819 584 971 668 antiqua
985 584 1172 659 editiones:
1194 580 1331 652 Oratio
1347 583 1477 653 Marci
1493 586 1627 675 Lepidi
1642 592 1787 662 tribuni

348 692 481 796 ‚plebis
502 696 545 760 de
576 688 779 758 sribamne
792 699 981 775 potestate
1001 693 1262 777 recuperanda.
1290 712 1490 777 praenomen
1523 716 1597 763 non
1627 702 1784 767 Marcus

369 808 430 871 sed
453 798 571 893 Cujus
591 799 670 865 init.
697 801 750 863 De
775 817 817 864 eo
838 798 958 863 Cicero
979 798 1044 861 ita:
1073 798 1131 873 «G.
1151 801 1266 865 Macer
1286 800 1489 867 auctoritate
1513 822 1649 891 semper
1669 808 1783 894 eguit,

368 912 430 976 sed
455 906 525 971 fuit
545 913 710 991 patronus
729 906 984 989 propemodum
1005 902 1297 988 diligentissimus.
1318 906 1430 986 Hujus
1451 906 1591 994 si‘vita,
1611 910 1782 997 simones,

291 1065 294 1073 .
370 1016 403 1080 si
422 1014 538 1102 vultus
560 1010 710 1093 denique
730 1029 801 1073 non
820 1028 959 1073 omnem
987 1010 1323 1075 commendationem
1340 1012 1476 1099 ingenii
1498 1016 1689 1102 evertisset,
1709 1036 1783 1081 ma-

367 1120 425 1199 jus
443 1139 571 1184 nomen
583 1118 621 1181 in
633 1115 790 1201 patronis
807 1112 937 1178 fuisset.
958 1117 1035 1177 Non
1051 1122 1124 1179 erat
1139 1114 1334 1200 abundans,
1354 1137 1427 1181 non
1440 1118 1542 1205 inops
1560 1127 1688 1187 tament
1709 1140 1783 1186 non

371 1228 472 1292 valde
481 1224 604 1308 nitens,
615 1242 686 1286 non
695 1223 799 1309 plane
807 1220 951 1285 horrida
957 1220 1080 1283 oratio:
1091 1240 1167 1305 vox,
1177 1229 1290 1305 gestus
1302 1230 1336 1286 et
1350 1224 1463 1289 omnis
1473 1226 1564 1291 actio
1571 1228 1647 1293 sine
1653 1228 1781 1313 lepore:

371 1341 407 1395 at
417 1334 455 1395 in
461 1330 677 1395 inveniendis
690 1326 1008 1413 componendisque
1018 1327 1119 1391 rebus
1128 1326 1217 1389 mira
1225 1329 1457 1393 accuratiorut
1467 1350 1540 1395 non
1548 1331 1651 1397 facile
1661 1332 1698 1395 in
1706 1334 1781 1397 ullo

373 1432 1782 1523 diligentioremmajoremquecognoverim,sedeamutcitiusveteratoriam,quam

374 1542 560 1607 oratoriam
568 1537 857 1604 diceresHicetsi
865 1537 1173 1621 etiaminpublicis
1182 1539 1523 1625 causisprobabatur,
1535 1542 1783 1627 tameninpri-

336 1728 339 1736 1
373 1649 461 1715 ratis
474 1646 700 1711 illustriorem
713 1642 894 1708 obtinebat
913 1643 1063 1705 locum.»
1082 1644 1184 1729 Quod
1195 1644 1336 1726 quidem
1346 1646 1515 1725 iudicium
1529 1648 1613 1711 buic
1631 1645 1783 1712 orationi

320 1772 327 1786 ·
374 1776 447 1818 non
457 1756 560 1839 plane
575 1752 775 1835 respondet3
796 1748 954 1830 quamvis
965 1748 1060 1812 enim
1074 1758 1107 1813 et
1122 1750 1360 1816 inventionem
1368 1760 1403 1816 et
1410 1752 1690 1836 compositionem
1702 1752 1782 1831 jure

344 1840 349 1847 ¹
371 1855 586 1953 laudaveris,
613 1876 746 1919 summa
770 1863 886 1917 tamen
908 1854 1139 1921 admiratione
1160 1855 1287 1940 dignus
1310 1875 1388 1921 acer
1410 1865 1445 1922 et
1465 1843 1781 1942 praesensentium,

376 1965 502 2029 mentis
520 1963 634 2026 ferror
654 1970 688 2026 et
707 1980 840 2026 summa
859 1922 1063 2044 prurientia,
1084 1980 1153 2044 qua
1171 1961 1284 2045 plebis
1306 1961 1453 2047 ignavie
1482 1962 1641 2026 stimulos
1662 1965 1784 2027 admo-

377 2082 444 2137 vet.
465 2075 583 2152 Neque
598 2068 796 2150 virtutibus,
816 2086 892 2148 quar
909 2064 1092 2150 dicuntur,
1112 2066 1272 2130 oratoriis
1292 2070 1365 2133 haec
1384 2067 1521 2133 excellit
1543 2067 1671 2148 orati03
1691 2068 1784 2132 veri-

376 2186 428 2241 tas
456 2176 551 2239 enim
578 2182 613 2238 et
644 2172 776 2237 nobilis
803 2174 960 2253 qaedam
982 2170 1093 2233 animi
1120 2170 1264 2236 libertas
1292 2174 1401 2259 magis
1429 2172 1651 2257 simplicitate
1677 2192 1783 2256 quam

377 2282 587 2347 ornamentis
613 2269 877 2345 commendatur.
904 2277 1026 2341 Nihilo
1046 2276 1162 2343 minus
1191 2280 1305 2343 tamen
1327 2298 1382 2343 res
1403 2278 1526 2363 sepius
1547 2279 1694 2365 agitata,
1724 2279 1783 2343 tri-

276 2440 287 2461 ,
377 2389 527 2453 buniciae
544 2386 720 2472 potestatis
738 2384 928 2467 restitutio,
947 2402 1021 2447 non
1039 2381 1175 2449 minore
1192 2402 1270 2445 cum
1287 2382 1387 2465 copia
1401 2402 1506 2463 quam
1525 2400 1617 2451 novo
1632 2388 1783 2468 quodam

378 2494 518 2562 eimedi
536 2515 662 2580 genere
684 2500 827 2556 tractata
847 2499 907 2557 est.

446 2598 499 2665 si
514 2599 680 2681 Quirites
684 2622 820 2683 parum
839 2594 1127 2667 existumareties
1146 2600 1251 2677 ..citet
1259 2599 1415 2665 Donatus
1428 2602 1470 2663 ad
1481 2600 1558 2665 Ter.
1570 2600 1708 2663 Phorm.
1716 2600 1740 2662 l.
1758 2622 1785 2663 r.

381 2715 415 2771 et
444 2705 519 2768 vult
538 2726 603 2790 pro
630 2709 802 2772 aestumari
818 2708 946 2792 accipi;
972 2712 1032 2773 sed
1063 2715 1113 2773 est
1133 2708 1274 2793 proprie
1298 2716 1376 2793 post
1397 2705 1707 2771 considerationem
1725 2705 1786 2783 ju·

381 2812 512 2889 dicare,
534 2812 751 2899 intelligere*
770 2817 860 2880 Cort.
883 2816 1034 2878 Gronov.
1061 2816 1105 2878 ad
1129 2812 1202 2881 Liv.
1226 2819 1277 2890 34.
1303 2836 1332 2877 a.
1362 2816 1407 2877 ad
1429 2815 1468 2876 Α.
1495 2812 1585 2878 Gell.
1615 2836 1642 2874 r.
1671 2816 1701 2875 3.
1724 2810 1785 2874 cfr.

382 2919 450 2984 Cic.
469 2920 613 2983 declar.
632 2921 726 2984 Orat.
747 2939 804 2984 ar:
825 2920 1016 3005 orationes,
1035 2940 1076 2985 ex
1094 2920 1222 3003 quibus
1236 2920 1425 2987 existimari
1439 2923 1483 2985 de
1503 2917 1655 3005 ingeniis
1671 2918 1787 2981 orato·

381 3046 460 3089 rum
484 3035 605 3109 potest.
628 3028 762 3091 Terent.
784 3029 907 3091 Heaut.
931 3054 959 3096 2.
985 3034 1015 3091 3.
1034 3046 1084 3106 4ι.
1113 3032 1182 3105 ..Ea
1210 3048 1263 3093 res
1283 3027 1380 3107 dedit
1398 3026 1625 3093 existumandi
1651 3020 1787 3107 copiam

382 3130 593 3214 quotidianae
617 3131 697 3199 vitae
725 3135 1043 3200 consuetudinem.»
1074 3135 1317 3198 disserendum
1327 3126 1415 3216 fuit
1441 3135 1515 3194 haeo
1537 3131 1643 3190 Godd.
1671 3127 1788 3190 lectio.

382 3242 427 3302 dc
458 3238 644 3303 indicativo
674 3239 714 3302 in
734 3240 1033 3325 propositionibus
1053 3231 1347 3295 conditionalibus
1373 3230 1433 3291 cir.
1456 3230 1596 3311 Kriiger
1622 3227 1790 3309 Disquisit

382 3346 496 3409 Gram.
512 3347 603 3409 Fasc.
617 3346 661 3407 11.
684 3341 862 3426 Quotiens
881 3374 923 3390 -
934 3336 1060 3419 plebes
1077 3332 1287 3419 secessisset.
1307 3332 1388 3397 vide
1407 3340 1543 3395 nosnos
1560 3334 1788 3399 commentar.

383 3456 427 3516 ad
448 3452 547 3514 Catil.
562 3455 612 3514 33.
632 3474 668 3535 p.
687 3452 756 3512 108.
771 3448 817 3507 ad
836 3445 913 3525 lug.
933 3444 983 3505 3ι.
1002 3446 1036 3501 et
1059 3458 1162 3521 supra
1179 3439 1223 3501 ad
1236 3436 1358 3523 fragm.
1380 3439 1409 3500 8.
1431 3433 1653 3520 docendique
1671 3441 1746 3505 Vat.
1759 3456 1787 3501 a.

385 3578 461 3640 quae
482 3557 586 3621 lectio
606 3560 798 3621 memoratu
818 3538 1037 3631 dignissimi,
1059 3543 1123 3609 etsi
1135 3544 1250 3609 minus
1267 3541 1470 3627 probabilis.
1498 3549 1534 3605 et
1552 3539 1607 3608 ire
1622 3540 1787 3661 primum

386 3638 565 3727 oia.'falso
583 3662 735 3726 Cottius:
754 3649 934 3737 ..primum
953 3648 1070 3735 posuit
1087 3669 1152 3734 pro
1168 3658 1256 3713 ante
1274 3645 1398 3713 omnia
1419 3638 1613 3737 Philargyr.
1631 3653 1677 3714 ed
1694 3651 1788 3737 Virg.

386 3770 428 3830 IL
450 3770 572 3855 Georg.
601 3789 649 3832 vs.
670 3768 739 3843 47⁵·
770 3759 839 3823 Cic.
866 3760 910 3821 ll.
928 3760 988 3841 Ep.
1010 3778 1041 3837 9.
1064 3777 1099 3819 n.
1120 3766 1168 3819 ι.»
1195 3758 1262 3821 hoc
1278 3754 1373 3854 enim
1393 3754 1494 3823 dicit:
1515 3777 1551 3822 se
1570 3759 1692 3822 ducem
1716 3756 1789 3820 illis

388 3873 524 3939 itineris
542 3875 635 3949 fore,
658 3869 754 3951 quod
774 3869 859 3930 esset
871 3862 1147 3947 ingrediendum.
1169 3858 1372 3925 libertatem
1389 3882 1573 3946 capessere
1590 3882 1662 3927 non
1677 3864 1790 3927 solum
1879 3904 1890 3915 ·

388 3987 436 4045 est
457 3976 617 4044 affectare
637 3986 741 4056 atque
761 3981 935 4057 appetere,
957 3977 1133 4053 utsupra,
1154 3968 1214 4033 sed
1235 3968 1356 4031 eodem
1380 3964 1486 4037 niodo
1504 3968 1636 4032 dictum
1658 3976 1696 4031 ut
1716 3967 1793 4031 bel-

318 4084 322 4091 ’
387 4087 477 4163 lum,
497 4104 633 4169 pacem,
654 4075 904 4161 rempublicam
916 4091 1098 4157 capessere.
1128 4092 1224 4155 spem
1241 4071 1370 4137 bonam
1388 4096 1433 4139 eor
1453 4070 1558 4138 vobis.
1577 4074 1680 4137 sicuti
1689 4092 1791 4157 supra

388 4199 506 4256 metus
517 4211 540 4253 a
551 4179 739 4272 Pompejo.
762 4182 830 4247 Cic.
843 4182 927 4264 Epp.
942 4184 988 4242 ι3.
1009 4182 1058 4241 16.
1076 4200 1110 4241 n.
1124 4200 1150 4239 1.
1172 4180 1221 4241 Ex
1237 4198 1279 4242 eo
1290 4200 1366 4243 cum
1382 4182 1426 4243 ab
1441 4180 1583 4243 ineunte
1594 4186 1691 4245 aetate
1702 4178 1793 4243 bene

385 4299 607 4379 sperassem.t
628 4292 721 4354 liert.
740 4259 957 4356 certaminis
974 4286 1127 4351 advorsa
1145 4282 1194 4349 ita
1219 4286 1291 4355 Vat.
1324 4308 1354 4355 1.
1377 4286 1470 4353 idem
1489 4304 1593 4371 supra
1622 4286 1727 4352 Sulla
1758 4292 1793 4349 et
