4050 5009
557 358 625 456 ιδυ

549 544 715 671 ¹ti'seumis
741 562 879 639 animis
904 562 1113 667 excipitur,
1139 563 1248 667 plebi
1271 565 1536 669 patribusque,
1568 578 1777 671 postquam
1799 558 1952 636 invidia

552 684 778 775 decesserat,
815 680 918 761 iuius
945 712 1062 793 carus.
1110 688 1182 761 Sed
1201 689 1345 763 Marius
1373 691 1533 793 impigre
1554 688 1841 791 prudenterque
1861 708 1953 757 suo-

552 834 640 882 rum
659 824 698 883 et
710 806 878 884 hostium
898 836 961 883 res
978 810 1123 913 pariter
1140 810 1346 919 adtendere
1354 838 1596 915 ;·cognosoere
1615 811 1709 915 quid
1722 802 1822 884 boni·
1836 806 1955 881 utris-

552 958 627 1033 que
642 948 710 1006 aut
725 922 866 1007 ⁴eontra
882 948 991 1026 esset3
1014 933 1209 1036 explorare
1228 933 1364 1009 itinera
1385 962 1534 1040 regum,
1554 935 1711 1010 consilia
1733 950 1772 1007 et
1793 929 1956 1005 iusidias

539 1055 684 1130 eorum
702 1056 937 1131 antevenire:
954 1055 1060 1133 nihil'·
1067 1056 1175 1159 apud
1190 1068 1229 1130 se
1245 1058 1440 1131 remissum
1459 1084 1583 1160 neque
1597 1058 1701 1161 apud
1719 1056 1803 1129 illos
1819 1070 1955 1129 tutum

551 1179 641 1283 pati:
677 1180 810 1280 Itaque
848 1195 888 1253 et
913 1179 1082 1253 Gaetuios
1112 1196 1150 1254 et
1175 1178 1399 1282 Iugurtham
1427 1207 1473 1255 ex
1500 1181 1609 1255 sociis
1641 1180 1778 1255 nostris
1802 1166 1956 1280 praedas

552 1318 700 1405 agentes
725 1328 821 1405 saepe
843 1302 1034 1406 adgressus
1051 1303 1092 1375 iu
1120 1302 1257 1377 itinere
1281 1303 1448 1392 fuderat,
1470 1305 1680 1408 ipsumque·
1697 1296 1823 1406 regem
1841 1298 1955 1373 haud

550 1426 689 1528 procul'
715 1424 764 1497 ab
784 1424 925 1527 oppido
955 1426 1058 1500 Cirta
1084 1426 1198 1498 armis
1217 1408 1378 1501 eruerat
1428 1428 1526 1525 Quae
1551 1443 1753 1530 postquam
1784 1424 1953 1528 gloriosa

550 1549 664 1623 modo
688 1574 813 1651 neque
835 1548 925 1622 belli
944 1548 1124 1650 patrandi
1142 1548 1335 1652 coguovit,
1363 1550 1497 1623 statuit
1516 1550 1650 1638 urbes,
1672 1548 1870 1651 quaeviris
1883 1562 1956 1620 aut

522 1778 524 1783 Ι
551 1672 635 1746 luco
659 1698 730 1779 pro
748 1668 919 1745 hostibus
935 1688 976 1779 et
991 1671 1193 1745 advorsum
1212 1698 1250 1745 se
1273 1672 1615 1774 opportunissumae
1633 1689 1758 1762 erant,
1782 1670 1955 1775 singulas

552 1786 847 1901 circumvenire:
874 1794 926 1869 ita
942 1793 1167 1898 Iugurtham
1192 1811 1261 1868 aut
1283 1794 1464 1897 praesidiis
1489 1796 1702 1884 nudamm,
1726 1794 1757 1869 si
1779 1820 1823 1869 ea
1845 1809 1955 1896 pate·

551 1926 676 2007 retur,
703 1933 774 2023 aut
792 1918 923 2022 praelio
948 1934 1190 1991 certaturum.
1226 1918 1328 1991 Nam·
1344 1918 1512 1993 bocchus
1529 1919 1691 1993 nuncios
1711 1918 1761 1992 ad
1782 1944 1874 1992 eum
1888 1942 1957 1992 sae·

549 2070 600 2149 pe
624 2042 794 2131 miserat,
815 2034 912 2115 velle
927 2040 1063 2142 populi
1084 2019 1252 2114 Romani·
1266 2040 1494 2133 amicitiam
1511 2068 1560 2117 ne
1581 2041 1678 2144 quid
1693 2040 1743 2113 ab
1756 2066 1795 2114 se
1813 2038 1954 2114 hostile

551 2168 706 2268 timeret
744 2165 788 2240 Id
803 2162 1110 2251 simulaverim,
1134 2188 1212 2263 quo
1243 2161 1467 2264 improvisus
1493 2166 1642 2267 gravior
1665 2163 1876 2253 accideret,
1902 2189 1952 2236 an

551 2292 764 2395 mobilitate
787 2287 928 2391 ingenii
949 2312 1081 2388 pacem
1098 2301 1213 2386 atque
1234 2285 1378 2359 bellum
1400 2303 1549 2360 mutare
1569 2280 1713 2375 solitus,
1735 2310 1876 2389 parum
1890 2312 1952 2361 er·

506 2432 543 2509 89
552 2400 746 2520 ploratum
765 2426 827 2485 est
867 2409 939 2484 Sed
961 2390 1119 2498 Consul,
1143 2408 1201 2481 uti
1222 2423 1423 2497 statuerat,
1449 2409 1589 2511 oppida
1610 2410 1839 2510 castellaque
1866 2435 1950 2482 mu·

555 2538 635 2611 nita
655 2536 777 2609 adire:
796 2532 939 2639 partim
960 2531 1015 2618 vi,
1042 2530 1116 2603 alia
1138 2545 1243 2604 metu
1262 2545 1330 2603 aut
1349 2534 1503 2633 praemia
1529 2532 1753 2606 ostentando
1779 2548 1950 2605 avortere

425 2716 429 2723 .
556 2662 604 2735 ab
622 2659 801 2732 hostibus.
837 2660 891 2730 Ac
908 2654 1032 2757 primo
1048 2651 1251 2726 mediocria
1271 2654 1439 2753 gerebat,
1457 2654 1703 2746 existumans,
1722 2648 1960 2758 Iugurtham

557 2784 605 2858 ob
626 2806 711 2857 suos
732 2779 909 2857 tutandos
934 2777 976 2855 in
997 2800 1132 2853 manus
1156 2790 1371 2851 venturum·
1406 2776 1479 2853 Sed
1498 2778 1567 2855 ubi
1585 2778 1697 2855 illu-m
1718 2776 1869 2882 procul·
1884 2777 1950 2853 ab·

548 3034 555 3045 .
629 2982 761 3063 Coufld.
789 2979 932 3059 ercipr'tur
951 2978 1031 3045 Leid.
1047 2978 1076 3036 d.
1095 2979 1132 3044 k„
1151 2976 1436 3050 Riviilibri,omncs
1452 2978 1554 3046 Cottii.
1574 2977 1719 3059 uocabitur
1739 2979 1855 3043 Gruter.
1876 2978 1947 3037 Har.

555 3096 651 3171 plures
664 3089 743 3159 Leid.
764 3087 825 3156 Bas.
843 3107 866 3143 ι.
891 3105 946 3164 pro
959 3084 1036 3145 varia
1049 3086 1115 3141 lect.
1136 3082 1233 3153 ΒΜ.
1262 3083 1375 3142 insutu
1384 3084 1553 3148 discessuot
1574 3088 1657 3144 Vrat.
1677 3104 1702 3155 r,
1721 3086 1795 3144 Vin.
1810 3105 1838 3144 a.
1858 3082 1947 3144 dead.

553 3196 664 3257 Fabric.
681 3192 863 3270 ²·:G110ffi7-
875 3212 904 3268 9.
922 3210 967 3248 ιι.
988 3187 1069 3270 Berg.
1090 3186 1245 3265 quidboni
1257 3189 1403 3267 utriusque
1423 3188 1483 3246 Bas.
1499 3210 1524 3247 ι.
1544 3190 1641 3248 Sonat.
1657 3209 1684 3248 1.
1713 3191 1816 3249 insert
1833 3210 1861 3249 2.
1882 3188 1944 3248 bct.

555 3303 651 3363 Guelf.
676 3324 699 3358 ι.
721 3295 920 3373 nutumque
938 3293 1050 3353 Fabric.
1072 3291 1194 3351 insidias
1208 3310 1310 3355 eorum
1328 3312 1415 3371 pron.
1435 3311 1495 3354 orn.
1517 3294 1622 3357 Vinau
1643 3314 1668 3351 ι.
1690 3300 1794 3355 trane.
1810 3296 1946 3374 predum

553 3416 669 3484 ugevues
688 3406 761 3462 Vin.
782 3399 866 3458 Fabr.
886 3397 968 3477 berg.
987 3398 1072 3454 Vrat.
1086 3415 1111 3458 1.
1130 3395 1197 3453 sen.
1211 3414 1238 3451 2.
1259 3394 1359 3453 Heuu.
1379 3393 1475 3455 Gueli.
1493 3416 1520 3455 a.
1537 3418 1582 3455 ιο.
1602 3398 1713 3463 Leids.
1738 3418 1816 3458 nnus
1829 3398 1944 3469 Wassii,

552 3511 643 3579 ΒΜ
672 3508 789 3586 predas
808 3511 924 3581 ugentes
945 3499 1039 3559 ceteri.
1065 3500 1216 3576 adgressus
1239 3496 1362 3569 itinere,
1381 3501 1420 3558 ita
1440 3499 1580 3560 Gruterus
1597 3522 1629 3560 cx
1655 3502 1746 3563 tribus
1767 3502 1944 3563 melioribus·

554 3613 664 3687 Eabric.
684 3580 750 3669 ben.
765 3632 789 3669 1.
811 3608 907 3667 Guelf.
923 3628 946 3669 ι.
962 3626 1006 3668 ιο.
1027 3604 1107 3663 Laid:
1120 3625 1147 3661 a.
1163 3604 1192 3661 d.
1206 3605 1227 3662 f.
1242 3625 1273 3661 11.
1294 3604 1354 3662 duo
1367 3604 1480 3663 Wassii.
1501 3606 1534 3664 in
1547 3605 1652 3665 itinere
1666 3609 1767 3667 ceteri.
1784 3627 1849 3686 orta
1865 3614 1942 3686 post·

543 3734 642 3795 'quam
655 3713 782 3793 glorioso
791 3715 882 3789 sacto
895 3718 981 3780 sunt,
1002 3727 1092 3786 neque
1110 3706 1177 3766 belli
1185 3706 1338 3786 'patrandi
1349 3706 1464 3787 copiam
1480 3710 1619 3788 cognovit
1637 3710 1679 3768 ita
1694 3709 1778 3771 Fabs.
1796 3732 1821 3770 1.
1842 3713 1941 3773 Viuan

554 3822 638 3883 Bern.
654 3820 682 3878 3.
703 3822 803 3879 Frano.
824 3818 908 3879 Vrat.
923 3800 947 3877 ι.
968 3810 1065 3871 Guelf.
1077 3830 1104 3894 a.
1115 3832 1145 3891 9.
1160 3832 1204 3868 ιι.
1233 3811 1318 3868 itaet
1337 3809 1449 3891 Berger.
1469 3812 1566 3875 Serrat.
1580 3832 1607 3872 a.
1627 3811 1727 3878 Hauu.
1750 3814 1886 3895 Guelb9.
1897 3832 1940 3872 to.

554 3927 610 3985 uisi
625 3922 705 4004 quod
718 3923 807 3983 modo
817 3919 987 4001 postfacto
1001 3924 1069 3975 srmt
1087 3914 1210 3973 addunt.
1229 3914 1594 3992 guemodoesanruu
1612 3920 1641 3988 4.
1662 3921 1751 3981 modo
1763 3922 1855 3998 foeta
1877 3924 1938 3980 sunt

554 4028 652 4091 Laide
664 4076 672 4095 .
683 4030 704 4087 f.
717 4028 736 4085 i.
748 4047 788 4083 m.
811 4044 874 4102 quae
883 4031 1036 4101 postquam
1049 4018 1178 4098 glorioso
1194 4019 1282 4078 morlo
1303 4038 1394 4096 neque
1406 4030 1460 4079 etc.
1481 4021 1548 4081 Seu.
1562 4042 1588 4081 ι.
1608 4020 1691 4082 Leid.
1702 4021 1773 4082 ab.
1787 4022 1819 4082 d.
1828 4045 1854 4084 e.
1868 4044 1895 4105 g.
1905 4019 1937 4081 h.

556 4134 584 4192 ln
605 4136 627 4191 b
640 4152 670 4196 n.
697 4131 784 4190 Aead.
812 4128 922 4190 Fabrie.
942 4146 973 4183 ι..
989 4125 1047 4185 inc.
1067 4120 1203 4191 berna,
1226 4120 1322 4182 Guelf.
1335 4123 1443 4205 3⁹4·sp
1456 4126 1544 4192 bar.
1573 4125 1690 4206 copiam
1708 4148 1770 4187 orn.
1789 4130 1892 4189 Vinar.
1911 4146 1933 4185 ι.

554 4236 634 4297 Laid.
650 4256 677 4295 a.
691 4233 721 4298 b.
734 4256 759 4293 c.
774 4254 800 4291 a.
813 4254 842 4313 g.
853 4252 893 4290 m.
913 4228 975 4286 Bas.
991 4247 1016 4286 ι.
1036 4225 1120 4289 Bern.
1133 4246 1158 4283 ι.
1179 4224 1248 4284 Τιιι.
1268 4224 1414 4285 moueret
1442 4228 1569 4301 Faber.
1588 4229 1693 4297 Fraus.
1704 4232 1785 4308 ,Naar
1802 4232 1932 4301 Palatini,

554 4342 691 4425 aliquot„
702 4356 773 4422 quos
787 4330 1038 4406 Ursinus-laudat,
1060 4330 1144 4398 Paris,
1161 4330 1191 4390 d·
1209 4329 1333 4418 gravior
1351 4331 1472 4403 flavere.
1483 4331 1573 4405 Led.
1593 4332 1662 4418 Τις.
1682 4334 1767 4397 Rem.
1779 4356 1813 4403 a.
1824 4401 1829 4407 ,
1840 4335 1929 4396 nasa.
