4050 5009
210 1265 226 1315 *l

315 1401 421 1498 Quos
440 1400 557 1475 libros
580 1402 618 1477 C.
637 1400 792 1505 Crispus
810 1398 993 1475 Salustius
1018 1398 1064 1473 de
1092 1396 1203 1473 rebus
1219 1398 1396 1474 Romanis
1421 1397 1609 1503 conscrip-

207 1523 273 1609 sit,
299 1523 489 1601 illustrare
512 1524 664 1599 animus
689 1541 751 1599 ert.
792 1526 903 1598 Hanc
922 1549 1004 1597 rem
1033 1539 1078 1595 ut
1106 1524 1354 1625 susciperem,
1388 1521 1533 1597 factum
1555 1540 1610 1597 est

207 1662 245 1719 et
263 1647 379 1751 ipsius
395 1649 587 1751 scriptoris
601 1648 822 1751 gravitatate
841 1664 880 1722 et
899 1647 1105 1749 elegantia,
1136 1672 1252 1755 quem
1269 1674 1398 1721 rerum
1416 1647 1603 1719 Romana·

206 1796 294 1843 rum
321 1768 629 1845 florentissimum
654 1786 849 1844 auctorem
876 1770 957 1873 ipsc
980 1768 1132 1843 Tacitus
1155 1770 1269 1859 dixit„
1303 1786 1341 1845 et
1375 1768 1607 1859 multorum,

204 1894 273 1993 qui
295 1891 424 1968 adbuc
441 1894 562 1997 Crispi
582 1893 690 1967 libris
707 1891 958 1967 emendandis
979 1908 1094 1994 atque
1115 1890 1349 1967 illustrandis
1364 1916 1518 1993 operam
1541 1890 1606 1967 de-

203 2014 365 2107 derunt,
386 2014 446 2091 vel
468 2015 634 2105 incuria,
651 2013 709 2089 vel
725 2041 841 2119 prava
859 2012 1067 2117 diligentia.
1095 2014 1330 2117 Quicunque
1345 2014 1448 2088 enim
1465 2014 1607 2089 Graecis

205 2154 320 2239 atque
332 2137 476 2212 Latinis
493 2138 610 2213 literis
630 2137 850 2242 diligentius
868 2136 1041 2225 student,
1066 2162 1127 2212 eos
1148 2164 1228 2211 non
1251 2136 1376 2211 solum
1396 2162 1605 2241 puerorum

205 2260 463 2364 iuvenumque
476 2262 623 2337 animos
644 2259 703 2335 bis
719 2260 853 2335 studiis
870 2259 1045 2349 formare,
1070 2258 1135 2334 sed
1160 2259 1327 2333 multum
1350 2260 1465 2333 etiam
1487 2258 1605 2335 studii

203 2407 401 2485 operaeque
432 2384 475 2458 in
503 2411 549 2458 eo
574 2410 715 2489 ponere
752 2398 922 2487 oportet5
956 2401 1002 2456 ut
1026 2381 1398 2483 praeclarissimorum
1433 2381 1604 2487 ingenio-

202 2532 291 2579 rum
316 2507 574 2581 monumentis
605 2506 788 2607 antiquus
820 2503 925 2577 nitor
958 2505 1188 2579 restituatur.
1237 2506 1319 2578 Hoc
1344 2502 1460 2607 magis
1487 2506 1603 2581 etiam

181 2629 469 2727 necessarium,
487 2628 593 2731 quod
610 2628 822 2702 etiamnum
839 2627 1050 2701 multorum
1070 2643 1270 2701 auctorum
1291 2627 1394 2718 libri,
1419 2628 1602 2733 interpre-

205 2767 287 2825 tum
320 2750 949 2840 emendationibus,coniecturis,
975 2750 1135 2851 aliisque
1167 2751 1391 2855 corruptelis
1421 2768 1512 2826 sunt
1537 2752 1601 2828 de·

202 2874 359 2979 prarati.
408 2874 453 2949 ld
478 2874 585 2977 quod
604 2902 695 2949 cum
713 2872 816 2961 aliis,
836 2890 921 2947 tum
942 2873 1104 2949 Salustio
1123 2876 1271 2951 accidit.
1304 2876 1439 2951 Libere
1461 2876 1600 2979 profes-

113 2998 119 3005 ’
170 3058 177 3067 .
200 3023 262 3071 sus
281 3022 383 3087 sum,
398 2998 502 3099 quod
516 2996 661 3091 sentio,
684 3022 811 3099 neque
829 3022 891 3073 me
909 2997 1096 3101 prestent,
1111 3015 1273 3101 quantu
1287 2999 1440 3075 invidia
1461 3016 1607 3105 tempe·-

200 3134 310 3194 states
331 3118 428 3195 mibi
442 3120 515 3195 sim
525 3119 772 3209 excitaturus,
791 3118 896 3221 quod
916 3119 1104 3210 virorum,
1125 3121 1172 3197 de
1191 3122 1308 3197 literis
1321 3126 1471 3225 optime·
1486 3126 1599 3200 meri-

201 3258 343 3333 torum,
361 3242 468 3319 laudi
490 3242 700 3318 obtrectare
720 3242 858 3318 ridear.
899 3242 1102 3341 Quantum
1126 3270 1218 3321 vero
1235 3246 1426 3349 prioribus
1445 3246 1600 3321 Salustii

200 3366 408 3441 editoribus
432 3366 682 3442 tribuendum
698 3367 765 3455 sit,
792 3392 926 3441 eorum
945 3366 1071 3442 solum
1093 3382 1148 3443 est
1171 3366 1375 3460 iudicium,
1404 3369 1472 3471 qui
1494 3368 1596 3446 hano

199 3515 280 3565 rem
290 3489 502 3565 accuratius
513 3490 791 3565 examinarunt.
814 3491 912 3565 Nam
926 3492 1000 3593 qui
1006 3490 1260 3593 antiquissimi
1276 3493 1460 3595 cuiusque
1472 3492 1601 3569 critici
1648 3528 1652 3535 ·

200 3612 422 3687 memoriam
445 3628 550 3687 tanta
568 3612 718 3717 pietate·
736 3628 852 3715 atque
876 3612 1058 3717 refigione
1078 3632 1372 3719 prosequuntur,
1398 3631 1443 3689 ut
1465 3641 1594 3693 omnes

199 3762 332 3810 eorum
354 3736 663 3821 commentarios,
691 3750 876 3837 tanquam
903 3762 1061 3813 summoe
1080 3736 1274 3842 sapientiae
1295 3737 1438 3828 sontes,
1463 3739 1594 3815 vendi·

200 3875 300 3948 tent,
324 3887 457 3935 eorum
478 3859 577 3937 lctis.
587 3873 643 3933 est
661 3857 881 3933 auctoritas..
920 3859 1098 3957 Quorum
1125 3860 1413 3939 obtrectationes
1446 3864 1488 3938 ni
1509 3863 1593 3940 vin·

198 3997 260 4057 cat
284 4008 414 4085 opera,
450 4009 570 4083 quam
596 3980 759 4055 Salustio
786 3981 945 4072 navari,
973 3984 1129 4060 nullum
1160 3985 1447 4089 vituperationis
1474 4012 1600 4092 genus

198 4129 336 4181 recuso.
359 4104 414 4180 Ne
428 4105 547 4209 igitur
567 4104 608 4177 in
622 4103 747 4206 pravis
766 4102 936 4179 aliorum·
953 4106 1200 4210 opinionibus
1215 4108 1425 4185 refutandis
1443 4126 1599 4215 tempus·

195 4244 408 4333 conteram,
432 4228 529 4331 quid
547 4226 783 4333 potissimum
807 4226 854 4301 iu
876 4225 952 4304 boc
981 4256 1094 4335 opere
1121 4248 1270 4307 secutus
1299 4232 1396 4323 sim,
1415 4250 1452 4307 et
1471 4260 1595 4336 quam

196 4350 381 4454 propositi
406 4350 568 4426 formam
598 4350 870 4452 descripserim,
899 4353 1112 4427 accuratius
1142 4380 1352 4457 persequar.
1400 4354 1593 4430 Omnium
