4050 5009
423 457 472 534 7².

420 635 464 690 ce
490 609 641 688 bellum
663 610 842 687 mutarit
877 608 978 686 Nam
996 611 1038 685 iu
1062 610 1149 717 fuga
1183 611 1344 688 salutem
1357 598 1534 716 sperare,
1559 631 1681 712 quum
1695 629 1816 680 arma.

422 736 511 841 quis
538 761 677 842 corpus
704 735 861 840 tegitur,
887 735 936 810 ab
957 733 1129 811 hostibus
1154 734 1350 824 aromatis,
1376 761 1419 810 ea
1443 760 1530 810 vero
1551 731 1741 808 dementia
1760 745 1819 805 est

422 861 579 964 Semper
601 860 644 935 in
666 859 799 964 praelio
822 885 1046 952 maxumum
1059 859 1117 934 ‘ost
1133 856 1368 962 periculum,
1393 857 1650 960 quimaxume
1671 855 1821 930 timent:

425 984 586 1060 audacia
620 1009 693 1088 pro
726 1008 840 1057 muro
873 981 1047 1058 babetur.
1088 982 1229 1081 Quum
1255 1007 1319 1057 vos
1349 981 1567 1071 considero,
1600 977 1758 1070 milites,
1787 991 1823 1053 et

425 1133 549 1210 quum
573 1104 673 1180 facta
695 1120 816 1180 vestra
838 1115 1025 1196 aestumo,‘
1039 1131 1177 1210 magna
1196 1131 1257 1182 me
1284 1128 1366 1210 spes
1384 1105 1550 1180 victoriae
1575 1119 1687 1178 tenet.
1734 1103 1825 1180 Ani-

426 1255 532 1322 mus,
557 1244 665 1319 aetas,
706 1229 829 1303 virtus
857 1244 978 1304 vestra
1007 1255 1069 1304 me
1097 1227 1324 1322 hortantur;
1355 1243 1536 1332 praeterea
1572 1225 1826 1318 necessitudo,

426 1378 515 1458 qnae
537 1351 655 1428 etiam
680 1351 832 1427 timidos
861 1351 969 1426 fortis
989 1351 1096 1426 -facit
1138 1352 1238 1426 Nam
1267 1350 1476 1427 multitudo
1500 1349 1669 1425 bostium
1688 1377 1738 1427 ne
1757 1351 1829 1427 cir-

427 1476 647 1553 cumvenire
664 1491 797 1577 queat,
823 1473 1031 1578 prohibent
1046 1476 1226 1581 angiutiae
1246 1475 1331 1551 loci.
1382 1473 1527 1572 Quodsi
1550 1471 1684 1548 uirtuti
1701 1492 1829 1551 vestre

426 1600 584 1676 fortuna
610 1598 811 1688 inviderit,
832 1614 979 1688 cavete,
996 1598 1113 1673 inulti
1134 1599 1303 1673 animam
1319 1598 1521 1691 amittatis3
1545 1623 1623 1672 neu
1640 1599 1744 1702 capti
1763 1627 1830 1704 po-
1959 1661 1960 1678 .

431 1723 524 1814 tius,
548 1721 661 1796 sicuti
679 1746 836 1824 pecora,
864 1721 1131 1810 trucidemini,
1156 1749 1274 1823 quam
1293 1723 1464 1796 virorum
1484 1749 1594 1826 more¹
1609 1741 1831 1832 pugnantes,
1959 1829 1960 1832 Ἴ

431 1861 633 1923 cruentam
649 1859 767 1947 atque
788 1844 1001 1918 luctuosam
1025 1845 1225 1920 victoriam
1246 1843 1417 1920 hostibus
1439 1845 1695 1946 relinquatis.”

326 1968 329 1972 ⁵
383 1991 422 2072 59
535 1971 627 2044 Haec
643 1968 712 2043 ubi
736 1967 850 2058 diuit,
875 1966 1096 2070 paullulum
1119 1983 1392 2058 commoratus,
1416 1969 1521 2072 sigua
1549 1982 1684 2045 canere
1710 1969 1818 2046 iubet
1826 2006 1836 2068 3

432 2111 549 2197 atque
572 2093 777 2167 instructos
795 2089 945 2165 ordines
964 2091 1007 2164 in
1025 2091 1153 2166 locum
1173 2117 1327 2194 aequum
1347 2090 1510 2175 deducit.
1546 2092 1666 2182 Dein,
1684 2095 1836 2170 remotis
1960 2105 1961 2124 ³

435 2217 612 2294 omnium
640 2214 766 2317 equis,
790 2232 869 2315 quo
895 2212 1103 2303 militibus,
1136 2231 1330 2316 exaequato
1360 2214 1548 2318 periculo,
1585 2215 1736 2290 animus
1758 2245 1840 2294 am-

434 2341 538 2446 plior
557 2353 666 2428 emet,
687 2338 766 2441 ipse
790 2335 903 2439 pedes
926 2335 1147 2425 exercitum,
1174 2363 1244 2438 pro
1268 2336 1351 2411 loco
1375 2353 1490 2439 atque
1510 2337 1649 2441 copiis,
1674 2335 1839 2422 instruit,

435 2467 555 2553 Nam,
574 2461 633 2536 uti
656 2457 835 2564 planities
859 2472 942 2533 erat
962 2457 1064 2536 inter
1088 2457 1257 2534 sinistros
1274 2475 1439 2550 montes,
1463 2475 1503 2536 et
1522 2461 1572 2535 ab
1593 2459 1725 2538 dextra
1744 2503 1842 2582 rupe

370 2723 375 2734 ·
435 2691 553 2756 Wassii.
572 2708 608 2749 eo
625 2705 699 2748 vera
717 2684 867 2747 umentia
883 2687 1052 2749 vetustiores
1063 2683 1190 2746 Grntsn'.
1210 2685 1290 2747 leid.
1309 2707 1335 2747 c.
1353 2687 1374 2748 i.
1394 2684 1429 2749 iis
1447 2707 1621 2749 maxumum
1640 2707 1742 2750 omnes
1757 2689 1844 2764 leid,
1962 2719 1963 2722 ¹

440 2797 528 2855 multi
546 2793 639 2854 Cottii
651 2791 730 2851 libri.
751 2789 797 2849 ho
814 2793 913 2870 plures
924 2788 1002 2849 libri.
1024 2788 1081 2851 ult
1096 2792 1155 2852 inc.
1169 2811 1196 2851 a.
1217 2791 1314 2853 Gusll.
1330 2811 1375 2854 ιι.
1395 2813 1562 2874 pronomen
1573 2813 1636 2853 om.
1654 2793 1717 2860 Bas.
1731 2815 1757 2853 ι.
1776 2794 1844 2854 Seu·

445 2921 471 2964 ι.
491 2897 596 2960 Frauc.
615 2895 703 2956 Fabr.
716 2905 811 2975 uterq.
838 2893 906 2954 Eoo.
927 2891 1026 2956 Guelf.
1037 2913 1065 2955 a.
1094 2904 1136 2956 cst
1150 2915 1211 2955 om.
1223 2895 1308 2957 bern.
1326 2901 1354 2961 3.
1376 2897 1423 2958 bis
1434 2899 1486 2977 qui
1502 2897 1564 2964 Bas.
1578 2919 1605 2963 ι.
1617 2899 1647 2958 3.
1659 2898 1687 2969 4.
1709 2917 1755 2958 mc
1772 2917 1844 2978 spes.

442 3023 490 3064 mo
508 3002 585 3062 delet
598 3001 683 3061 Rem.
700 3020 727 3059 2.
746 3002 849 3059 locum
867 2998 1011 3058 mutatio
1025 2995 1123 3058 Guell.
1137 3021 1166 3080 7.
1178 2999 1208 3060 8.
1229 3021 1274 3059 ιο.
1295 2999 1358 3060 Bas.
1372 3021 1401 3062 a.
1421 3003 1481 3063 inc.
1496 3023 1523 3067 ι.
1545 3023 1590 3062 mo
1600 3004 1760 3064 hortamur
1772 3023 1847 3084 pro-
1873 3074 1880 3084 .

443 3128 527 3170 nom.
547 3118 577 3167 ct
591 3104 653 3166 boc
668 3107 737 3164 loco
760 3103 877 3185 ignorat
902 3103 998 3164 Struv.
1023 3103 1056 3161 in
1079 3102 1143 3162 aliis
1161 3103 1352 3165 edmarus.
1375 3103 1533 3166 multitudo
1554 3107 1690 3167 bostium
1719 3105 1846 3167 bustim

443 3231 506 3274 om.
529 3211 615 3271 llem.
631 3228 658 3272 ι.
684 3226 738 3267 nos
755 3214 843 3285 queat
869 3204 952 3265 leid.
963 3204 994 3263 d.
1015 3205 1159 3286 anguem
1174 3199 1246 3267 lori.
1261 3205 1320 3267 loci
1331 3204 1410 3268 abest
1425 3229 1442 3268 a
1460 3210 1558 3270 Guell.
1572 3211 1603 3271 3.
1622 3211 1729 3272 uirtuti
1738 3222 1847 3272 nostre

442 3313 529 3376 Fabr.
544 3336 571 3375 a.
592 3312 690 3373 Gucli.
705 3331 751 3370 11.
771 3310 852 3389 quood
868 3308 896 3369 si
898 3309 984 3385 forto
993 3306 1101 3370 virtuti
1114 3293 1217 3392 plures
1227 3311 1314 3374 nivii.
1335 3321 1431 3373 cavete
1443 3334 1489 3378 nc.
1511 3335 1548 3374 ne
1563 3336 1623 3375 om.
1640 3313 1760 3376 Gom'm.
1779 3315 1846 3376 Nat.

445 3421 534 3480 Palat.
546 3420 576 3479 5.
596 3417 659 3476 Bas.
676 3437 703 3474 1.
731 3412 830 3473 Gucll.
843 3432 870 3474 ι.
883 3412 912 3483 d.
937 3413 1019 3472 Leid.
1031 3435 1058 3475 a.
1070 3412 1100 3474 b.
1112 3437 1138 3477 c.
1152 3414 1184 3475 d.
1198 3419 1219 3476 l.
1233 3435 1265 3481 n.
1284 3416 1469 3498 captipotuu
1482 3418 1519 3479 ab
1537 3420 1711 3482 unoWassii
1729 3423 1846 3482 exsulat

445 3523 607 3587 vitamne
626 3518 709 3580 leid.
727 3519 748 3578 i.
764 3518 793 3576 k.

513 3687 587 3769 Cap.
596 3689 646 3769 59.
666 3682 791 3747 dedrwz't
809 3681 877 3748 Eoo.
897 3681 1008 3745 deliine
1026 3685 1111 3747 llam.
1128 3709 1154 3748 ι.
1177 3688 1252 3748 dein
1271 3689 1442 3757 unusllirii.
1462 3690 1524 3752 Bas.
1541 3714 1567 3752 ι.
1585 3693 1656 3756 Tur.
1672 3717 1699 3762 1.
1716 3697 1850 3760 omnium

450 3795 538 3877 equit.
558 3792 693 3855 omnibus
709 3787 824 3853 Fabric.
838 3809 865 3848 1.
886 3787 982 3848 Guell.
997 3790 1027 3849 5.
1047 3789 1128 3852 Leid.
1137 3812 1164 3852 a.
1185 3811 1262 3853 unus
1278 3793 1392 3855 Wassii.
1411 3794 1480 3860 Tur.
1500 3818 1524 3861 ι.
1547 3817 1604 3876 qim
1614 3801 1760 3880 peditibus
1779 3807 1863 3884 plu-v

450 3921 496 3962 ια
507 3897 612 3963 Wassii
629 3906 658 3955 ct
674 3895 753 3955 Rivii
774 3891 854 3952 libri.
873 3891 1000 3972 amplior
1019 3903 1097 3959 mot.
1116 3904 1259 3956 esctom.
1271 3897 1368 3958 Gucll.
1385 3918 1412 3960 a.
1433 3899 1573 3962 maturuit
1593 3905 1703 3966 Franc.
1720 3906 1810 3968 Rem.
1826 3928 1851 3967 ι.

449 4007 510 4067 inc.
526 4023 554 4064 a.
584 4000 682 4062 Guell'.
693 3997 724 4069 l.
741 4017 786 4056 ιι.
804 3994 888 4056 Leid·
901 3995 923 4055 i·
936 4015 978 4054 m.
1005 3995 1277 4062 amttmmontae
1305 4011 1397 4068 ownt.
1412 4023 1473 4064 om.
1487 4005 1625 4067 Guclifi.
1645 4010 1731 4070 aab.
1749 3993 1851 4075 soon.

450 4108 537 4172 born.
555 4128 582 4166 ι.
603 4113 715 4164 montes
726 4110 755 4160 et
766 4100 844 4160 delet
855 4098 953 4159 Gncli.
964 4099 994 4171 4.
1013 4119 1035 4159 ιι
1046 4101 1154 4162 dcrtra
1173 4103 1234 4167 Bas.
1250 4123 1274 4163 ι.
1287 4105 1317 4175 4.
1337 4079 1421 4166 llam.
1434 4127 1461 4167 a.
1483 4129 1554 4191 rupa
1567 4129 1680 4192 amera.
1700 4117 1742 4176 iu
1757 4119 1853 4198 pluri.

452 4214 496 4272 mi
509 4221 539 4271 et
553 4209 659 4292 optimi
675 4205 770 4267 corui
783 4202 863 4263 libri.
881 4221 918 4264 ax
934 4201 1016 4262 leid.
1028 4223 1054 4264 o.
1064 4203 1085 4264 i.
1099 4203 1131 4270 h.
1144 4205 1172 4266 k.
1189 4209 1212 4267 Ι.
1230 4207 1322 4266 Mart.
1336 4221 1370 4276 a.
1391 4210 1462 4294 fleg.
1492 4234 1595 4294 mrem
1613 4235 1751 4298 oporam
1769 4221 1853 4282 Parin.

448 4317 484 4380 ι),
496 4315 579 4378 uid,
589 4333 621 4374 n.
631 4316 731 4395 plures
740 4307 867 4369 Gmteri.
890 4305 991 4378 nul.
1010 4325 1096 4388 nepos
1108 4327 1223 4390 soporos
1241 4311 1322 4374 Laid.
1341 4333 1368 4374 ο.
1382 4335 1430 4376 ιιι.
1444 4335 1501 4384 ιιι.
1520 4339 1604 4400 ιιφιι
1621 4341 1727 4404 capara
1744 4325 1853 4390 Manu·
