4050 5009
1548 420 1618 511 287

213 578 307 652 ²1¹⁸?
354 587 417 661 An
448 588 529 666 ulla
558 592 633 671 alia
655 614 767 702 putat
788 624 864 677 etse
886 598 1105 675 rudimenta
1131 615 1170 674 et
1196 596 1433 673 incunabula
1460 594 1625 687 virtutis,

210 698 366 797 quibus
385 711 505 788 animi
524 715 573 791 ad
593 720 722 825 gloriae
742 723 991 828 cupiditatem
1013 724 1197 799 aluntur?
1220 722 1291 797 Sed
1303 720 1462 795 minime
1479 719 1621 793 mirum

209 838 288 913 θεῖ,
317 830 446 909 Patres
459 844 681 948 conscripti,
706 846 737 921 si
754 844 888 939 homo,
913 848 982 951 qui
997 846 1149 923 desidiae
1166 873 1211 921 ac
1229 846 1390 921 luxurias
1412 843 1547 948 plenus
1559 840 1623 931 sit,
1699 876 1707 889 =

208 939 300 1022 haec
326 970 373 1027 ut
394 985 490 1037 nova
514 982 629 1069 atque
654 968 834 1045 inusitata
858 969 1031 1045 miratur.
1081 972 1178 1045 Nam
1208 970 1313 1071 quod
1339 968 1407 1043 ista
1441 967 1621 1041 inusitata

207 1070 327 1149 rabie
345 1084 564 1181 petulanter
583 1090 626 1167 in
650 1119 808 1169 uxorem
828 1098 929 1169 etin
953 1092 1075 1169 filiam
1099 1119 1224 1169 meam
1249 1092 1434 1181 invasisti,
1459 1116 1544 1194 quae
1566 1090 1622 1163 fa·

207 1193 332 1273 cilius
351 1207 527 1285 mulieres
548 1238 588 1288 se
608 1242 630 1289 a
648 1216 738 1291 viris
758 1217 1042 1308 abstinuerunt,
1068 1244 1185 1319 quum
1211 1232 1255 1291 tu
1273 1217 1333 1291 vir
1354 1238 1375 1289 a
1402 1214 1509 1307 viris;
1534 1213 1621 1287 satia

208 1314 334 1397 docte
355 1354 400 1403 ac
420 1334 541 1434 perite
564 1335 691 1412 fecisti.
728 1340 815 1414 Non
838 1340 942 1415 enim
964 1366 1026 1415 me
1045 1339 1398 1443 sperasti'mutuam
1421 1337 1490 1410 tibi
1508 1336 1622 1439 grati·

206 1466 277 1517 am
300 1448 534 1547 relaturum,
560 1476 607 1533 ut
624 1460 786 1537 vicissim
805 1478 890 1539 tuas
912 1464 1179 1568 conpellarem.
1221 1464 1329 1537 Unus
1352 1460 1455 1535 enim
1476 1460 1563 1533 satis
1583 1482 1621 1533 es

207 1574 388 1648 materiae
413 1574 580 1657 hahens:
614 1612 739 1690 neque
758 1587 966 1690 quicquum
993 1588 1145 1691 turpius
1175 1602 1229 1661 est
1257 1584 1360 1659 domi
1387 1600 1620 1686 tute,q11am

209 1704 267 1763 tu
311 1696 483 1776 Multum
504 1721 648 1784 terere
670 1710 802 1814 opinio
828 1710 947 1799 fallit,
980 1711 1049 1813 qui
1080 1707 1176 1783 mihi
1200 1734 1335 1813 parare
1356 1706 1498 1811 putasti
1523 1707 1620 1780 invi-

206 1812 324 1892 diam
345 1848 391 1896 ex
409 1852 492 1902 mea
511 1854 553 1905 re
571 1830 772 1908 familiari:
798 1858 885 1936 quae
903 1834 1027 1907 multo
1048 1830 1144 1909 mihi
1169 1832 1297 1906 minor
1315 1846 1386 1921 est,
1411 1856 1528 1933 quam
1551 1827 1621 1903 has
1663 1848 1668 1857 ‘

208 1937 309 2016 bere
327 1943 464 2050 dignus
490 1978 584 2029 sum.
623 1959 749 2058 Atque
767 1956 919 2030 utinam
943 1972 1125 2031 natanta
1157 1956 1314 2059 quidem
1337 1972 1447 2043 essct,
1474 1970 1618 2057 quanta

207 2081 287 2138 est:
315 2070 374 2142 uti
396 2073 523 2174 potius
544 2078 657 2153 amici
679 2080 753 2153 mei
769 2081 955 2171 viverent,
979 2108 1097 2183 quam
1128 2108 1196 2185 ego
1228 2078 1457 2155 testamentis
1487 2104 1619 2151 eorum

209 2182 449 2293 locupletior
469 2204 606 2274 essem!
644 2204 724 2307 Ego
746 2202 878 2308 fugax,
904 2208 941 2279 C
968 2204 1132 2279 salusti?
1167 2203 1304 2279 Furori
1326 2201 1472 2275 tribuni
1495 2198 1618 2302 plebei

209 2313 332 2387 oeoei:
356 2319 490 2395 utilius
508 2322 618 2413 dclxi,
644 2327 815 2428 quamvis
835 2326 1032 2402 fortunam
1054 2354 1155 2401 unus
1178 2325 1364 2429 experiri,
1390 2350 1507 2425 quam
1531 2321 1620 2397 uni-

209 2458 325 2511 verso
343 2444 488 2545 populo
504 2446 675 2524 Romano
694 2448 814 2524 civilis
829 2476 942 2525 essem
958 2450 1197 2525 dissensionis
1214 2472 1356 2527 caussa:
1374 2447 1461 2550 qui,
1475 2461 1619 2549 postea-

209 2584 337 2661 quam
357 2564 424 2641 ille
442 2592 555 2643 auum
573 2598 721 2647 anuum
742 2572 783 2649 in
801 2573 996 2677 republica
1012 2572 1288 2677 perbacchatus
1306 2586 1377 2659 est,
1404 2570 1618 2671 omniaque,

210 2710 308 2787 quae
328 2710 600 2783 commoverat,
625 2721 718 2798 pace
747 2711 786 2770 et
809 2697 887 2771 otio
912 2696 1150 2788 resederunt3
1181 2694 1257 2771 hoc
1283 2694 1417 2771 ordine
1444 2720 1619 2766 revocant-

213 2821 268 2898 ῑθ,
296 2829 412 2916 atque
438 2814 517 2918 ipsa
544 2815 740 2920 republica
765 2846 886 2899 manu
909 2818 1126 2896 retrahente
1149 2845 1230 2909 me,
1258 2818 1401 2892 reverti.
1443 2815 1521 2911 Qui
1547 2815 1619 2889 mi·

212 2928 258 3007 hi
279 2934 376 3026 dies,
399 2937 431 3011 si
455 2963 544 3014 cum
565 2941 671 3016 omni
691 2940 839 3045 reliqua
855 2942 933 3018 vita
949 2942 1187 3032 conferatur,
1206 2942 1335 3019 animo
1353 2940 1509 3043 quidem
1534 2964 1624 3015 meo-

213 3074 387 3161 superet,
411 3086 502 3137 cum
518 3063 684 3139 universi
696 3066 769 3139 'vos
788 3065 1031 3170 populusque
1052 3068 1243 3142 Romamn
1259 3064 1435 3167 frequens
1451 3062 1618 3137 adsuntu
1728 3080 1744 3095 “

215 3208 306 3256 meo
337 3186 548 3288 gratulatus
575 3202 637 3262 est
673 3188 788 3261 Tanti
812 3215 873 3264 me
891 3188 1082 3293 fugacem,
1107 3188 1385 3264 mercenarium
1408 3204 1616 3289 patronum

213 3308 462 3403 estimarunt
497 3312 628 3414 Neque
646 3308 802 3387 hercule
823 3312 966 3387 mirum
987 3328 1060 3403 est,
1086 3314 1116 3388 si
1140 3338 1207 3417 ego
1229 3336 1376 3415 semper
1395 3312 1509 3384 iustas
1535 3312 1643 3393 omfl

216 3431 331 3505 nium
346 3434 530 3507 amicitias
549 3435 766 3511 existimavi.
797 3438 883 3511 Non
905 3438 1010 3511 enirn
1025 3438 1095 3511 uni
1109 3436 1288 3539 privatim
1305 3435 1506 3509 ancillatus
1518 3459 1618 3521 sum,

219 3582 346 3659 neque
363 3584 425 3631 me
442 3556 597 3633 addixi:
620 3558 685 3634 sed
710 3576 900 3662 quantum
920 3560 1081 3663 quisque
1107 3559 1326 3663 reipublicae
1341 3557 1508 3649 studuit,
1533 3572 1616 3631 tan-

218 3694 301 3755 tum
324 3680 421 3755 mihi
438 3681 514 3759 fuit
533 3697 602 3757 aut
616 3682 760 3758 amicus
780 3699 848 3758 aut
867 3682 1054 3758 inimicus.
1093 3684 1171 3787 Ego
1189 3680 1290 3758 nihil
1313 3682 1399 3787 plus
1421 3680 1528 3756 volui
1554 3706 1616 3754 ra-

217 3904 296 3964 libri.
314 3904 436 3985 perusti
451 3923 497 3963 me
516 3904 596 3964 Laid.
607 3926 632 3965 c.
662 3905 858 3985 conpellerent
871 3905 953 3969 Laid.
969 3928 996 3964 c.
1017 3914 1080 3965 tuos
1094 3924 1186 3984 conrp.
1208 3904 1286 3968 Gud.
1307 3904 1410 3963 domui
1423 3914 1489 3964 tuoe
1505 3903 1616 3985 turpius

217 4006 279 4069 Bas.
303 4008 383 4069 leid.
398 4030 424 4068 c.
447 4009 570 4069 multum
583 4001 693 4070 vero'te
712 4010 798 4070 llam.
819 4008 870 4069 hc.
889 4008 951 4069 Bas.
972 4010 1079 4089 opinor
1090 4008 1161 4075 fulli
1179 4007 1294 4067 Leidc.
1314 4007 1511 4084 opinorsallit
1530 4006 1613 4075 lletn.

218 4114 268 4175 alc.
285 4113 516 4193 pururepotostf
534 4114 595 4175 Bas.
614 4114 697 4175 Laid.
709 4136 737 4174 c.
756 4114 833 4175 milti
851 4115 942 4175 multo
960 4114 1068 4174 minor.
1090 4114 1151 4172 Bas.
1181 4112 1215 4172 0.
1237 4111 1349 4171 Salruti
1368 4108 1428 4171 llas.
1451 4113 1615 4175 reciderunt

215 4218 293 4279 Gud.
316 4220 367 4279 Ac.
386 4217 447 4297 ipsa
462 4237 554 4283 manu
569 4240 600 4298 p.
619 4218 657 4278 lt.
674 4220 841 4280 retruloente
860 4218 935 4276 Cod.
956 4216 1151 4299 Oudendorp.
1171 4226 1370 4277 nutrimur-unt
1391 4216 1452 4276 Bos.

221 4322 293 4405 Cap.
308 4326 336 4395 4.
358 4322 488 4383 hercules
507 4323 574 4388 Bas,
589 4322 735 4383 onrr‘citios
751 4321 907 4383 acclamari
918 4322 981 4381 Bas.
1001 4330 1054 4381 aut
1069 4298 1181 4383 uniicru
1197 4330 1247 4383 (ud
1262 4320 1446 4382 adsertoriiu
1462 4322 1524 4383 Bas.
1544 4336 1619 4388 vett..
