4050 5009
1596 453 1642 601 7'5

233 705 375 780 simum
405 703 570 810 perfecta
609 719 670 778 est
689 698 863 782 ,Diversa
896 701 1057 806 quidem
1091 699 1284 777 facundiae
1311 717 1367 778 est
1396 701 1519 790 ratio,
1555 725 1643 804 qum

232 836 374 896 natura
409 819 525 924 magis
547 835 664 921 atque
697 818 851 926 ingenio
881 845 998 922 quam
1028 831 1112 891 arte
1146 817 1306 907 nititur,
1342 844 1460 920 quam
1484 816 1644 919 quidam

230 953 325 1012 sunt
356 935 548 1014 consecuti
568 935 651 1010 sine
667 933 866 1010 rhetorum
888 935 1043 1008 artibus
1082 933 1165 1008 Hoc
1184 932 1349 1008 libenter
1371 931 1555 1009 concedes
1577 931 1644 1008 sed

232 1050 337 1126 idem
357 1051 585 1140 contendes,
612 1051 828 1126 naturalem
845 1051 922 1125 vim
941 1047 1119 1142 dicendi,
1148 1075 1225 1152 qua
1249 1065 1288 1124 et
1313 1048 1439 1124 Gneci
1456 1063 1495 1123 et
1514 1047 1644 1123 Latini

230 1167 431 1272 scriptores
449 1166 651 1257 excellent,
676 1193 880 1268 nunquam
900 1183 982 1241 arte
1003 1191 1084 1240 non
1101 1164 1214 1240 fuisse
1227 1164 1458 1270 perfectam,
1483 1178 1522 1240 et
1539 1163 1644 1240 hanc

232 1285 283 1358 oh
308 1311 389 1360 rem
414 1283 653 1388 potissimum
683 1284 882 1387 praeclaros
908 1299 1024 1383 atque
1047 1281 1226 1356 omnibus
1254 1281 1426 1356 numeris
1454 1279 1649 1388 absolutos

232 1398 390 1476 illorum
409 1400 524 1473 libros
546 1399 683 1488 videri,
709 1398 814 1501 quod
831 1399 880 1473 ad
902 1399 1079 1474 eximiam
1101 1413 1217 1500 atque
1251 1396 1438 1471 illustrem
1463 1411 1645 1471 naturam

230 1515 423 1590 accesserit
445 1515 541 1590 ratio
551 1514 727 1618 qnaedam
746 1514 1076 1618 conformatioque
1092 1513 1285 1589 doctrinm
1318 1511 1392 1588 Sed
1414 1511 1498 1588 haec
1517 1511 1646 1589 hacte-

230 1656 305 1705 nus
325 1629 373 1706 de
393 1631 557 1706 nomine.
593 1633 685 1704 llem
705 1631 826 1734 ipsam
848 1631 953 1734 quod
978 1631 1133 1719 attinet,
1150 1627 1363 1705 cavendum
1378 1645 1452 1722 cst,
1467 1656 1533 1720 ne,
1559 1655 1646 1733 quae

230 1747 448 1821 enarranda
476 1763 512 1822 et
541 1745 773 1850 expedienda
796 1747 892 1836 sint,
918 1746 1159 1834 omittamus,
1183 1761 1222 1820 et
1248 1745 1318 1819 ubi
1343 1744 1527 1820 orationis
1554 1773 1645 1822 con-

230 1861 397 1937 cinnitas
422 1861 696 1936 humanissima
719 1862 930 1965 permulcet
951 1862 1127 1937 animum
1146 1861 1358 1964 voluptate,
1379 1877 1425 1935 ut
1439 1862 1573 1937 concio
1586 1887 1646 1937 so·

229 1977 305 2068 let,
327 1978 361 2053 si
383 1979 497 2055 verba
524 1993 613 2082 epte
633 1979 874 2070 ceciderunt,
899 1981 1012 2082 euge!
1037 1979 1149 2082 euge!
1182 1976 1443 2052 exclamemus
1465 1979 1645 2053 Horatia·

229 2121 328 2168 num
340 2095 455 2184 illud,
477 2095 534 2168 nil
554 2093 746 2184 admirari,
764 2094 879 2169 etiam
897 2091 1101 2199 philologis
1117 2119 1197 2169 non
1220 2092 1357 2167 ultima
1375 2090 1457 2167 laus
1474 2109 1538 2168 est.
1571 2093 1644 2172 Sed

230 2207 273 2284 in
296 2210 416 2314 ipsam
440 2209 593 2285 dicendi
607 2205 727 2284 artem
752 2209 1048 2312 inquirendum,
1072 2227 1111 2285 et
1132 2236 1292 2316 persona
1312 2207 1454 2315 judicis
1479 2208 1644 2286 induen-

229 2323 373 2415 deest,
410 2327 477 2427 qui
501 2325 601 2399 nihil
634 2325 792 2400 arbitrio
815 2341 854 2400 et
875 2325 1029 2401 incertis
1056 2325 1304 2430 opinionibus
1332 2325 1545 2428 relinquit,
1577 2325 1643 2400 sed

229 2439 360 2514 omnia
379 2441 493 2516 refert
512 2442 561 2516 ad
587 2442 682 2546 leges
705 2459 821 2543 atque
847 2458 1036 2546 praecepta
1058 2443 1158 2518 bene
1182 2441 1345 2549 dicendi.
1391 2441 1478 2516 Non
1506 2439 1643 2546 dubito

228 2553 311 2628 fore
329 2555 481 2647 multos,
502 2559 570 2660 qui
595 2558 670 2633 hoc
696 2559 846 2634 levioris
870 2558 1054 2633 momenti
1084 2584 1159 2634 esse
1190 2557 1431 2648 existiment,
1454 2556 1519 2631 sed
1543 2555 1642 2630 mihi

227 2685 267 2744 et
287 2669 558 2748 difficillimum
584 2691 621 2750 et
646 2675 906 2778 gravissimum
929 2701 1003 2748 esse
1023 2673 1181 2748 videtur.
1230 2677 1377 2748 Docere
1397 2672 1518 2763 enim,
1545 2672 1641 2775 quid

228 2781 270 2858 in
292 2787 478 2879 sensibus,
511 2791 607 2892 quid
642 2792 682 2864 in
715 2792 838 2866 verbis
862 2791 1128 2882 laudandum,
1153 2789 1348 2893 disputare
1372 2806 1554 2893 praeteree
1592 2788 1640 2864 de

229 2901 347 3004 tropis
375 2920 490 3004 atque
526 2907 689 3009 figuris,
726 2907 774 2982 de
823 2925 911 3011 apte
948 2907 1209 2982 membrorum
1243 2923 1360 3008 atque
1388 2932 1641 2981 numerorum

228 3019 525 3121 compositione,
549 3021 596 3096 de
622 3021 804 3098 orationis
820 3039 969 3110 ornatu,
1002 3023 1263 3098 concinnitate
1286 3039 1401 3125 atque
1421 3022 1566 3111 colore,
1592 3021 1640 3096 de

228 3132 399 3235 ipsorum
423 3138 653 3239 scriptorum
676 3138 837 3242 ingeniis
863 3139 1095 3229 existimare,
1121 3156 1177 3228 et,
1205 3164 1290 3241 quoe
1320 3137 1435 3212 totius
1457 3137 1639 3212 orationis

224 3249 276 3322 sit
303 3253 525 3342 oeconomia,
550 3271 725 3329 accurate
748 3271 863 3356 atque
885 3253 1087 3357 diligenter
1103 3254 1311 3343 illustrare,
1333 3253 1460 3327 nescio
1486 3279 1535 3326 an
1556 3278 1638 3328 non

226 3364 386 3440 minoris
406 3369 495 3440 artis
515 3369 564 3441 sit
584 3387 699 3472 atque
717 3369 880 3474 ingenii,
902 3396 1019 3472 ‹pnam
1044 3385 1131 3473 apte
1145 3386 1185 3444 et
1200 3370 1389 3444 concinne
1407 3367 1540 3443 dicere.
1566 3373 1637 3443 Ar-

228 3478 274 3552 tis
291 3478 408 3586 igitur
431 3482 645 3558 Rhetoricae
672 3484 768 3590 leges
793 3503 883 3560 sunt
903 3485 1140 3589 explica-ndat
1160 3501 1213 3574 et,
1239 3501 1286 3559 ut
1302 3485 1399 3559 benc
1422 3484 1636 3580 Quintilia-

225 3619 320 3682 nus,
340 3595 601 3673 artificialium
626 3601 812 3676 monendi
842 3601 1015 3705 legentes.
1049 3599 1210 3674 Plurimi
1240 3615 1372 3675 contra
1394 3600 1637 3704 interpretes,

223 3709 296 3881 ppi
319 3709 624 3814 interpretationi
641 3715 839 3792 rhetoricae
871 3741 1025 3818 operam
1039 3715 1151 3804 dant,
1178 3715 1225 3789 de
1255 3717 1451 3790 sententiis
1473 3716 1636 3793 maxime

253 3826 433 3909 rsputant
471 3814 543 3888 Sed
571 3819 742 3918 quamvis
769 3815 963 3892 laudanda
993 3831 1049 3889 est
1073 3816 1350 3890 sententiarum
1375 3817 1553 3919 gravitas,
1580 3834 1637 3891 ta·

221 3949 314 3996 rnen
343 3926 408 4026 qui
428 3927 548 4002 solam
573 3931 754 4014 orationis
774 3933 954 4007 virtutem
980 3931 1186 4005 sententias
1207 3947 1371 4034 putant,
1392 3930 1440 4006 de
1453 3947 1635 4035 praestan·

225 4037 375 4114 tissimis
394 4041 615 4119 Graecarum
637 4065 751 4153 atque
763 4048 988 4121 Latinarum
1002 4046 1200 4122 literarum
1218 4047 1476 4121 monumentis
1493 4073 1631 4148 parum

222 4171 325 4232 recte
343 4157 583 4262 judicabunt.

1114 4397 1141 4468 8
