4050 5009
951 288 984 312 N

381 379 454 470 stt

376 569 479 652 derit)
498 571 639 653 proelium
660 571 817 631 ascesin
837 585 929 650 regno
948 583 1008 628 sese
1028 581 1141 626 erasum
1164 585 1186 628 s.
1209 563 1341 626 numidae
1361 569 1469 648 'gerunt
1488 567 1569 632 beru.
1590 583 1685 652 egunt
1703 577 1737 638 in
1757 575 1789 640 b.

375 700 445 760 sup.
469 679 525 738 lin.
566 677 669 759 -57.-
687 678 749 758 rogi
770 695 856 757 egem
878 696 902 738 s.
932 671 985 735 sed
1001 693 1026 755 g
1045 693 1160 734 erasum
1181 693 1206 734 s.
1226 672 1298 734 dein
1320 673 1456 756 undique
1470 707 1513 726 -
1538 675 1590 754 (de
1610 681 1699 762 siguo
1719 681 1791 744 dato

376 785 448 864 lin.)
468 807 493 844 s.
513 783 653 864 praelium
673 803 699 842 s.
717 777 853 861 ‘sulphur
872 788 904 839 et
922 777 1028 840 taedam
1050 779 1175 840 mixtam
1195 777 1328 839 ardentia
1348 799 1374 838 s.
1406 801 1448 840 m.
1470 801 1518 861 pr.
1536 781 1588 843 sed
1608 802 1625 844 s
1644 803 1711 868 sup.
1732 789 1790 849 liu.
1829 787 1838 810 ⁸

378 901 409 952 st
428 912 446 950 a
466 909 645 950 emaum.-
664 883 800 946 ardentia
819 905 847 948 x.
868 883 985 945 ardenti
1004 885 1037 944 b.
1058 913 1074 928 ·
1086 885 1159 947 58.-
1179 883 1328 967 inrumpit
1348 904 1410 948 cre.
1432 887 1541 967 irrupit
1549 892 1580 948 b.
1602 891 1654 949 alii
1674 902 1791 954 armata

378 1007 480 1080 petere
497 1017 527 1058 x.
554 992 680 1055 fundere
699 989 917 1072 candoremque
937 990 1039 1071 fugare
1059 987 1090 1048 b.
1118 992 1278 1050 clamorem
1301 995 1347 1052 rel
1369 995 1534 1054 tumultum
1553 1013 1600 1058 xz.
1622 998 1791 1058 lacrumans

377 1123 425 1168 xz.
457 1105 618 1163 clamorem
652 1109 684 1160 et
718 1099 883 1158 tumultum
914 1093 964 1163 bc.
999 1093 1152 1156 officerent
1189 1107 1379 1174 properantes
1413 1103 1445 1160 b.
1496 1104 1600 1182 ·59.·
1640 1105 1685 1162 uti
1719 1123 1788 1183 sup.

379 1208 428 1268 die
448 1228 507 1270 css.
526 1207 598 1288 ipsis
617 1205 662 1265 ibi
684 1232 711 1269 ι.
731 1203 788 1266 sibi
805 1223 873 1286 sup.
893 1204 950 1262 lin.
971 1234 1013 1251 -
1039 1201 1184 1264 adrentus
1204 1204 1280 1284 regis
1301 1207 1332 1264 b.
1354 1203 1424 1264 dein
1446 1206 1503 1286 ipsi
1524 1212 1556 1269 b.
1577 1209 1687 1270 adversi
1707 1210 1791 1290 sequi

379 1332 539 1374 concutere
570 1316 618 1372 bx.
648 1311 794 1392 inplicare
820 1337 848 1374 z.
888 1309 987 1369 -60.-
1017 1311 1121 1370 calum
1153 1335 1182 1374 z.
1215 1310 1404 1371 remisserunt
1430 1332 1474 1372 cx.
1506 1316 1647 1394 praelium
1679 1342 1705 1380 2.
1747 1315 1792 1374 si-

323 1456 326 1461 ,
379 1425 442 1481 cuti
463 1447 489 1484 a.
517 1416 569 1479 sed
598 1416 641 1478 sic
660 1419 782 1499 punctis
810 1426 876 1478 not.
903 1437 923 1477 a
946 1416 1007 1476 suis
1035 1413 1133 1477 audiri
1161 1418 1205 1477 b..
1232 1415 1390 1478 difidentia
1412 1445 1439 1482 z.
1473 1419 1519 1478 illi
1548 1419 1649 1480 studio
1671 1447 1699 1484 a.
1735 1419 1790 1480 ad-

378 1527 487 1587 strictis
516 1513 553 1587 z(
567 1543 639 1584 cum
664 1522 812 1603 oppidani
839 1551 867 1587 a.
897 1520 1016 1584 adflicti
1043 1532 1137 1584 erant.
1162 1531 1231 1584 nent
1258 1543 1326 1604 sup.
1352 1525 1408 1586 lin.
1424 1551 1452 1588 z.
1491 1525 1594 1584 -61.-
1612 1544 1709 1608 nsque
1728 1525 1790 1586 Ju-

378 1629 519 1714 gurtbam
539 1630 599 1690 niti
619 1630 678 1688 nisi
698 1633 765 1693 box.
797 1631 832 1690 in
853 1656 882 1693 z·
904 1627 964 1690 ru'ti
983 1639 1014 1690 et
1034 1629 1093 1692 miri
1112 1650 1179 1712 sup.
1198 1631 1255 1690 lin.
1277 1639 1307 1690 et
1326 1629 1443 1690 insidiis
1463 1639 1516 1691 aut
1536 1628 1573 1688 de
1594 1649 1648 1690 suc
1668 1633 1735 1690 loco
1756 1635 1789 1692 b.

379 1739 469 1798 etiam
490 1745 618 1797 aetatem
637 1754 665 1803 x.
697 1736 836 1797 accersiri
855 1741 922 1802 bea.
956 1739 1066 1800 accersi
1086 1757 1115 1798 x.
1150 1755 1253 1798 eorum
1281 1735 1457 1803 stallorum
1478 1739 1564 1798 bcxz.
1597 1738 1683 1796 milia
1702 1739 1791 1802 bcxs.

379 1840 499 1923 argenti
516 1847 550 1901 in
570 1869 599 1905 s.
628 1862 697 1924 sup.
716 1843 771 1903 lin.
795 1845 939 1904 elefantus
957 1845 1057 1904 omnis
1078 1869 1106 1906 z.
1134 1850 1164 1900 st
1183 1859 1329 1922 equanam
1351 1850 1381 1899 et
1401 1859 1554 1902 armorum
1575 1846 1606 1906 b.
1628 1844 1674 1902 uti
1695 1849 1791 1922 jussa-

379 1960 427 2009 rat
446 1953 478 2008 b.
506 1953 619 2024 inssrun
637 1957 702 2008 erut
720 1968 788 2030 sup.
811 1950 867 2010 lin.
887 1981 929 1998 -
955 1969 1025 2010 cum
1047 1949 1180 2030 primum
1202 1975 1229 2012 z.
1258 1948 1401 2028 spoliatus
1431 1958 1476 2008 est
1500 1960 1590 2031 atque
1609 1950 1738 2030 pecnnia
1757 1951 1790 2011 b.

380 2052 454 2116 dum
473 2089 516 2106 -
535 2063 687 2118 vocaretur
706 2058 773 2116 ber.
806 2064 978 2116 evocaretur
998 2081 1024 2118 z.
1057 2055 1121 2134 ipsc
1140 2073 1240 2115 secum
1259 2057 1308 2119 bo.
1338 2062 1479 2136 reputans
1498 2057 1532 2116 b.
1559 2054 1703 2136 reputavit
1722 2076 1790 2137 sup.

380 2161 437 2224 lin.
456 2193 498 2210 ·-
525 2162 710 2242 nequiquam
738 2180 786 2224 12·
828 2159 929 2220 -63.-
957 2158 1021 2220 dcis
1050 2160 1129 2239 supli
1148 2163 1179 2224 b.
1208 2157 1265 2218 diis
1284 2178 1311 2219 c.
1341 2159 1433 2220 fretus
1452 2159 1498 2220 dis
1517 2181 1544 2222 c.
1575 2159 1633 2223 diis
1654 2163 1686 2221 b.
1717 2181 1790 2242 pro-

279 2327 286 2334 ,
378 2285 463 2350 spero
482 2276 662 2332 eventurae.
681 2266 800 2327 animus
820 2267 926 2348 ingens
945 2264 1018 2326 belli
1037 2268 1068 2325 b.
1089 2264 1176 2326 datus
1196 2277 1254 2326 est:
1276 2264 1412 2346 adpetere
1422 2270 1490 2331 bxz.
1510 2286 1582 2328 soce
1602 2267 1789 2328 consulatum

379 2376 496 2436 omissa.
523 2372 670 2435 trahebat.
695 2372 835 2434 tradebat
853 2392 919 2454 sup.
946 2371 1002 2432 lin.
1027 2398 1054 2434 z.
1085 2370 1190 2450 quouis
1218 2375 1262 2432 ita
1281 2391 1337 2453 pro
1363 2373 1439 2454 quin
1468 2373 1495 2434 is
1523 2373 1558 2432 in
1577 2401 1603 2438 za
1632 2375 1788 2456 scriptum.

378 2482 481 2553 -64,-
500 2481 603 2562 mirari
615 2481 749 2560 primum
768 2482 854 2543 berz.
874 2497 943 2540 ren.
964 2485 1024 2536 tam
1040 2499 1067 2538 c.
1088 2497 1126 2538 uc
1138 2497 1229 2558 super
1249 2479 1317 2544 fort.
1334 2482 1365 2542 b.
1387 2469 1608 2542 consultoribus
1627 2483 1747 2540 crassari
1761 2509 1789 2546 ι.

379 2590 523 2648 exercitus
543 2583 599 2644 sibi
618 2588 651 2642 b.
672 2581 700 2642 si
717 2601 784 2663 sup.
805 2585 861 2643 lin.
882 2605 910 2643 c.
930 2582 1065 2642 firmiora
1084 2581 1241 2644 videbatur
1262 2609 1290 2646 z.
1311 2584 1489 2644 festinantur
1509 2613 1537 2649 a.
1557 2585 1609 2646 sed
1631 2605 1654 2648 n
1672 2599 1789 2669 punctu

378 2701 446 2751 not.
485 2689 589 2754 -65.-
609 2686 820 2745 manastabalis
833 2687 884 2742 bx.
906 2684 1060 2744 scribserat
1075 2711 1102 2746 z.
1124 2688 1282 2763 paululum
1304 2688 1465 2750 imminuta
1478 2693 1545 2750 box.
1565 2689 1598 2752 Iu
1617 2694 1650 2752 in
1672 2719 1700 2758 z.
1720 2714 1787 2774 sup.

378 2798 434 2858 liu.
454 2793 705 2856 contumeliarum
725 2791 903 2872 imperatore
924 2815 953 2854 a.
971 2823 1014 2840 -
1033 2791 1111 2849 rib.
1130 2791 1218 2850 illum
1240 2791 1392 2876 ingentem
1412 2795 1529 2867 risum,
1551 2816 1670 2881 regem,
1692 2821 1790 2862 mme-

379 2904 459 2965 nisse
477 2923 539 2964 esse
558 2911 699 2983 nepotem
718 2902 751 2962 b.
776 2899 858 2978 pacis
876 2917 928 2979 spe
948 2901 980 2957 b.
1009 2896 1090 2975 pacis
1111 2917 1177 2976 spes
1198 2925 1225 2960 z.
1254 2899 1289 2960 in
1308 2899 1429 2961 Metello
1448 2900 1487 2961 de
1507 2901 1587 2964 bello
1608 2905 1742 2968 scribant
1762 2930 1789 2972 c.

379 3009 480 3090 plebes
500 3029 544 3067 cx.
564 3007 719 3067 manilium
740 3025 768 3068 c.
789 3003 965 3064 maurilliam
986 3006 1018 3068 b.
1040 3002 1159 3064 λ-66.-
1179 3001 1316 3066 affcctare
1335 3009 1367 3067 b.
1388 3007 1468 3084 alia,
1485 3029 1552 3090 quse
1569 3013 1638 3078 bcz.
1659 3011 1820 3079 adnuis*

380 3133 443 3174 exa·
463 3111 607 3173 Vaeenscs
625 3133 654 3177 x.
675 3129 813 3193 augenses
833 3110 1007 3169 camstellus
1030 3135 1057 3172 z.
1081 3128 1116 3170 cc
1136 3128 1201 3192 sup.
1223 3111 1279 3172 lin.
1299 3143 1340 3160 ι-
1365 3115 1470 3194 volgus
1490 3135 1537 3178 xz.
1559 3119 1743 3182 constituant
1761 3143 1791 3184 r.

378 3214 568 3278 ostentabant
587 3238 614 3277 c.
643 3215 785 3296 turpilius
805 3225 883 3295 tytus
901 3215 1038 3295 syllanus
1057 3218 1089 3273 b.
1118 3216 1258 3276 inermos.
1281 3245 1309 3282 ι.
1331 3219 1364 3276 in
1386 3221 1440 3279 tali
1460 3219 1527 3280 diat
1547 3243 1568 3280 a
1588 3235 1703 3303 puncto
1723 3237 1791 3289 not.

380 3349 410 3388 ι.
428 3356 472 3373 -
489 3325 563 3384 item
584 3325 686 3402 plebes
706 3321 788 3381 idem
806 3339 872 3399 sup.
892 3321 948 3378 lin.
970 3345 998 3382 a·
1031 3322 1132 3398 plebes
1152 3342 1178 3379 c.
1199 3323 1233 3381 in
1254 3323 1372 3383 civitate
1392 3325 1458 3404 quis
1478 3330 1507 3388 b.
1549 3331 1792 3414 -67.·'impro-

377 3431 441 3491 riso
462 3437 545 3488 motu
564 3431 595 3486 b.
618 3425 766 3504 trepidare
773 3447 784 3498 3
814 3443 911 3484 arcem
931 3426 1018 3486 berz.
1039 3425 1082 3482 ud
1102 3426 1256 3485 omissum.
1276 3461 1317 3476 -
1338 3449 1355 3486 a
1376 3430 1551 3492 fortissumis
1570 3435 1790 3503 infirmissumo

379 3536 480 3614 generi
501 3562 528 3597 z.
557 3531 683 3592 inbelles
704 3557 733 3596 a·
761 3531 890 3594 intactus
910 3529 1045 3612 profugit
1063 3550 1109 3596 xz·
1136 3543 1189 3592 aut
1207 3552 1278 3594 casu
1298 3554 1343 3598 xz.
1365 3535 1424 3595 nisi
1445 3535 1526 3618 quod
1545 3541 1577 3600 b.
1616 3543 1717 3604 .68,.
1736 3544 1792 3606 ubi

351 3646 355 3657 “
381 3636 418 3697 de
438 3639 524 3700 rebus
536 3645 567 3701 b.
589 3660 671 3722 vage.
693 3657 743 3702 cce
761 3658 830 3722 sup.
850 3639 908 3699 liu.
929 3665 959 3703 a.
978 3657 1048 3699 cunr
1070 3659 1129 3720 qua
1149 3637 1295 3721 gemebat.
1316 3639 1407 3722 isup.
1428 3641 1485 3704 lin.
1507 3669 1534 3710 z.
1554 3658 1673 3726 postero
1693 3650 1743 3712 die
1763 3679 1790 3720 ι,

380 3743 542 3822 planitiam
564 3751 596 3805 b.
619 3748 653 3806 in
672 3746 823 3826 quendam
844 3746 952 3825 plauit.
974 3773 999 3810 z.
1021 3746 1109 3805 etiam
1131 3744 1342 3808 abrecusantes.
1362 3746 1414 3808 scd
1434 3768 1501 3830 sup.
1522 3751 1577 3812 lin.
1600 3763 1632 3814 at
1649 3760 1791 3819 abnuan-

381 3850 418 3908 tis
438 3866 466 3905 r.
488 3848 600 3916 edocet.
618 3854 651 3909 b.
677 3852 781 3910 crectis
799 3871 829 3910 x.
849 3853 933 3912 mille
951 3871 1092 3933 passuum
1111 3856 1161 3918 bx.
1187 3855 1257 3916 illos
1278 3873 1356 3934 equo
1377 3855 1480 3914 animo
1500 3857 1651 3938 reliquum
1671 3867 1704 3923 b.
1724 3865 1790 3944 pri-

381 3974 433 4015 mo
453 3956 544 4014 latere
561 3958 629 4018 buz·
670 3956 770 4037 -69.-
788 3956 945 4038 Vagenses.
967 3977 1001 4019 cc
1022 3979 1087 4038 sup.
1109 3960 1164 4024 lin.
1186 3987 1214 4024 2.
1235 3961 1370 4020 animum
1392 3961 1541 4024 advortere
1559 3966 1628 4034 buz.
1649 3969 1789 4033 animum

379 4062 533 4124 advortere
551 4081 577 4122 o.
605 4080 725 4122 vorsum
745 4095 789 4112 -
806 4065 929 4146 volgum
941 4067 1018 4128 bra.
1038 4066 1083 4125 uti
1104 4076 1166 4128 erat
1185 4085 1229 4126 res
1250 4070 1335 4130 bcxs.
1358 4067 1446 4132 turris
1467 4089 1528 4132 cxz.
1549 4089 1614 4151 spes
1634 4074 1738 4155 praeda
1756 4083 1790 4141 b.

380 4168 472 4249 preda
491 4188 556 4249 spes
573 4187 602 4232 r.
630 4171 778 4248 oppulens
797 4171 848 4236 bz.
881 4189 999 4229 causam
1021 4170 1134 4232 edicere
1154 4174 1185 4230 b.
1211 4173 1486 4255 condemnatusque
1505 4193 1535 4242 x.
1563 4179 1598 4238 in
1620 4203 1648 4244 z.
1669 4200 1724 4259 que
1744 4203 1788 4244 m.

380 4291 437 4336 sec.
458 4272 583 4338 addidit
603 4292 638 4336 ea
656 4275 777 4338 collado
789 4294 834 4339 cx.
854 4275 888 4335 in
910 4301 938 4340 z.
959 4276 1016 4337 col.
1041 4298 1082 4344 m.
1102 4297 1160 4342 sce.
1178 4295 1245 4362 sup.
1264 4281 1323 4342 lin.
1343 4278 1490 4364 adpinsit.
1510 4302 1607 4365 ·7⁰··
1625 4289 1786 4352 exercitum
