4050 5009
366 409 441 480 580

364 624 432 662 rum
452 631 469 645 ·
487 621 523 662 cx
543 601 636 659 literis
650 632 665 643 -
686 617 732 657 ιο.
756 607 785 657 οι
804 593 919 677 egregia
941 604 993 653 tua
1012 595 1150 654 omittam
1167 625 1186 640 ·
1205 595 1296 654 finem
1309 595 1376 657 vitae
1394 593 1464 656 lecit
1490 625 1509 642 -
1534 597 1646 656 alienos
1669 594 1780 676 sdjnn·
1807 621 1811 644 ·

365 727 432 790 gare
442 740 460 754 -
473 707 657 785 pariuntur·
667 713 696 764 et
709 701 863 774 enitamini
873 731 892 746 ·
905 720 952 759 ιι.
963 695 1181 781 intellegebat·
1190 703 1224 759 in
1239 719 1334 759 unum
1343 700 1573 772 Ιοιιιιιοιιοιιιιιι-
1587 716 1634 763 ιι.
1647 705 1789 784 lineaque

365 813 485 893 imperii
502 810 643 871 constitui
661 840 679 856 -
695 827 768 868 vere
793 809 887 866 clares
906 792 1085 887 ·'·iurupcre
1106 837 1123 850 -
1152 809 1195 868 ri.
1216 806 1468 886 peratisconsiliis
1485 839 1504 854 -
1524 807 1588 887 quis
1601 809 1740 889 praecepit
1761 841 1780 856 -

330 933 342 944 '
359 933 574 998 quemcunque
591 923 711 994 possent
725 949 741 960 -
763 911 929 972 ambiundo
949 944 967 958 -
988 911 1035 982 ri.
1052 933 1083 990 p.
1100 931 1127 975 c.
1142 921 1225 990 peter
1240 929 1320 970 ruens
1336 911 1462 972 moriens
1475 945 1493 959 -
1518 914 1677 993 imperium
1691 920 1778 992 ejus·

365 1033 559 1104 cognatorum
582 1022 614 1079 iu
635 1018 772 1078 affinium
797 1020 898 1077 locum
917 1050 933 1063 ·
954 1035 1020 1096 quse
1038 1035 1106 1075 cum
1119 1025 1261 1097 precepta
1284 1017 1414 1096 parentis
1437 1019 1495 1076 mu
1510 1047 1525 1060 ·
1549 1021 1705 1080 masinissae
1728 1039 1776 1078 me

365 1137 506 1208 nepotem
527 1132 634 1204 etjam
654 1124 692 1183 ab
709 1127 800 1205 stirpe
816 1155 835 1170 -
853 1124 949 1182 nolite
970 1123 1031 1200 pati
1057 1141 1103 1180 me
1131 1131 1271 1202 nepotem
1301 1123 1452 1182 masinissa
1467 1157 1482 1170 -
1499 1119 1746 1206 Carthaginenses
1759 1154 1777 1171 ·
1805 1177 1806 1182 ,

364 1231 401 1291 Ει
414 1231 478 1292 ‘beu
500 1267 516 1280 ·
538 1251 640 1312 parem
661 1241 698 1290 tu
727 1251 795 1290 enm
820 1228 920 1288 liberis
942 1230 1001 1286 tuis
1022 1257 1041 1274 ·
1061 1224 1308 1308 Carthaginenses
1327 1229 1489 1288 incolomes
1508 1259 1525 1278 ·
1546 1231 1647 1289 omnia
1666 1231 1742 1291 lecta
1760 1261 1778 1276 ·

363 1335 462 1397 hostes
489 1339 635 1397 exlatere
653 1369 665 1383 ·
694 1337 807 1417 qnippe
828 1334 897 1416 qnia
917 1330 1010 1391 hostis
1031 1333 1184 1392 -sceleris
1205 1333 1334 1412 predam
1360 1335 1429 1394 lecit
1446 1366 1464 1382 -
1483 1333 1577 1395 isdem
1603 1335 1680 1395 dalis
1695 1368 1712 1381 -
1745 1337 1776 1394 in

365 1445 494 1522 imperio
513 1453 610 1506 vestro
627 1443 711 1501 sicut
732 1439 790 1519 (his
810 1440 843 1499 in
860 1438 956 1500 serbis
973 1438 1083 1498 desinit
1101 1437 1172 1520 dag.
1189 1459 1258 1520 pag.
1281 1439 1346 1498 ιι8.
1364 1459 1433 1520 pag.
1455 1459 1520 1520 ¹¹9·
1539 1439 1646 1518 incipit
1660 1438 1731 1523 Jng.
1749 1462 1775 1499 ι.

362 1547 542 1628 probitatem
556 1579 569 1592 ·
590 1557 663 1607 artes
672 1546 770 1607 bonas
784 1581 799 1591 -
823 1541 975 1604 diffluxere
992 1576 1010 1591 ·
1034 1554 1144 1604 actores
1165 1563 1232 1625 sup.
1254 1546 1308 1604 lin.
1331 1543 1453 1604 lectores
1476 1579 1492 1590 -
1520 1547 1673 1627 multaque
1689 1547 1775 1606 eliam

287 1658 295 1664 '
364 1653 530 1733 periculosa
548 1685 568 1700 -
590 1673 682 1735 genus
712 1651 870 1712 hominurn
901 1685 917 1697 -
947 1650 1122 1729 (hwnarnam
1143 1649 1352 1732 emendatum)
1375 1669 1499 1731 corpore
1520 1662 1549 1710 et
1572 1653 1673 1711 anima
1698 1663 1740 1712 est
1757 1683 1776 1696 ·

359 1755 403 1815 ad
426 1755 485 1817 hoc
506 1790 523 1804 ··
546 1759 708 1838 omniaque
730 1769 794 1817 orta
815 1792 831 1802 -
859 1757 1024 1839 agitateque
1054 1755 1143 1815 babet
1171 1787 1190 1804 -
1213 1738 1341 1832 amplius
1360 1754 1444 1813 aliud
1469 1786 1488 1802 -
1511 1767 1620 1816 memet
1643 1755 1775 1817 studium

364 1883 465 1921 mcum
484 1861 634 1920 laudando
654 1864 792 1922 extollere
810 1893 829 1907 ·
847 1861 975 1940 proinde
989 1862 1073 1938 quasi
1094 1889 1112 1903 -
1129 1859 1187 1916 tale
1204 1856 1330 1937 proinde
1349 1861 1465 1918 radone
1480 1855 1628 1921 hebentes
1643 1895 1659 1909 -
1680 1873 1776 1923 tune-
1811 1861 1822 1876 ⁸

364 1965 486 2024 initium
504 1963 656 2043 expediam
682 1997 697 2014 ν
716 1986 733 2023 s
752 1963 859 2044 publio
879 1997 894 2009 -
917 1965 1025 2022 lecerat
1041 1962 1173 2020 facinora
1192 1993 1211 2008 -
1229 1962 1317 2024 silace
1336 1995 1355 2010 -
1380 1966 1503 2045 uitaeque
1524 1970 1586 2044 ejus
1603 1965 1674 2026 linis
1695 1967 1795 2029 idem·

367 2070 427 2130 fuit
438 2101 454 2116 ·
469 2067 541 2128 dein
556 2067 679 2148 micipsa
694 2097 713 2114 ·
724 2065 915 2126 mastanahile
924 2097 941 2112 ·
949 2065 1114 2147 absumptis
1123 2101 1139 2112 -
1150 2087 1212 2128 non
1223 2086 1253 2127 se
1261 2069 1343 2128 luxui
1356 2101 1372 2114 -
1380 2079 1411 2129 et
1419 2059 1579 2130 minimum
1592 2104 1608 2117 ·
1616 2074 1775 2153 oportuni·

366 2189 410 2237 tas
421 2209 439 2223 -
453 2176 539 2235 lacilc
554 2194 622 2234 eum
640 2191 813 2234 omasumm
828 2173 955 2250 praefecit
967 2205 979 2216 ·
991 2175 1058 2251 quis
1072 2172 1158 2232 rebus
1172 2207 1188 2218 -
1201 2169 1288 2232 nothi
1297 2183 1386 2254 atque
1394 2172 1510 2269 nobiles
1519 2209 1535 2221 -
1545 2195 1598 2246 sue
1608 2179 1734 2258 pecnnia
1745 2187 1776 2240 et

316 2287 319 2292 '
365 2285 494 2361 ipsum·
511 2301 626 2342 summa
638 2280 770 2340 nitemur
782 2300 867 2360 ope·
882 2277 938 2338 tihi
952 2276 1074 2358 quidem
1086 2279 1433 2361 nostra-intellegent·
1449 2301 1494 2347 ιο.
1508 2301 1609 2344 earum
1624 2303 1708 2343 esse-
1722 2305 1775 2344 ne·
1866 2345 1868 2348 ,

365 2407 469 2467 qneea
482 2407 526 2447 res
547 2421 565 2435 -
585 2400 636 2448 tue
659 2421 675 2432 -
695 2388 826 2446 ibelnora
847 2407 913 2469 sup.
939 2387 997 2450 lin.
1021 2421 1036 2432 ·
1055 2385 1167 2447 alienos
1181 2391 1362 2469 conjungere
1384 2418 1402 2434 ·
1425 2389 1527 2468 paucis
1549 2401 1616 2470 post
1633 2379 1739 2450 diebus
1759 2421 1774 2440 ·

241 2484 247 2497 ’
364 2513 408 2552 res
428 2493 501 2570 jacit
521 2525 540 2538 -
562 2493 650 2551 illum
672 2493 765 2553 tribus
784 2497 927 2574 proximis
948 2496 1034 2554 annis
1058 2525 1077 2542 -
1096 2495 1204 2556 ri.sed
1221 2494 1308 2552 illum
1330 2493 1424 2554 aliurn
1443 2525 1459 2540 -
1480 2497 1588 2574 paratis
1608 2495 1741 2556 consiliis
1756 2525 1776 2543 ·

364 2598 430 2675 quis
444 2601 583 2684 precepit
594 2629 612 2642 -
626 2615 801 2675 quecunque
813 2612 934 2675 possent
950 2601 1110 2679 largiundo
1127 2598 1353 2659 -ambiundo-
1372 2600 1417 2670 ri.
1430 2601 1589 2680 imperinm
1606 2609 1694 2681 ejus·
1707 2622 1774 2662 rna-

364 2700 465 2758 slnisse
489 2718 538 2755 me
555 2708 736 2775 nepotem-
762 2697 814 2754 sed
843 2716 877 2755 ea
900 2703 969 2756 si·
991 2701 1225 2780 Cartaginensi·
1247 2706 1311 2780 pati
1335 2721 1382 2761 me
1407 2713 1546 2784 nepotem
1571 2707 1736 2768 massinissa
1755 2740 1776 2756 ·

367 2803 572 2863 delortunatus
590 2801 759 2861 arumnis·
741 2799 1061 2883 -ssarthagincnses-
1071 2807 1114 2882 (ct
1134 2803 1256 2880 iterum)
1277 2805 1471 2867 incolomes·
1456 2811 1597 2892 ·quippi
1619 2812 1719 2908 quis·
1706 2813 1774 2873 -ia·

364 2909 433 2969 dem
455 2907 567 2968 dolis·
592 2907 708 2967 domo
697 2927 820 2987 inopem
847 2919 877 2968 et
897 2918 1108 2988 coopertum·
1089 2905 1192 2987 -(hic
1210 2911 1286 2971 alter
1303 2883 1414 2974 codex
1414 2913 1520 2974 desinit
1537 2927 1566 2976 et
1583 2919 1693 2999 incipit
1708 2937 1773 2978 mr

363 3037 413 3074 sus
422 3016 505 3094 prior
519 3016 552 3072 in
566 3013 733 3092 verbisque
741 3033 829 3093 supra
843 3012 989 3073 laudari-
1001 3011 1235 3090 bascanorum,
1256 3035 1320 3096 que
1332 3032 1498 3099 sequuntur
1508 3020 1632 3104 pessime
1641 3035 1754 3084 exarata
1762 3045 1772 3098 ι

270 3143 278 3157 2
363 3120 454 3199 igitur
466 3115 528 3176 haee
537 3137 554 3174 a
563 3112 682 3176 librario
692 3137 846 3198 perperam
858 3117 1002 3194 confusa.)
1016 3119 1115 3178 misen
1105 3115 1223 3182 effecit
1234 3153 1249 3164 -
1263 3125 1357 3182 tocius
1369 3154 1389 3170 ·
1402 3123 1440 3184 ab
1456 3126 1596 3208 jugurtha
1606 3129 1639 3187 in
1654 3149 1771 3208 erucem

364 3221 448 3281 acti·
462 3221 624 3285 incolumia
641 3253 654 3268 ·
669 3223 741 3280 mali
763 3223 914 3283 accidisset
930 3223 1139 3286 -Nationesne
1159 3243 1239 3308 neges
1255 3259 1274 3275 -
1293 3229 1413 3290 lomene
1429 3233 1555 3293 mutarit
1570 3233 1641 3294 -dis
1660 3268 1676 3279 -
1693 3253 1773 3317 opu-

362 3327 437 3386 lenti
450 3355 466 3370 ·
479 3326 581 3384 omnia
593 3328 669 3385 ercle
682 3323 721 3384 ba
741 3336 770 3385 et
785 3327 953 3387 obedientis
963 3363 979 3373 -
995 3330 1136 3390 latieare·
1150 3339 1243 3412 aput·
1253 3334 1339 3394 atille
1356 3367 1373 3380 ·
1388 3336 1531 3397 celeribus
1544 3339 1604 3399 suis
1616 3359 1702 3400 verox
1711 3373 1727 3386 -
1737 3343 1771 3402 iu

363 3449 455 3512 regno
482 3433 634 3490 consulam
664 3463 680 3474 -
698 3429 842 3490 ·licnissct
871 3428 1012 3492 honestus
1039 3436 1130 3495 exitus
1163 3447 1235 3498 esset
1255 3469 1269 3484 ·
1298 3439 1342 3517 (in
1367 3441 1427 3499 line
1448 3443 1591 3504 orationis
1605 3444 1769 3510 Atherbalis

366 3538 460 3594 nauita
473 3531 645 3616 peccata)·
630 3537 708 3597 ·.ri
730 3537 947 3617 nequivisset·
928 3542 1102 3600 -extollere
1121 3542 1287 3602 laudibus·
1309 3544 1558 3608 aemiliusseaurus
1578 3549 1630 3627 (ita
1639 3554 1771 3631 plerum-

363 3657 421 3714 qne
440 3643 631 3717 praenomina
646 3642 816 3721 exarata)-
800 3645 985 3722 -impier·
1006 3645 1143 3748 gallidi-
1164 3657 1194 3707 et
1209 3645 1315 3706 dum'
1305 3670 1340 3708 ιιι
1358 3662 1463 3711 senatu
1483 3665 1625 3732 potens-
1640 3675 1772 3738 geres-

363 3737 460 3799 cho·
491 3744 522 3799 in
550 3757 632 3822 parte
658 3748 742 3806 tertia
763 3749 884 3806 alricum
907 3769 1071 3827 posuere·
1056 3749 1188 3812 h-onus
1215 3757 1337 3831 pecori,
1356 3755 1455 3817 arbori
1481 3757 1692 3822 infecundus·
1718 3764 1770 3843 qni

364 3845 440 3924 regis
462 3840 630 3922 hiempsalis
656 3848 753 3907 dicam
769 3854 884 3922 (cetera
909 3853 1063 3931 omissal-
1092 3855 1137 3916 ιθ.
1157 3856 1260 3934 quis-
1284 3878 1343 3939 qua
1368 3879 1426 3920 nox
1444 3874 1595 3943 coegerat,
1614 3864 1694 3928 sedes
1716 3864 1771 3926 ha·

362 3949 509 4010 bebant·
528 3947 743 4007 mundundi-
724 3958 943 4015 -commercio
965 3957 1200 4037 prohibebant·
1230 3960 1261 4022 hi
1286 3983 1413 4042 perste-
1435 3977 1646 4048 temptantes
1674 3993 1769 4032 nram-

364 4058 474 4135 palia-
457 4053 610 4114 --Nomo
623 4056 772 4117 numida·
790 4079 836 4136 ¹9·
852 4070 881 4119 et
898 4062 987 4121 aliis·
971 4063 1146 4144 -cupidis(
1130 4066 1185 4138 (ite
1204 4087 1244 4125 m.
1255 4067 1313 4147 pr.)
1332 4069 1564 4150 primaeuiere-
1586 4079 1771 4159 cartaginen-

361 4162 440 4218 sis·
421 4163 713 4222 -manretania‘m-
735 4179 783 4222 ao.
804 4164 991 4224 decessere·
1016 4173 1194 4230 convertit·
1218 4171 1320 4234 dolore
1340 4187 1550 4255 permotum·
1577 4181 1683 4265 Itaque
1705 4203 1768 4246 non

361 4264 407 4318 uti
420 4283 487 4321 com
505 4265 613 4345 praeda
632 4287 714 4327 secus
727 4289 767 4329 sca
762 4267 838 4334 &nn
858 4287 921 4330 non
931 4269 1010 4333 bene
1025 4271 1144 4356 singula
1158 4274 1245 4338 rerba
1258 4277 1399 4361 disposita
1422 4299 1478 4342 esse
1493 4283 1632 4348 videntur
1640 4326 1652 4360 ,
1671 4307 1768 4371 neque
