4050 5009
1591 422 1639 499 29

230 612 342 698 Quem
364 608 427 671 Cn·
446 599 628 689 Pompeius
647 598 780 665 victum
803 600 1009 681 captumque
1035 589 1226 677 interfecit,
1249 610 1290 657 ac
1308 594 1439 681 recepit
1457 593 1643 682 Hispanias

229 716 365 785 decimo
383 712 457 777 scre
478 728 588 793 anno,
608 725 713 791 quam
727 711 875 789 creptum
891 709 965 768 crat
983 696 1172 783 bellum.⁰)

316 822 445 889 contra
462 816 798 904 fugitivorumque,
819 813 906 875 duce
927 811 1049 875 crasso
1068 826 1124 872 res
1144 805 1236 871 bene
1256 814 1429 893 gestaest.
1468 809 1572 889 cujus
1590 810 1641 877 le-

228 924 344 1013 legato
359 923 530 991 Mummio
547 920 710 988 audacius
718 922 835 984 hostes
849 929 1021 1003 aggresso,
1038 933 1117 980 cum
1127 911 1257 978 milites
1265 913 1406 993 abjectis
1424 915 1530 979 armis
1542 914 1643 980 autu-

229 1031 375 1119 gissent,
395 1030 499 1095 unius
524 1026 676 1095 cohortis
700 1024 875 1091 decimum
897 1039 1071 1104 quemque
1105 1026 1196 1085 sorte
1218 1022 1264 1083 ad
1285 1019 1496 1105 supplicium
1513 1021 1643 1087 lectum

229 1156 328 1205 more
354 1136 501 1201 militari
526 1130 708 1199 interfecit·
727 1136 763 1195 et
787 1125 935 1212 priscam
965 1124 1159 1210 duciplinc
1184 1124 1399 1191 severitatem
1412 1124 1643 1211 restituit.⁰⁸)

230 1245 321 1307 'lum
341 1244 560 1327 Spartacum,
584 1256 647 1323 per
671 1232 858 1299 Lucaniam
881 1235 927 1296 ad
949 1250 1044 1299 mare
1061 1239 1306 1318 properantem
1326 1230 1406 1317 ⁰⁰⁰)
1433 1242 1584 1317 secutur,
1603 1232 1643 1297 in

310 1560 347 1645 θ)
367 1560 441 1627 Lis.
459 1562 548 1650 Epit.
568 1562 683 1629 XCVI.
701 1560 778 1627 val.
808 1562 898 1625 Max.
922 1560 980 1625 IX.
1010 1562 1058 1625 sd.
1078 1574 1109 1638 4.
1130 1559 1221 1624 Plut.
1245 1558 1364 1645 Pomp.
1390 1576 1441 1625 no.
1467 1558 1644 1623 sertore.

232 1670 282 1733 26.
303 1685 352 1749 ²7.
372 1666 519 1753 Appian.
539 1668 583 1733 de
600 1666 703 1733 bellis
723 1664 795 1731 civ.
818 1668 845 1731 1.
874 1672 943 1731 11³.
971 1683 1038 1743 ¹¹4·
1055 1668 1132 1733 115:
1150 1667 1242 1731 Flor.
1260 1668 1322 1731 111.
1337 1681 1387 1730 aa.
1408 1663 1534 1748 quide
1555 1662 1645 1730 belli

230 1771 302 1837 fine
323 1772 372 1837 ita
389 1774 552 1859 exponit:
578 1772 679 1843 Victo
705 1772 894 1855 deditoque
909 1774 1102 1858 Perperna,
1128 1760 1219 1858 ipsse=
1234 1791 1374 1856 quoque
1390 1772 1430 1835 in
1449 1772 1645 1833 Romanam

229 1876 336 1945 fidem
357 1899 482 1945 venere
503 1880 606 1945 urbes
633 1862 739 1962 Osca,
758 1880 915 1963 Termes,
935 1877 1056 1964 Tutia,
1075 1878 1250 1967 Valentia,
1271 1878 1417 1943 Auximo
1441 1885 1475 1941 et
1495 1874 1642 1942 infame

229 1983 323 2047 nihil
346 2006 420 2050 non
449 1994 586 2071 experta
610 1984 798 2073 Calaguris.
828 1985 984 2051 Victores
1013 1988 1116 2050 duces
1145 1994 1324 2051 externum
1348 1982 1388 2048 id
1407 1979 1517 2070 magis
1537 2000 1643 2064 quam

200 2171 207 2189 Ι
231 2088 335 2154 civile
348 2090 482 2155 bellum
494 2091 608 2158 videri
621 2091 806 2157 voluerunt
810 2132 821 2167 ,
837 2097 875 2153 ut
890 2089 1178 2175 triumpharent.»
1190 2090 1251 2154 cfr.
1266 2092 1365 2153 Oros.
1374 2092 1416 2154 V.
1431 2091 1645 2164 23.,Postro·

232 2210 291 2253 mo
308 2191 382 2273 ipse
403 2193 572 2253 Sertorius
587 2196 620 2251 X
637 2199 777 2255 demum
797 2214 890 2259 anno
907 2196 995 2256 belli
1011 2193 1175 2264 inchoati,
1186 2194 1321 2274 iisdem,
1337 2193 1466 2272 quibus
1480 2201 1514 2255 et
1526 2190 1644 2254 Viria-

230 2295 330 2378 thus,
350 2314 491 2359 suorum
515 2292 607 2357 dolis
622 2290 844 2371 interfectus,
864 2290 969 2354 finem
979 2293 1076 2356 bello
1092 2292 1191 2373 fecit,
1211 2291 1446 2372 Romanisque
1462 2294 1644 2359 victoriam

230 2396 307 2464 sine
320 2396 435 2484 gloria
446 2396 555 2482 dedit,
577 2398 734 2479 quemvis
748 2398 957 2481 Bcrpernam
966 2374 1175 2481 'posteapars
1193 2396 1266 2474 ejus
1279 2394 1569 2465 exercitussecuta
1578 2401 1641 2481 sit,

231 2502 295 2585 qui
309 2502 506 2588 aPompcjo
524 2498 635 2569 victus
655 2523 733 2567 cum
751 2501 912 2569 universo
930 2496 1082 2567 exercitu
1101 2520 1164 2567 suo
1182 2500 1384 2567 interfectus
1403 2514 1462 2569 est.
1483 2504 1641 2571 Civitati-

230 2604 297 2671 bus
311 2628 390 2674 vero
408 2608 539 2674 cunctis
552 2607 646 2673 ultro
663 2628 702 2671 ac
720 2602 795 2673 sine
809 2627 908 2673 mora
924 2627 987 2693 per
1004 2605 1218 2673 deditionem
1231 2600 1390 2693 receptis,
1413 2611 1490 2677 duae
1507 2619 1643 2675 tantum

231 2715 448 2799 restiterunt,
474 2717 541 2779 hoc
569 2722 619 2782 est
647 2716 780 2779 Uxama
806 2723 841 2781 ct
869 2714 1065 2802 Calaguris;
1091 2736 1239 2798 quarum
1269 2719 1438 2781 Uxamam
1457 2720 1643 2803 Pompejus

232 2820 371 2905 evertit,
385 2817 582 2908 calagurim
600 2818 780 2903 Afranius,
796 2816 875 2908 jugi
889 2820 1074 2886 obsidione
1091 2816 1300 2904 conlectam,
1319 2830 1423 2901 atque
1436 2826 1481 2886 ad
1498 2824 1646 2889 infames

234 2944 325 2991 escas
346 2926 541 2991 miseranda
564 2927 685 3011 inopia
706 2935 877 3009 coactam,
896 2923 1021 2987 ultima
1040 2926 1133 2983 caede
1152 2922 1385 3001 incendioque
1402 2921 1563 2989 delevit.»
1583 2926 1645 2991 cfr.

236 3026 312 3093 val.
330 3030 420 3089 Max.
440 3026 515 3091 Vll.
535 3031 565 3087 6.
584 3031 615 3085 3.
636 3030 785 3085 externa.
805 3022 964 3083 Ceterum
983 3020 1137 3100 Vellejus
1153 3024 1197 3086 11.
1219 3027 1270 3088 30.
1287 3025 1479 3091 Sertorium
1496 3030 1646 3098 Etoscoe
1732 3041 1737 3054 ·
1846 3012 1849 3022 ’

234 3130 482 3215 interemptum
508 3148 580 3193 esse
600 3126 722 3209 tradit,
744 3126 806 3188 ubi
822 3123 972 3193 editores
993 3124 1057 3190 alii
1079 3124 1204 3211 Oscoe,
1223 3128 1288 3191 alii
1309 3130 1464 3215 Ileoseoe
1482 3142 1645 3204 emenda-

233 3245 327 3304 runt.
349 3235 410 3301 cfr.
430 3238 508 3300 Nol.
533 3231 715 3298 Variorum
736 3233 781 3293 ad
804 3231 840 3295 h.
858 3226 883 3291 l.
908 3232 1002 3314 apud
1021 3230 1283 3296 Ruhnkenium.
1305 3222 1367 3297 c'fr.
1390 3242 1529 3326 Eutrop.
1548 3246 1645 3307 Brev.
1702 3226 1711 3285 ’-

235 3343 311 3409 Lib.
329 3340 386 3410 v1.
410 3365 439 3406 r.
457 3338 609 3417 ,Octavo
631 3334 770 3403 demum
790 3355 883 3401 anno
903 3335 1107 3420 (Sertorius)
1129 3336 1233 3401 asnis
1247 3338 1378 3404 occisus
1397 3352 1448 3407 est
1468 3354 1502 3409 ct
1515 3346 1596 3411 finis
1613 3348 1648 3411 ei

236 3449 332 3515 bello
349 3452 448 3513 datus
462 3467 526 3534 per
538 3449 599 3513 Cn.
615 3442 1083 3529 Pompejum'adolescentem
1101 3451 1135 3507 et
1150 3444 1192 3529 Ω.
1207 3446 1388 3511 Metellum
1402 3448 1517 3516 Pium:
1542 3460 1646 3536 atque

241 3574 360 3621 omnes
377 3571 485 3639 prope
504 3550 681 3638 Hispanias
700 3551 739 3614 in
759 3548 930 3613 ditionem
947 3548 1072 3635 populi
1089 3552 1252 3616 llomanae
1266 3556 1411 3621 redactae
1424 3564 1512 3619 sunt.
1531 3558 1645 3632 ,Plizu

238 3662 284 3727 H.
291 3664 331 3725 Ν.
344 3664 417 3727 VII.
431 3668 502 3740 27.>l
515 3657 699 3744 Pompejus
714 3652 867 3721 excitatis
878 3653 917 3719 in
928 3648 1097 3738 Pyrenrw
1110 3656 1247 3738 tropaeis
1259 3655 1387 3743 oppida
1399 3664 1646 3732 DCCCLXXVI

238 3768 283 3832 ab
304 3766 450 3851 Alpibus
477 3768 520 3828 ad
543 3764 628 3830 fines
646 3760 824 3847 Hispaniae
850 3758 1028 3827 ulterioris
1046 3756 1086 3825 in
1106 3758 1319 3833 deditionem
1334 3770 1472 3834 redacta
1490 3770 1644 3836 victoria,

240 3892 309 3939 suae
322 3870 535 3955 surempsit.»

322 3978 376 4060 ⁶⁹)
397 3978 464 4046 Cir.
483 3977 630 4063 Appian.
648 3982 692 4045 de
710 3979 806 4056 bello
824 3976 895 4047 civ.
916 3978 944 4041 1.
964 3966 1034 4042 118.
1055 3976 1146 4044 Plut.
1169 3976 1276 4047 Crass.
1294 4001 1343 4047 ro.

301 4082 382 4167 ⁶⁰⁹)
401 4086 600 4169 Spartacum
628 4084 769 4149 nonnisi
788 4094 866 4170 post
888 4080 1062 4167 duplicem
1085 4086 1218 4153 cladem
1242 4096 1415 4175 acceptam
1439 4084 1479 4155 in
1505 4090 1643 4154 Italiam
1765 4166 1774 4181 Χ

241 4188 444 4257 inferiorem
465 4190 603 4257 cessisse
625 4192 743 4255 auctor
760 4200 810 4256 est
826 4189 1017 4275 Appianas,
1039 4190 1218 4261 confirmat
1231 4194 1353 4261 Florus
1365 4198 1428 4261 ΠΙ.
1441 4212 1491 4257 ao.
1511 4214 1553 4269 ,a
1572 4216 1643 4281 quo
1742 4250 1750 4261 .
1858 4258 1862 4265 ,

241 4295 339 4391 pulsi
355 4295 534 4384 fugatique
557 4298 596 4366 in
618 4302 768 4367 extrema
787 4297 895 4365 Italiae
914 4296 1124 4385 refugerunt.
1136 4308 1154 4344 θ
