4050 5009
405 361 455 456 54

402 560 598 648 montorii,
624 561 764 664 quibus
784 560 815 636 si
849 560 1011 667 integras
1033 564 1205 668 priorum
1226 564 1511 673 philologorum
1532 571 1641 642 n'otas
1660 579 1699 641 et
1720 565 1803 642 ani·

401 677 678 754 madversiones
706 678 940 782 adjunxeris,
974 681 1085 756 radio
1110 683 1250 760 laboris
1267 685 1531 760 enecabantur
1559 682 1722 787 legentes
1744 682 1805 785 ip·

400 819 606 896 eorumque
628 794 868 870 eruditorum
896 797 1021 872 stu'dia
1046 798 1297 904 languescent
1335 801 1407 874 Sed
1427 816 1472 873 ut
1495 799 1717 902 diligentius
1743 796 1803 871 in·

400 911 598 1013 quiramus
624 911 665 985 in
693 938 754 1000 ea,
792 937 877 1012 quae
897 911 1060 1015 cujusvis
1088 917 1280 1020 scriptoris
1311 915 1474 990 orationi
1504 914 1659 1016 propria
1692 928 1803 1000 sunt,

400 1027 540 1116 omnia,
564 1053 648 1128 quae
661 1055 684 1101 a
702 1026 849 1132 vulgari
869 1054 940 1101 usu
958 1028 1141 1132 loquendi
1162 1033 1364 1119 recedunt,
1391 1030 1602 1132 colligenda
1614 1045 1730 1129 atque
1749 1028 1803 1100 ita

401 1144 665 1246 componenda
685 1161 791 1232 sunt,
813 1159 859 1217 ut
879 1145 969 1218 inde
989 1161 1133 1248 pateat,
1160 1175 1254 1249 quas
1267 1147 1457 1222 scribendi
1478 1145 1573 1248 leges
1595 1160 1731 1218 auctor
1749 1167 1804 1218 se

401 1276 512 1334 cutus
529 1259 589 1334 sit
626 1261 709 1332 Hoc
730 1285 810 1333 non
829 1259 953 1332 solum
984 1260 1033 1333 ad
1052 1261 1201 1366 singula
1220 1263 1333 1339 verba
1359 1276 1397 1336 et
1423 1262 1473 1335 ad
1494 1287 1626 1334 eorum
1647 1259 1804 1362 junctu-

400 1403 480 1464 ras,
505 1375 570 1450 sed
594 1374 643 1448 ad
664 1391 783 1449 totam
809 1373 898 1447 libri
928 1378 1181 1451 oeconomiam
1208 1379 1385 1480 pertinet.
1425 1377 1522 1471 Quae
1547 1375 1703 1476 quidem
1728 1374 1802 1447 dis-

400 1491 555 1594 quisitio
580 1506 626 1563 ut
650 1489 870 1593 diligentius
894 1489 1137 1581 instituatur,
1149 1493 1332 1594 ‚primum
1352 1492 1554 1594 scriptoris,
1573 1492 1613 1565 in
1631 1515 1709 1590 quo
1727 1488 1803 1562 ela·

398 1609 519 1697 boras,
545 1607 755 1680 orationem
777 1633 867 1678 cum
883 1604 1039 1679 illorum
1060 1607 1248 1698 conferas,
1274 1610 1343 1711 qui
1359 1627 1399 1684 et
1419 1606 1548 1682 eodem
1568 1622 1737 1708 tempore
1756 1602 1804 1676 li-

400 1724 487 1798 teris
518 1745 671 1825 operam·
695 1721 904 1809 dederunt,
928 1736 966 1795 et
996 1721 1039 1795 in
1062 1722 1193 1797 eodem
1230 1725 1289 1798 vel
1312 1718 1426 1798 simili
1455 1737 1679 1825 argumento
1712 1717 1805 1792 illu·

399 1839 555 1914 strando
582 1837 718 1913 versati
736 1852 835 1911 sunt
864 1839 960 1912 Cum
980 1836 1097 1940 igitur
1111 1837 1159 1913 de
1171 1838 1316 1912 Latinis
1340 1838 1458 1914 literis
1474 1853 1614 1939 agetur,
1632 1834 1802 1937 primum

398 1953 679 2058 explorandum
698 1968 768 2042 est,
792 1978 869 2052 qua
893 1979 933 2026 re
959 1952 1159 2055 scriptores
1183 1979 1307 2028 aureae
1323 1955 1441 2028 aetatis
1461 1980 1483 2024 a
1503 1951 1694 2053 prioribus
1717 1964 1755 2023 et
1778 1975 1801 2022 a

397 2071 599 2146 senioribus
627 2067 823 2156 differant,
850 2083 933 2141 tum
953 2083 1117 2143 oratores
1133 2097 1223 2144 cum
1240 2069 1470 2156 oratoribus,
1491 2065 1688 2140 historicos
1713 2091 1802 2138 eum

398 2185 610 2273 historicis,
631 2200 759 2286 poetas
785 2209 875 2255 cum
907 2184 1027 2285 poetis
1059 2185 1236 2260 conseras.
1282 2189 1364 2258 Imo
1387 2211 1437 2257 ne
1462 2183 1614 2263 Graecos
1645 2179 1803 2281 quidem

399 2303 613 2405 scriptores,
639 2325 805 2400 quorum
827 2298 977 2401 vestigia
1002 2299 1130 2374 Latini
1155 2301 1380 2403 presserint,
1414 2297 1628 2374 accuratius
1648 2321 1804 2397 compa·

401 2444 518 2506 rasse,
544 2417 609 2490 abs
641 2441 681 2490 rc
708 2414 788 2486 erit
814 2413 858 2485 Id
884 2413 1102 2514 quodcum
1126 2415 1168 2488 in
1195 2417 1339 2503 ceteris,-
1356 2432 1442 2489 tum
1466 2415 1506 2488 in
1531 2411 1717 2486 historicis
1735 2435 1803 2512 po·

401 2533 589 2608 tissimum
608 2556 746 2633 magno
769 2529 855 2601 usui
876 2529 956 2601 erit.
998 2529 1176 2624 Quorum
1198 2530 1355 2631 quidem
1376 2529 1557 2604 orationis
1578 2544 1724 2629 quanta
1753 2526 1804 2600 sit

400 2649 593 2726 diversitas
623 2673 645 2718 a
666 2645 828 2748 pedestri
851 2643 1022 2718 oratione
1045 2661 1259 2719 ceterorum
1279 2646 1527 2747 scriptorum,
1552 2642 1728 2716 nondum
1745 2668 1804 2714 sa·

400 2766 448 2840 tis
466 2761 689 2838 intellexisse
705 2759 885 2833 videntur
905 2760 1136 2860 interpretes.
1167 2761 1318 2834 Caesaris
1337 2760 1493 2860 quidem
1512 2756 1805 2832 commentario·

402 2907 490 2954 rum
518 2877 593 2950 alia
618 2893 671 2950 est
700 2875 820 2963 ratio,
856 2901 950 2976 quos
976 2901 1025 2948 ne
1048 2875 1126 2976 ipse
1148 2874 1304 2976 quidem
1329 2873 1574 2948 historiarum
1595 2871 1713 2945 libros
1735 2899 1805 2946 uo-

402 2993 543 3070 minari
553 2989 683 3066 voluit.
723 2989 794 3062 Sed
812 3005 856 3062 ut
875 2989 1048 3063 omittam
1057 2990 1265 3093 Vellejum,
1287 2989 1481 3077 Curtium,
1502 2988 1717 3075 lustinum,
1733 2987 1802 3088 qui

400 3109 597 3216 poeticum
610 3105 791 3181 orationis
810 3104 973 3178 colorem
988 3132 1105 3205 quam
1118 3107 1281 3180 maxime
1299 3105 1494 3190 affectant,
1520 3104 1804 3204 ipsosRomauoe

402 3225 570 3302 historiae
588 3221 795 3326 principes,
820 3219 1044 3307 Salustium,
1067 3220 1219 3294 Livium
1238 3237 1276 3294 et
1293 3221 1478 3306 Tacitum,
1491 3217 1704 3291 accuratius
1718 3245 1804 3293 exa-

402 3341 596 3428 minanti,
632 3335 797 3410 dubium
826 3360 900 3408 esse
931 3361 1012 3408 non
1046 3351 1187 3437 potest,
1220 3336 1317 3437 quin
1351 3333 1620 3407 historicorum
1651 3336 1802 3423 oratio,

405 3456 577 3560 quamvis
607 3452 773 3524 aliorum
800 3449 884 3522 aliae
907 3449 986 3525 sint
1014 3449 1201 3538 virtutes,
1231 3452 1280 3522 ab
1307 3450 1471 3523 oratoria
1509 3450 1700 3522 Ciceronis
1724 3449 1803 3524 elo-

403 3572 561 3674 quentia
580 3567 694 3670 plane
718 3563 928 3636 abhorreat
961 3565 1012 3636 Ut
1033 3563 1150 3663 igitur
1164 3566 1291 3636 Latini
1314 3563 1494 3637 sermonis
1515 3563 1724 3664 proprietas
1744 3563 1803 3638 di-

403 3686 596 3791 ligentius,
622 3707 739 3782 quam
754 3677 881 3752 adhuc
900 3705 922 3750 a
941 3679 1194 3782 grammaticis
1208 3679 1352 3753 factum
1371 3695 1444 3767 est,
1466 3677 1696 3767 illustretur,
1715 3705 1802 3780 quae

404 3799 552 3906 optimi¹
572 3797 757 3898 cujusque
789 3794 954 3866 auctoris
988 3794 1189 3894 peculiaris
1211 3812 1255 3868 -et
1283 3794 1439 3897 propria
1475 3794 1523 3866 sit
1556 3794 1696 3882 oratio,
1720 3821 1801 3868 non

406 3915 568 3992 strictim
601 3927 638 3984 et
656 3911 800 3995 leviter,
827 3907 932 4008 quod
952 3907 1086 4008 saepius
1106 3908 1270 3996 factum,
1294 3908 1359 3981 sed
1381 3907 1499 3980 frisius
1520 3923 1635 4010 atque
1654 3909 1804 3984 subtili-

407 4049 464 4108 ter
480 4023 784 4134 persequendum
796 4039 858 4096 est
884 4021 1034 4116 Quibus
1051 4024 1282 4124 exponendis
1300 4050 1350 4097 ne
1360 4023 1692 4124 interrumpuntur
1700 4049 1804 4096 eom-

406 4143 582 4222 mentarii
609 4139 801 4244 perpetui,
823 4135 906 4210 baec
923 4135 1166 4236 peculiariter
1179 4136 1447 4236 pertractanda
1464 4152 1503 4209 et
1522 4138 1805 4213 commentariis

407 4257 649 4366 adjungenda
673 4269 773 4328 sunt
817 4250 1010 4326 Accedant
1030 4265 1210 4351 praeterea
1239 4251 1384 4325 necesse
1406 4264 1480 4336 est,
1507 4247 1649 4325 indices
1669 4252 1807 4327 verbo-
