4050 5009
1407 386 1479 484 159

90 562 130 637 tis
148 564 359 641 Bomilcaris
383 566 503 641 verbis
524 568 648 671 primo
671 590 784 657 cura,
809 566 964 657 deinde,
988 566 1048 641 uti
1067 592 1211 672 aegrum
1231 566 1406 643 animum
1420 590 1478 642 so·

88 683 149 775 let,
170 712 324 763 somnus
343 688 451 793 cepit.
492 692 586 765 Erat
611 690 646 766 ei
671 689 835 766 Numida
861 689 1020 793 quidam
1040 691 1280 795 negotiorum
1301 704 1477 780 curator,

87 806 178 885 lidus
193 829 443 917 acceptusque
465 830 504 888 et
524 812 699 889 omnium
720 812 985 903 consiliorum,
1010 812 1085 887 nisi
1107 814 1333 904 novissumi,
1357 814 1478 920 parti·

83 960 168 1037 ceps
201 936 279 1032 Qui
298 950 501 1039 postquam
524 934 670 1012 adlatas
690 934 816 1013 literas
836 935 984 1013 audivit
1005 952 1045 1013 et
1061 964 1108 1013 ex
1127 938 1404 1013 consuetudine
1418 966 1479 1013 ra·

82 1072 136 1131 tus
159 1084 270 1161 opera
299 1074 368 1135 aut
396 1060 549 1164 ingenio
570 1086 640 1137 suo
674 1086 768 1167 opus
791 1086 884 1151 esse,
910 1060 952 1135 in
982 1058 1274 1136 tabernaculum
1303 1060 1476 1136 introiit:

78 1180 282 1257 dormiente
308 1182 376 1299 illo
398 1182 612 1287 epistolam,
636 1210 751 1289 super
770 1198 887 1289 caput
902 1183 943 1258 in
960 1183 1124 1287 pulvino
1144 1199 1284 1261 temere
1303 1184 1475 1289 positam,

78 1306 186 1380 sumit
209 1333 255 1380 ac
280 1306 458 1411 perlegit:
484 1306 573 1384 dein
602 1334 783 1413 propere,
808 1306 967 1413 cognitis
992 1305 1157 1396 insidiis,
1182 1307 1233 1383 ad
1247 1336 1373 1413 regem
1388 1338 1475 1415 per-

78 1428 133 1533 git
163 1428 368 1520 Nabdalsa,
388 1446 474 1533 post
495 1428 629 1534 paullo
649 1446 903 1535 experrectus,
929 1430 997 1506 ubi
1024 1456 1151 1534 neque
1169 1432 1366 1535 epistolam
1390 1462 1474 1539 rep-

77 1552 169 1653 perit
194 1569 233 1627 et
254 1580 335 1628 rem
357 1578 528 1645 omnem,
555 1553 614 1629 uti
642 1568 725 1628 acta
747 1570 849 1644 erat,
875 1554 943 1649 (ex
960 1554 1153 1661 perfugis)
1177 1558 1372 1662 cognovit:
1396 1559 1475 1663 pri·

78 1702 135 1749 mo
158 1676 325 1752 indicem
354 1676 529 1779 persequi
559 1692 739 1769 conatus,
763 1690 965 1781 postquam
996 1676 1037 1751 id
1057 1678 1197 1754 frustm
1221 1678 1475 1788 fuit,1ugur·

79 1796 174 1873 tham
192 1798 373 1903 placandi
404 1802 524 1906 gratia
550 1800 716 1893 accedit3
751 1800 870 1891 dicit,
889 1826 975 1904 quae
1000 1800 1080 1906 ipse
1106 1801 1311 1908 paravisset
1333 1804 1476 1900 facere,

78 1922 223 2025 perfidia
248 1922 396 1999 clientis
416 1922 476 1999 sui
501 1938 717 2027 praeventa:
747 1922 965 1999 lacrumans
994 1927 1205 2001 obtestatur
1224 1954 1294 2030 per
1312 1930 1474 2005 amiciti·

80 2072 134 2120 am
151 2073 294 2151 perque
319 2072 386 2121 sua
418 2062 530 2121 antea
557 2042 719 2121 fideliter
738 2060 840 2136 acta,
862 2073 912 2123 ne
935 2073 1051 2153 super
1074 2048 1142 2123 tali
1163 2048 1301 2125 scelere
1323 2078 1473 2157 suspec-

81 2184 152 2244 tum
166 2197 240 2247 sese
257 2170 424 2245 haberet.
476 2168 535 2244 Aa
553 2196 595 2243 ea
613 2196 679 2245 rex
695 2169 828 2262 aliter,
844 2186 960 2273 atque
979 2170 1110 2247 animo
1129 2174 1298 2278 gerebat,
1322 2176 1520 2279 placide7:

79 2295 267 2398 respondit.
318 2294 526 2369 Bomilcare
548 2293 708 2397 aliisque
725 2293 873 2384 multis,
893 2320 988 2397 quos
1008 2295 1127 2371 socios
1142 2295 1367 2372 insidiarum
1385 2326 1472 2406 cog·

78 2435 238 2508 noverat,
263 2416 489 2506 interfectis,
508 2417 606 2491 iram
625 2432 888 2521 oppresserat:
916 2444 1065 2522 nequa
1090 2446 1137 2493 ex
1161 2446 1205 2493 eo
1227 2423 1387 2525 ‘negotio
1414 2449 1469 2499 se-

77 2538 156 2615 ditio
187 2541 361 2617 oriretur.
411 2542 542 2643 Neque
570 2556 655 2645 post
689 2540 729 2615 id
759 2540 933 2617 locorum
967 2540 1165 2647 Iugurtha
1190 2536 1270 2617 dies
1296 2562 1364 2619 aut
1392 2574 1469 2623 nox

76 2662 142 2738 ulla
166 2664 296 2767 quieta
313 2662 413 2739 luit:
439 2690 564 2766 neque
588 2663 695 2754 loco,
725 2690 849 2767 neque
868 2658 1031 2739 mortali.
1044 2664 1229 2769 cuiquam
1243 2685 1312 2742 aut
1326 2686 1468 2776 tempo·

77 2788 103 2861 ri
131 2791 215 2865 satis
245 2786 425 2864 credere:
451 2788 541 2863 civis
572 2786 772 2893 hostesque
797 2788 902 2862 iuxta
928 2804 1096 2862 metuere
1123 2789 1468 2895 :circumspectare

75 2914 186 2988 omnia
210 2928 249 2989 et
265 2912 379 2989 omni.
390 2913 553 3018 strepitu
571 2940 787 3018 pavescere:
814 2914 890 2989 alio
914 2930 1030 3015 atque
1046 2912 1124 2987 alio
1144 2911 1228 2988 loco
1250 2940 1347 3019 soepe
1377 2910 1467 2995 con-

75 3104 104 3142 as
120 3086 226 3147 Fabric.
246 3083 458 3146 Bas.1..Acsrl.
478 3086 549 3147 Vin.
562 3106 587 3145 1.
607 3084 756 3145 Esaiae.
770 3106 794 3151 ι.
815 3084 912 3145 Guell.
923 3084 952 3144 6.
962 3106 991 3165 9.
1006 3104 1052 3145 ιι.
1074 3086 1207 3145 meliores
1219 3084 1347 3148 Groteri.
1369 3094 1476 3170 plures

74 3186 144 3249 Ririi.
163 3190 252 3251 etium
268 3208 306 3251 ea
322 3189 600 3255 commessura.
620 3188 737 3251 introiit
756 3189 860 3253 Basa.
882 3190 1033 3251 Fabrici.
1053 3190 1189 3271 Ouellp.
1208 3190 1293 3252 sem.
1316 3214 1340 3251 ι.
1359 3200 1387 3257 3.
1415 3194 1467 3254 o:-

74 3294 155 3355 troioit
174 3296 326 3357 Fabrica¹
346 3296 413 3356 Ecc.
440 3294 537 3354 Gucll‘.
548 3294 577 3355 5.
592 3296 620 3355 6.
637 3318 667 3376 7.
687 3314 731 3353 ιο.
751 3315 795 3353 ιι.
813 3316 858 3354 ιι.
881 3296 950 3355 vin.
978 3294 1029 3357 ilc.
1059 3295 1155 3360 Strur.
1176 3296 1236 3356 inc.
1256 3294 1340 3358 Rom.
1361 3298 1478 3363 Franos.

74 3398 159 3459 uomit
182 3402 244 3461 alii.
266 3400 389 3481 repperit
410 3400 471 3463 Bas.
486 3420 510 3457 ι.
529 3408 595 3479 post
611 3398 713 3479 paullo
732 3398 843 3461 Rivius.
873 3399 919 3459 ιιιί
937 3409 1006 3459 octa
1026 3401 1129 3460 iuosrt.
1143 3417 1173 3459 2.
1199 3418 1238 3459 es
1251 3396 1384 3481 pessimas
1402 3416 1464 3457 osa.

75 3504 149 3565 Mat
163 3518 196 3569 Λ.
227 3505 390 3566 succurris
409 3505 507 3565 Gucll.
524 3504 554 3564 3.
573 3524 611 3563 ea·
625 3504 712 3565 servis
733 3504 860 3565 Patras.
882 3504 962 3563 Leid.
975 3526 1003 3565 c.
1020 3505 1047 3563 l.
1068 3504 1154 3564 Bora.
1169 3526 1198 3565 r.
1218 3501 1473 3585 repertustr..

74 3610 156 3686 gratio
167 3610 286 3671 occant
304 3608 415 3673 Vtar.
435 3608 509 3669 dicit
523 3628 589 3687 quo:
604 3610 670 3689 ipss.
691 3608 765 3668 ds’cr't
779 3628 841 3667 om.
855 3607 992 3673 Gamla,
1009 3608 1179 3688 paravisse.
1196 3610 1303 3687 socors
1325 3629 1386 3668 om.
1405 3605 1464 3669 hoc

76 3716 136 3775 loco.
148 3714 216 3776 Tur.
239 3712 352 3777 Fuluio.
364 3734 389 3773 r.
410 3711 548 3773 Gusll.3.
558 3764 560 3769 ,
570 3714 732 3793 quifsoer:
743 3720 906 3793 praumato.
921 3719 1102 3792 proventum
1116 3712 1283 3788 iotario,
1299 3715 1349 3774 cai
1361 3730 1466 3773 omnes

75 3818 251 3903 Iaeidrpraear
269 3822 290 3883 l.
310 3818 446 3880 accedero
459 3817 606 3880 videatur.

140 3946 208 4031 Cap.
220 3969 269 4031 7²·
287 3957 353 4029 post
366 3946 399 4007 id
417 3945 602 4025 :regratiarum
618 3946 699 4005 Laid.
716 3944 746 4003 d.
765 3966 848 4009 s..m.
864 3964 895 4003 n.
925 3940 1096 4005 Rittsrshus.
1112 3943 1347 4012 liber..Mtrl.r,
1367 3947 1462 4010 saus.

76 4052 141 4115 aaut
154 4076 179 4115 ι.
196 4054 301 4114 l'ranc.
322 4052 418 4112 Guell.
431 4050 460 4122 4„
477 4071 532 4115 ιι.Δ
542 4048 642 4122 ΒΜ.
662 4058 749 4129 darre
762 4047 862 4107 ωιίήιο
880 4048 1007 4109 maana·
1019 4048 1116 4110 Guell.
1126 4050 1167 4111 6..
1177 4070 1216 4111 ac
1226 4050 1330 4111 ωιίηιο
1344 4052 1468 4116 haberet

78 4154 156 4230 lul.
182 4180 271 4239 qum
285 4156 387 4219 animo
401 4154 520 4214 liaberet
545 4153 626 4214 Leid.
636 4153 666 4213 d.
688 4152 784 4233 parieta
791 4154 882 4229 sucro
911 4153 1008 4220 Guell.
1025 4160 1054 4218 l.
1074 4165 1139 4215 erat
1150 4156 1237 4215 Bern.
1249 4178 1275 4217 ιι
1287 4157 1355 4234 flu't
1375 4157 1463 4219 soteri

78 4260 136 4327 libri.
153 4264 223 4325 α’νω
235 4262 385 4340 hostmqac
404 4262 445 4319 ita
460 4260 583 4339 plurimi
597 4258 675 4318 fibri.
684 4306 687 4313 .
696 4257 765 4317 ciuis
779 4258 927 4336 Marsque
945 4258 1010 4317 Bas.
1023 4279 1050 4324 ι.
1069 4258 1139 4341 Teg.
1161 4259 1234 4322 eim
1247 4260 1343 4321 hostes
1361 4260 1461 4321 Guelf-

80 4384 98 4423 1.
113 4367 162 4427 iac.
173 4388 199 4434 a.
219 4367 293 4429 civo
303 4365 393 4425 hosu's
413 4364 705 4447 Commsl..qrutuor
716 4362 830 4426 Wmii.
860 4362 921 4425 atio
936 4371 1023 4443 αιᾳιω
1037 4362 1100 4425 olio
1112 4364 1188 4427 loco.
1208 4373 1297 4444 ιιιᾳιιο
1306 4364 1369 4427 alat:
1398 4384 1461 4427 om.
