4050 5009
387 384 458 461 126

359 590 462 647 tum
488 565 738 660 antiquitatis.
768 568 927 646 ,Servius
957 569 1203 657 interpretatur
1229 584 1382 635 amorem
1414 575 1449 637 et
1482 574 1701 658 charitatem,
1735 584 1791 651 uti

285 667 289 676 „
380 686 469 753 alibi
487 680 585 749 nihil
598 674 805 787 antiquius
808 680 948 744 ducere.
969 680 1035 743 Sed
1057 688 1148 747 recte
1166 678 1255 743 vidit
1270 680 1324 743 Jo.
1344 680 1399 742 Fr.
1422 680 1576 749 Gronov.
1595 690 1640 751 ad
1661 688 1736 753 Lir.
1760 692 1789 758 1.

381 800 432 860 32.
457 792 602 855 subesse
622 772 768 873 figuram
786 792 819 841 st
847 755 903 841 tim
920 761 1011 860 [Mt
1031 794 1066 851 et
1086 788 1218 851 dictum
1238 806 1301 872 pro
1320 786 1472 880 antiqua
1495 798 1529 853 et
1548 792 1670 878 primae
1686 816 1789 879 cures

380 920 460 966 cum
476 897 544 962 adi.
550 904 567 939 ὓ
583 898 619 959 C.
638 891 733 978 Quid
749 892 821 957 haec
831 892 899 956 sibi
913 893 1042 978 velint,
1062 913 1134 958 non
1139 888 1319 982 intelligo.
1340 896 1558 961 substantivo
1574 900 1667 964 enim
1679 901 1787 967 aliam

376 1002 667 1093 significationem
691 1019 796 1082 quam
817 998 1018 1078 adjectivo·
1006 1016 1118 1065 inesse
1139 1020 1213 1065 non
1237 1021 1337 1087 posse
1359 1022 1423 1089 per
1444 1022 1481 1068 se
1497 1011 1598 1088 patet.
1627 1008 1696 1071 Sed
1710 1010 1785 1075 baec

378 1110 572 1177 communis
597 1106 753 1173 omnium
779 1106 990 1192 populorum
1017 1114 1068 1172 est
1093 1106 1234 1193 opinio,
1254 1109 1384 1193 priscos
1406 1111 1564 1175 homines
1584 1114 1783 1199 probiores,

373 1216 577 1293 sanctiores,
595 1214 819 1305 modestiores
834 1222 869 1277 et
879 1213 1085 1299 frugaliores
1101 1211 1215 1280 fuisse.
1234 1214 1431 1297 Antiquitas
1449 1216 1558 1302 igitur
1573 1237 1693 1285 omnes
1704 1220 1783 1286 illas

375 1325 519 1388 virtutes
533 1320 792 1405 complectitur,
813 1319 939 1402 quibus
953 1321 1115 1403 antiquos
1131 1319 1292 1385 homines
1310 1322 1507 1387 excelluisse
1523 1326 1701 1408 putabant.
1721 1327 1781 1391 eir.
1892 1344 1895 1349 ·

376 1428 446 1495 (lic.
461 1448 526 1515 pro
543 1426 685 1491 Plancio
708 1426 756 1489 ιδ.
776 1444 841 1510 pro
859 1427 945 1488 Rab.
965 1427 1056 1491 Post.
1074 1447 1102 1490 c.
1132 1448 1177 1493 ιο.
1198 1428 1288 1493 ΡΙίιι.
1310 1431 1393 1514 Epp.
1411 1432 1439 1493 b.
1463 1434 1509 1492 ιθ.
1530 1438 1565 1494 et
1584 1428 1779 1514 antiquum

372 1535 514 1622 proprie
537 1542 586 1598 est
603 1533 747 1614 antiquo
771 1531 916 1596 bomine
942 1533 1105 1620 dignum,
1125 1553 1207 1621 ergo
1229 1543 1405 1619 praestans3
1425 1534 1475 1599 ita
1494 1536 1635 1619 antiqua
1652 1539 1779 1621 virtus,

373 1638 548 1718 officium,
583 1638 690 1716 fides,
725 1638 887 1715 victoria3
915 1638 998 1703 inde
1026 1640 1132 1725 paulo
1170 1640 1309 1706 deflexit
1340 1660 1421 1705 usus
1454 1643 1645 1726 loquendi,
1683 1646 1778 1726 quod

373 1746 518 1828 antiqua
536 1744 856 1834 dicebantur,quae
876 1745 1006 1824 majore
1023 1747 1265 1833 veneratione,
1285 1747 1421 1833 studio,
1443 1768 1525 1812 cura
1547 1749 1654 1835 digna
1671 1750 1778 1813 hahe-

369 1854 514 1938 bantur,
535 1852 585 1915 ita
606 1850 675 1914 Cic.
697 1852 741 1913 ad
763 1851 831 1913 Att.
851 1869 898 1911 ro.
917 1851 951 1912 ὃς
973 1847 1231 1934 antiquissima
1254 1875 1347 1918 cura
1368 1861 1403 1917 et
1421 1853 1510 1918 Phil.
1527 1842 1574 1920 ιδ.
1593 1858 1632 1917 3.·
1651 1870 1776 1938 praece-

369 1958 440 2045 pit,
461 1977 506 2022 ne
533 1956 619 2040 quid
640 1956 711 2021 vita
732 1956 925 2021 existimem
946 1957 1125 2041 antiquius
1139 1968 1174 2025 et
1193 1959 1315 2045 saepius
1334 1978 1389 2044 ap.
1407 1960 1499 2027 Liv.:
1518 1957 1624 2031 ,nihil
1642 1953 1775 2049 eisaie

370 2060 571 2147 antiquius.
592 2071 710 2129 nostro
731 2064 839 2149 igitur
857 2064 936 2129 loco
958 2067 1079 2131 eadem
1099 2067 1313 2132 substantivo
1332 2064 1550 2152 significatio,
1567 2073 1601 2129 et
1621 2064 1775 2129 studium

368 2177 472 2255 atque
495 2168 647 2233 officium
674 2169 852 2255 exprimit3
879 2171 1005 2237 similis
1028 2175 1088 2238 sed
1120 2193 1192 2239 non
1210 2174 1314 2259 plane
1335 2172 1430 2239 idem
1452 2171 1625 2237 Ciceronis
1646 2179 1696 2235 est
1720 2171 1775 2234 lo·

368 2296 429 2341 eus
441 2296 545 2360 snpra
559 2277 719 2343 laudatus
737 2300 803 2364 pro
823 2279 964 2344 Plancio
986 2280 1034 2343 18.
1054 2279 1181 2365 ,plena
1198 2289 1278 2346 sunt
1297 2276 1412 2364 officii,
1426 2279 1531 2363 plena
1548 2276 1773 2345 observantiae

365 2384 470 2469 plena
489 2383 593 2447 etiam
605 2384 835 2466 antiquitatis,
854 2385 907 2449 ibi
925 2386 1019 2450 enim
1037 2384 1244 2468 antiquitas
1266 2385 1304 2449 in
1321 2384 1519 2448 universum
1543 2376 1620 2468 pro'
1631 2383 1773 2465 antiqua

366 2490 616 2554 consuetudine
642 2491 791 2574 dictum,
814 2494 875 2555 sed
900 2511 1005 2574 quam
1027 2491 1130 2556 laude
1151 2490 1291 2576 dignam
1322 2497 1439 2553 orator
1464 2488 1645 2554 existimat.
1668 2510 1773 2571 quens

365 2593 450 2657 huic
468 2594 510 2660 ir.
532 2592 644 2655 locum
664 2594 833 2683 assignem
856 2598 983 2666 nescio.
1003 2598 1119 2683 potuit
1138 2594 1401 2659 commemorari
1418 2595 1457 2657 in
1479 2594 1588 2657 causis
1609 2593 1695 2655 belli
1720 2594 1772 2656 ci·

364 2698 446 2764 vilis
464 2699 679 2788 enarrandis,
700 2703 763 2766 ubi
789 2703 862 2783 ejus
882 2703 1046 2789 temporis
1070 2701 1325 2787 perversitatem
1346 2712 1426 2764 eum
1447 2699 1567 2784 priscae
1589 2698 1697 2763 aetstis
1712 2696 1771 2760 in-

362 2806 524 2871 nocentia
547 2811 776 2893 comparabat.
804 2818 904 2888 ·34.-
921 2814 999 2875 Hoc
1026 2829 1165 2892 quoque
1194 2810 1239 2871 ad
1259 2806 1393 2871 bellum
1419 2805 1547 2871 sociale
1573 2802 1769 2886 retulerim,

362 2914 458 2994 quod
473 2934 595 2998 parum
614 2936 776 3001 prospere
793 2926 926 3004 gestum
947 2916 1080 2982 notavit
1095 2900 1273 2980 Salustius.
1306 2916 1408 2979 -35.·
1427 2912 1515 2983 Non
1529 2908 1770 2999 repugnanti-

364 3016 430 3081 bus
456 3021 582 3097 modo,
609 3023 675 3085 sed
694 3044 741 3088 ne
762 3022 893 3088 deditis
913 3023 1057 3105 quidem
1079 3022 1128 3090 A.
1150 3024 1193 3089 B.
1210 3022 1252 3089 C.
1274 3022 1328 3087 M.
1356 3020 1412 3086 his
1437 3018 1548 3083 literis
1566 3017 1670 3081 Debr.
1695 3015 1769 3080 hac

361 3122 467 3187 rerba
487 3126 680 3191 substituit:
700 3126 841 3196 atrocis
860 3128 947 3193 belli
967 3130 1090 3193 clades
1108 3125 1352 3193 metuentibus
1372 3130 1467 3192 etad
1487 3122 1659 3208 Scipionis
1676 3121 1769 3186 mili-

359 3234 415 3292 tes
434 3231 608 3315 pertinere
625 3236 760 3319 statuit,
781 3234 844 3318 qui
862 3236 919 3299 vel
937 3233 1099 3319 precibus
1116 3214 1304 3318 cdmpulsi,
1323 3232 1379 3295 vel
1399 3230 1519 3295 iraude
1538 3229 1692 3306 inducti,
1710 3226 1767 3293 vel

340 3332 547 3423 'largitione
572 3342 738 3425 corrupti,
767 3340 807 3402 in
834 3340 938 3406 Sullae
966 3348 1082 3425 partes
1105 3337 1317 3401 transierunt
1344 3336 1405 3400 cir.
1424 3337 1514 3400 Plut.
1535 3335 1632 3399 Sulla
1660 3356 1688 3403 c.
1715 3334 1765 3399 ab,

357 3438 506 3526 Appian.
524 3446 568 3507 de
586 3443 690 3508 bellis
710 3444 782 3508 Cir.
808 3448 834 3507 1.
862 3448 912 3511 85.
940 3448 1014 3512 haec
1030 3442 1148 3508 omnia
1164 3444 1244 3523 jure
1263 3441 1393 3507 incerta
1410 3440 1552 3519 dixeris,
1574 3444 1634 3505 sed
1653 3440 1692 3504 in
1711 3437 1766 3503 his

358 3542 464 3611 latins
482 3550 647 3636 progredi
665 3552 854 3638 nonlicet,
882 3572 987 3635 quam
1010 3558 1050 3613 ut
1078 3549 1277 3635 probabilia
1299 3568 1483 3631 sequamur
1505 3546 1565 3613 cir.
1596 3546 1689 3611 inira
1713 3564 1765 3625 ιι.

358 3651 459 3711 ·³6·-
477 3656 527 3719 In
542 3652 635 3722 silva
654 3655 733 3723 sila
749 3654 924 3749 suerunt.
944 3658 1019 3721 scil.
1040 3654 1196 3742 fugitivi,
1223 3674 1281 3719 eos
1301 3655 1394 3719 enim
1411 3652 1600 3741 significari
1626 3654 1764 3717 nullum

358 3759 412 3819 est
429 3756 585 3826 dubium.
604 3764 803 3845 Spartacum
822 3764 915 3828 eninr
938 3764 977 3827 in
995 3761 1183 3827 Lucaniam
1208 3780 1243 3824 se
1260 3760 1429 3844 recepisse
1451 3780 1555 3845 supra
1572 3758 1763 3823 docuimus.

227 3920 234 3945 ,
359 3856 536 3944 cfr.supra
551 3884 584 3946 p.
603 3882 658 3947 ²93
682 3868 725 3929 de
748 3866 834 3929 silva
859 3868 932 3931 Sila
957 3866 1018 3931 cin.
1036 3868 1204 3931 Mannert.
1223 3866 1416 3951 Geograpb.
1436 3866 1554 3931 ltaliae.
1575 3864 1618 3925 Il.
1638 3886 1672 3947 p.
1692 3865 1760 3944 198.

357 3982 459 4047 -41.-
477 3968 554 4031 Hoc
576 3971 621 4032 ad
643 3970 811 4037 Sardiniae
835 3973 1101 4058 descriptionem
1123 3966 1268 4058 spectat,
1299 3972 1429 4058 qnippe
1450 3970 1544 4049 cujus
1567 3968 1690 4034 insnlae
1713 3969 1762 4035 si·

354 4080 431 4138 turn
449 4092 470 4139 a
486 4074 636 4141 Salustio
654 4076 864 4142 illustratum
879 4078 1001 4165 fuisse,
1026 4098 1129 4166 supra
1147 4076 1337 4146 docuimus.
1358 4082 1455 4155 -43.·
1474 4078 1550 4140 Hoc
1566 4096 1645 4139 cum
1669 4074 1762 4163 frag-

356 4189 474 4247 mento
493 4186 523 4248 b.
543 4194 577 4250 et
593 4205 624 4267 9.
639 4184 723 4249 libri
744 4184 850 4270 primi
859 4186 1087 4272 jungendum.
1114 4200 1188 4261 uta.
1210 4186 1266 4250 M.
1282 4181 1434 4250 Atilius.
1456 4181 1517 4247 cfr.
1533 4204 1635 4267 supra
1655 4207 1689 4270 p.
1711 4204 1759 4266 ²7·

354 4292 391 4351 et
407 4288 456 4353 ab.
476 4294 575 4370 -45.·
592 4294 641 4361 De
658 4292 862 4360 Mithridate
878 4293 934 4359 vel
952 4292 1103 4379 Tigrane
1129 4294 1197 4357 hoc
1216 4290 1287 4356 dici
1307 4291 1422 4379 potuit
1444 4286 1504 4355 cir.
1520 4291 1610 4355 Plut.
1624 4287 1758 4355 Lucull.
