4050 5009
441 405 491 508 βα

437 575 624 662 fortitudu
642 601 819 678 roratum
842 612 887 662 eo
910 584 1123 691 respublica
1155 584 1198 664 in
1223 582 1486 670 extremosita
1514 596 1577 660 est
1623 579 1712 656 Sint
1731 603 1838 666 sane,

437 710 625 812 quoniam
649 710 703 785 ita
728 735 768 786 se
792 735 914 785 mores
943 707 1117 799 habent,
1153 708 1325 784 liberales
1352 735 1399 786 ex
1420 708 1611 786 sociorum
1646 703 1839 792 fortunis,

434 832 515 908 sint
534 832 790 912 misericordes
817 833 859 907 in
877 831 1028 909 furibus
1054 832 1206 908 aerariis
1229 859 1279 910 ne
1309 832 1386 908 illis
1411 831 1637 938 sanguinem
1663 845 1840 906 nostrum

436 955 672 1062 largiantur3
706 973 745 1034 et
771 957 866 1033 dum
890 957 1024 1064 paucis
1046 957 1232 1034 sceleratis
1253 971 1442 1062 pareunt,
1464 957 1587 1033 bonos
1606 952 1733 1032 omnis
1759 979 1839 1059 per-

436 1078 565 1158 ditum
580 1097 681 1159 eant
711 1083 812 1157 Bene
828 1097 869 1157 et
883 1081 1091 1186 composite
1107 1083 1151 1157 *G
1172 1084 1294 1158 Caesar
1309 1080 1442 1186 paullo
1467 1095 1556 1156 ante
1574 1079 1618 1155 in
1638 1075 1715 1154 hoc
1738 1076 1838 1154 ordi·

435 1230 486 1281 ne
505 1205 554 1282 de
575 1206 655 1282 rita
684 1221 723 1282 et
752 1220 875 1281 morte
898 1205 1075 1282 disseruit
1094 1237 1106 1301 3
1137 1204 1251 1282 credo
1286 1204 1381 1282 falsa
1406 1205 1636 1282 existumans
1659 1228 1725 1295 ea,
1757 1227 1840 1306 quae

435 1327 484 1403 de
506 1329 638 1405 inferis
656 1345 940 1404 memorantur:
965 1329 1114 1406 divorso
1136 1329 1273 1406 itinere
1291 1329 1410 1406 malos
1431 1356 1454 1406 a
1479 1327 1590 1406 bonis
1615 1328 1699 1402 loca
1723 1342 1838 1403 tetras

435 1451 600 1541 inculta,
622 1452 726 1528 freda
758 1469 875 1556 atque
892 1451 1136 1533 formidolosa
1156 1451 1305 1529 habere.
1339 1456 1472 1556 Itaque
1492 1451 1640 1528 sensuit
1655 1450 1838 1556 pecunias

434 1576 869 1680 eorumpublicandas‚·
886 1578 986 1682 ipsos
1015 1605 1085 1684 per
1108 1577 1320 1682 municipia
1345 1578 1389 1654 in
1413 1577 1593 1654 custodiis
1621 1573 1840 1668 habendum

434 1698 610 1775 videlieet
629 1700 783 1791 timens,
806 1727 874 1792 ns,
903 1701 935 1778 si
969 1703 1098 1777 Romae
1117 1701 1213 1792 sint,
1238 1719 1307 1778 aut
1332 1728 1355 1778 a
1377 1700 1629 1807 popularibus
1660 1699 1839 1776 coniura-

324 1910 334 1925 ,
435 1823 550 1900 tionis
575 1841 644 1900 aut
666 1852 691 1900 a
709 1824 959 1902 multitudine
979 1824 1169 1902 conducta
1192 1851 1261 1928 per
1281 1824 1360 1902 rim
1379 1825 1603 1929 eripiantur.
1638 1825 1764 1922 Quasi
1782 1851 1839 1899 ve-

434 1976 479 2024 ro
492 1949 584 2024 mali
602 1968 717 2053 atque
735 1949 879 2026 scelesti
898 1947 1165 2024 tantummodo
1187 1948 1230 2023 in
1249 1949 1365 2039 urbe,
1389 1963 1428 2024 et
1446 1975 1527 2024 non
1549 1976 1619 2053 per
1635 1953 1838 2026 totamlta-

434 2072 527 2148 liam
548 2073 643 2168 sint;
667 2091 834 2150 autnon
854 2073 909 2148 ibi
932 2074 1020 2178 plus
1047 2073 1162 2177 possit
1182 2072 1365 2162 audacia,
1389 2072 1458 2148 uhi
1479 2072 1530 2148 ad
1551 2071 1837 2163 defendendum

433 2222 522 2301 opes
537 2196 712 2273 minores¹
748 2198 879 2294 Quare
898 2223 1043 2272 vanum
1072 2197 1252 2300 equidem
1274 2195 1349 2272 hac
1369 2195 1573 2272 consilium
1590 2214 1668 2288 est,
1686 2196 1721 2274 si
1740 2193 1838 2303 peri-

432 2321 632 2414 culumex
655 2320 730 2394 illis
751 2319 907 2413 metuit3
937 2321 997 2396 sin
1026 2321 1069 2395 in
1097 2337 1205 2396 tanto
1231 2321 1406 2396 omnium
1428 2337 1534 2398 metu
1555 2319 1656 2396 solus
1683 2349 1770 2399 non
1792 2323 1836 2396 ti·

432 2459 530 2539 met3
553 2470 599 2520 eo
619 2443 738 2549 magis
760 2442 876 2519 refert
892 2470 954 2518 me
979 2442 1213 2548 mihiatque
1235 2444 1339 2519 vobis
1363 2444 1503 2519 timere.
1554 2446 1685 2546 Quare
1714 2474 1837 2551 quum

431 2567 480 2642 de
500 2571 537 2641 P.
558 2567 723 2642 Lentulo
742 2566 949 2670 ceterisque
979 2567 1165 2658 statuetis,
1189 2575 1260 2671 p'ro
1281 2583 1384 2644 certo
1408 2566 1603 2660 habetote,
1626 2595 1691 2646 ros
1720 2569 1835 2646 simul

432 2688 481 2766 de
500 2690 667 2766 exercitu
687 2689 861 2766 Catilinae
883 2707 922 2766 et
944 2691 1186 2769 de‘omnibus
1203 2691 1410 2766 coniuratis
1427 2690 1638 2770 decernere
1675 2694 1833 2793 Quanto
1940 2767 1941 2786 ,

432 2839 497 2889 vos
522 2814 703 2890 attentius
725 2839 770 2889 ea
785 2813 918 2919 agetis,
944 2832 1051 2892 tanto
1074 2816 1149 2890 illis
1170 2816 1321 2890 animus
1344 2814 1534 2900 infirmior
1553 2819 1643 2909 erit,
1667 2819 1699 2894 si
1723 2820 1835 2924 paul÷

432 2937 562 3014 lulum
589 2938 703 3014 modo
729 2964 795 3014 ros
815 2939 998 3044 languere
1022 2938 1205 3030 viderint,
1235 2940 1320 3017 iam
1341 2966 1470 3016 omnes
1493 2941 1830 3020 ferocesaderunt

431 3174 477 3224 tus
492 3165 524 3224 in
538 3163 636 3223 Turis.
657 3183 683 3221 1.
709 3160 810 3221 errari.
830 3161 916 3222 Bern.
930 3161 959 3233 4.
981 3162 1027 3223 illi
1039 3161 1213 3243 sungru'nem
1242 3161 1311 3224 vin.
1324 3182 1352 3224 a.
1372 3162 1434 3230 Bas.
1451 3183 1478 3224 a.
1495 3163 1547 3226 Ac.
1566 3165 1662 3226 Strur.
1685 3165 1785 3227 Gusls.
1801 3167 1828 3238 Α.

433 3289 480 3330 10.
499 3269 582 3330 Leid.
596 3269 624 3328 k.
636 3267 724 3343 suisa
737 3267 836 3327 urdo.
857 3267 900 3326 ita
920 3267 1014 3328 edidit
1027 3267 1109 3328 Cart.
1127 3289 1161 3328 ex
1176 3269 1306 3350 ingenio.
1325 3268 1510 3332 sacertodis
1523 3273 1607 3335 omis.
1623 3269 1771 3332 Commel.
1799 3273 1829 3330 in

429 3373 564 3434 astaus
583 3371 665 3433 Leid.
678 3373 706 3430 k.
735 3369 870 3432 unstrot
885 3371 1003 3446 timens,
1024 3384 1057 3434 ut
1079 3383 1131 3434 aut
1147 3395 1167 3433 a
1178 3395 1245 3455 pop.
1266 3374 1363 3434 Gueli.
1379 3378 1406 3435 5.
1428 3375 1575 3438 Commel.
1590 3375 1662 3446 Nar.
1697 3379 1829 3438 vaidelrbst

429 3479 564 3538 nonfuit
580 3477 716 3537 inPalst
732 3479 760 3538 3.
783 3475 951 3539 adunent
977 3479 1076 3542 δίων.
1103 3500 1207 3541 verum
1222 3481 1285 3540 tim.
1316 3479 1451 3553 Palat.¹4.
1480 3492 1513 3542 ια
1528 3483 1632 3542 limem
1660 3481 1759 3544 Gueli.
1783 3505 1826 3543 ro.

429 3582 536 3643 timens
549 3582 633 3640 omis
660 3580 723 3645 Bas.
742 3602 767 3641 ι.
793 3589 822 3640 et
836 3601 899 3642 non
907 3601 970 3662 per.
991 3591 1021 3644 et
1036 3605 1097 3644 om.
1119 3605 1195 3646 nnus
1212 3584 1263 3650 lib.
1285 3585 1374 3657 Rivii,
1393 3585 1490 3646 Guelf.
1506 3588 1534 3646 5.
1551 3587 1580 3646 6.
1611 3586 1738 3649 minores
1751 3599 1826 3649 sunt.
1938 3587 1939 3633 i

429 3685 489 3745 sint
513 3685 599 3748 Bern.
612 3705 639 3744 r.
659 3685 744 3744 Fabr.
760 3707 785 3744 r.
805 3684 867 3746 Bur.
881 3686 912 3758 4.
932 3687 1010 3748 delet
1027 3687 1088 3748 Bas.
1106 3710 1130 3748 ι.
1152 3690 1305 3752 eonsilium
1315 3700 1366 3751 est.
1386 3699 1427 3751 est
1440 3711 1501 3751 orn.
1517 3692 1615 3752 Gueli.
1632 3712 1678 3752 ιο.
1699 3703 1739 3754 eu
1748 3714 1825 3754 sons.

429 3790 515 3851 Bern.
527 3795 556 3852 ὅ.
573 3789 623 3848 sin
638 3789 681 3848 in.
697 3790 724 3847 si
738 3809 840 3851 omnes
854 3791 948 3854 corti
963 3790 1060 3852 Codd.
1080 3793 1166 3854 Leid.v
1175 3796 1195 3854 i.
1204 3817 1232 3878 g.
1244 3817 1285 3855 m.
1300 3815 1331 3855 n.
1357 3795 1448 3856 Mart.
1459 3809 1489 3861 r·
1511 3815 1614 3858 omnes
1628 3796 1692 3864 Bar.
1711 3798 1781 3858 Tur.
1801 3820 1823 3862 ι.

430 3916 460 3956 2.
480 3895 566 3955 Bern.
580 3915 606 3954 r.
627 3895 718 3970 refert
733 3886 779 3954 m'e
793 3895 877 3956 mihi
899 3916 945 3958 me
962 3901 1047 3960 omis.
1066 3903 1168 3962 insert
1183 3922 1208 3961 1.
1237 3900 1334 3961 Guelf.
1350 3920 1377 3962 a.
1390 3899 1420 3962 ὅ.
1433 3901 1462 3960 6.
1480 3923 1509 3981 7.
1530 3901 1611 3962 leid.
1624 3923 1665 3966 m.
1687 3904 1763 3963 ruhi
1781 3925 1833 3964 me«

428 3999 527 4060 Guelf.
539 4019 568 4064 a.
588 4000 647 4060 ine·
662 4019 691 4059 2·
711 4017 780 4060 eum
792 4003 830 4062 de
842 4002 952 4064 leurdo
970 4003 1033 4064 Bas.
1050 4025 1076 4064 1.
1105 4005 1253 4084 infirmior
1267 4005 1332 4066 erit.
1352 4006 1410 4068 srit
1430 4005 1528 4067 Guelf.
1540 4027 1570 4086 9.
1590 4009 1621 4068 in
1640 4011 1780 4091 margine,
1793 4013 1822 4068 in

427 4101 514 4170 aibr.
524 4125 554 4165 2.
573 4107 673 4164 locum
688 4114 792 4166 munt.
811 4107 965 4186 pardulwn
982 4111 1082 4171 modo.
1115 4113 1204 4172 modo
1224 4109 1304 4171 abest
1322 4109 1372 4176 dc.
1394 4113 1453 4172 inc.
1471 4131 1499 4172 a.
1511 4111 1600 4172 teis.
1611 4110 1643 4178 h.
1662 4113 1835 4175 siitussoet·

427 4210 513 4270 Fabr.
533 4206 759 4290 nivii-augus.
780 4209 845 4272 Cir.
854 4211 893 4270 D.
906 4213 934 4272 5.
955 4232 1000 4273 sa.
1022 4233 1076 4274 nos
1090 4207 1267 4276 haberemus.
1288 4235 1414 4277 norom.
1435 4215 1502 4278 Ere.
1523 4215 1613 4278 dead.
1633 4219 1691 4280 inc.
1703 4239 1730 4280 ι.
1749 4223 1820 4301 pla·

422 4323 471 4377 res
483 4315 596 4380 Wassii.
612 4333 666 4375 nos
678 4333 745 4376 enm
772 4313 841 4398 ng.
862 4316 952 4377 Mart,
961 4329 990 4382 r·
1011 4317 1081 4382 Tur.
1098 4339 1126 4380 a.
1146 4319 1232 4382 Bam.
1247 4341 1273 4382 ι.
1295 4319 1391 4382 maior
1407 4319 1491 4402 eopia
1509 4321 1593 4384 nobr's
1626 4321 1686 4386 Bas.
1704 4345 1730 4386 ι.
1742 4325 1774 4390 5.
1791 4329 1818 4396 Α.
