4050 5009
500 312 506 319 ¹
547 328 615 421 198
1795 395 1801 406 .

446 488 449 495 ¹
541 516 657 603 atque
681 498 740 573 uti
760 496 924 601 coepisti,
950 521 1070 600 perge.
1103 494 1228 569 Multa
1250 507 1603 597 atqueopportuna
1624 486 1758 577 babes,
1782 506 1859 587 quo
1882 480 1941 556 fa-

541 623 652 699 cilius
674 636 797 697 errata
818 619 946 694 officiis
962 642 1121 721 superes
1163 621 1352 692 Postremo
1369 615 1445 689 hoe
1464 616 1507 719 in
1528 630 1658 718 Ροοωο
1677 607 1946 703 ,tuum-dimit-

543 762 595 834 te,
631 771 844 846 numquam
874 741 1066 846 populum
1092 743 1308 816 Romanum
1332 737 1524 815 benefieiis
1550 737 1696 813 victum
1723 757 1823 809 esse:
1847 756 1946 805 nam

542 868 644 945 bello
663 868 766 970 quid
777 866 921 952 valeat,
948 878 1030 939 tute
1052 862 1158 937 scis''
1303 928 1307 935 ,

638 990 699 1065 Ad
723 1016 766 1064 ea
786 985 955 1063 Roecbus
973 986 1125 1103 placide
1147 999 1187 1060 et
1206 982 1388 1123 benigne3
1412 982 1526 1059 simul
1554 1010 1677 1088 panca
1701 1010 1772 1087 pro
1800 917 1947 1055 delicto

542 1139 611 1189 suo
629 1113 742 1189 verba
762 1111 874 1186 faoit.
890 1112 963 1201 „Se
984 1135 1064 1183 non
1088 1106 1218 1183 hostili
1233 1108 1380 1197 animo,
1401 1108 1466 1183 sed
1492 1110 1543 1183 ob
1554 1134 1714 1213 regnum
1733 1104 1947 1181 tutandum

543 1263 648 1311 arma
681 1235 844 1337 cepisse:
877 1260 970 1307 nam
986 1231 1176 1317 Numidiae
1200 1246 1364 1333 partim,
1388 1231 1494 1307 unde
1508 1232 1547 1305 ri
1566 1228 1797 1336 Iugurtham
1823 1255 1949 1331 expu·

544 1360 653 1447 lent,
676 1359 759 1432 iure
779 1357 871 1431 belli
892 1381 1001 1431 suam
1022 1354 1189 1443 sectam
1212 1375 1296 1429 eam
1319 1355 1457 1429 vastari
1478 1356 1527 1430 ab
1547 1356 1690 1447 Mario;
1709 1353 1790 1459 pati
1806 1352 1949 1454 nequi-

544 1484 635 1556 visse
656 1515 662 1554 :
689 1496 865 1582 praterea
896 1478 1015 1553 missis
1036 1494 1147 1554 antea
1168 1480 1326 1551 Romam
1352 1476 1499 1582 legatis,
1526 1479 1722 1581 repulsum
1743 1479 1793 1551 ab
1811 1476 1949 1550 amici-

546 1606 607 1677 tia.
647 1607 822 1678 Ceterum
841 1619 964 1676 vetera
985 1600 1174 1690 omittere,
1197 1627 1242 1673 ae
1262 1601 1416 1688 turn‚.si
1436 1628 1505 1704 per
1524 1598 1692 1675 Marium
1714 1601 1864 1689 liceret,
1896 1599 1950 1672 le-

546 1744 648 1829 gatos
667 1727 711 1799 ad
729 1727 910 1799 Senatum
925 1725 1162 1801 nioman!
1193 1725 1317 1812 Dein,
1343 1724 1452 1828 eopia
1475 1723 1594 1812 faeta,
1618 1725 1770 1798 animus
1787 1724 1947 1797 barbari

545 1852 595 1925 ab
615 1849 744 1923 amieis
761 1847 897 1937 flexus,
923 1872 1018 1949 quos
1035 1844 1242 1950 Iugurtha,
1266 1847 1416 1950 cognita
1431 1847 1618 1949 legatione
1639 1847 1754 1921 Sullae
1772 1862 1811 1921 et
1827 1848 1946 1920 Man-

479 1986 534 2047 103
544 1972 603 2061 lii,
630 1951 800 2045 metueris
821 1971 878 2058 id,
905 1969 1009 2070 quod
1030 1970 1256 2071 parabatur,
1281 1968 1390 2043 donis
1411 1986 1640 2073 corruperat
1679 1970 1823 2043 Marius
1847 1970 1948 2043 inte-

544 2122 623 2183 rea,
651 2094 818 2170 exercitu
842 2093 882 2165 in
908 2088 1167 2165 hibernaculis
1191 2090 1414 2193 composito,
1448 2118 1538 2165 cum
1570 2092 1752 2194 expeditis
1777 2091 1947 2167 cohorti-

544 2221 615 2293 bus
636 2236 674 2292 et
696 2232 805 2320 parte
823 2213 1014 2315 equitatus
1035 2208 1287 2316 proficiscitur
1307 2214 1350 2286 in
1369 2212 1450 2287 loca
1472 2214 1568 2302 sola,
1594 2215 1783 2289 obsessum
1803 2218 1945 2290 turrim

545 2342 715 2445 regiam,
749 2364 826 2441 quo
860 2334 1045 2438 Iugurtha
1077 2334 1251 2437 perfugas
1294 2335 1416 2409 omnis
1445 2335 1664 2438 presidium
1701 2337 1945 2437 imposuerat

544 2562 641 2622 latini
641 2562 768 2639 aliquot,
787 2557 848 2615 Bas.
859 2556 887 2627 A.
908 2556 992 2614 Bern.
1008 2577 1033 2614 ι.
1045 2556 1073 2615 3.
1096 2555 1141 2613 uti
1156 2554 1225 2613 Tur.
1246 2555 1345 2625 Basa.
1367 2557 1440 2616 Har.
1461 2556 1583 2618 tems.
1604 2558 1944 2642 multootqueopporffl.

546 2684 595 2723 na.
612 2674 698 2740 utque
717 2682 777 2719 om.
800 2664 897 2739 plures
912 2658 999 2739 Pelet.
1026 2659 1094 2718 vin.
1109 2679 1134 2716 1.
1162 2658 1258 2718 Sonat.
1278 2660 1373 2721 stum
1404 2665 1487 2720 Vrat.
1499 2667 1526 2723 ὅ.
1548 2664 1647 2723 Heuss.
1669 2663 1942 2730 Gnell.r.3,6,11.

550 2788 596 2825 12.
617 2766 696 2824 Leid.
711 2766 770 2822 tt.
789 2784 872 2832 nun.
901 2763 959 2821 Erl.
980 2761 1080 2831 ΒΜ.
1100 2761 1197 2823 Turio.
1217 2763 1342 2823 Bermr.
1362 2763 1477 2823 &ptine
1496 2764 1611 2829 Gruter.
1631 2766 1693 2824 Bas.
1717 2787 1742 2824 1.
1760 2769 1790 2837 4.
1811 2768 1898 2829 Bam,
1918 2793 1942 2833 ι,

545 2870 648 2929 Fratre.
670 2868 780 2930 Fabric.
792 2889 817 2925 2.
838 2865 927 2925 head.
949 2864 1030 2947 Berg.
1051 2866 1130 2924 Vrat.
1143 2864 1172 2924 3.
1194 2866 1291 2926 Guelf.
1306 2888 1332 2925 1.
1342 2867 1371 2927 3.
1384 2868 1412 2937 l.
1424 2869 1452 2927 6.
1465 2891 1493 2949 9.
1507 2890 1552 2930 ιι,
1573 2870 1763 2929 omnesteid.
1776 2872 1941 2952 (praeteri.)

546 2974 664 3033 dentitte
685 2974 781 3033 ceteri.
803 2970 910 3031 vietum
924 2989 989 3029 erse.
1006 2988 1063 3028 esse
1078 2988 1139 3027 om.
1154 2968 1251 3029 Guelf.
1261 2975 1288 3033 3.
1310 2970 1460 3032 Febrim-1.
1478 2994 1575 3052 pauco
1588 2996 1636 3053 pr.
1649 2976 1680 3033 d.
1694 2996 1755 3040 suo.
1773 2998 1942 3055 paucaom,

544 3080 605 3139 Bas.
622 3101 645 3137 ι.
666 3098 717 3137 suo
733 3096 792 3137 om.
809 3074 943 3137 Guntt.
965 3074 999 3133 ob
1020 3094 1101 3151 regn.
1114 3084 1167 3132 tut.
1190 3075 1226 3133 ob
1240 3095 1301 3134 om.
1323 3074 1384 3134 Bas.
1403 3099 1429 3135 ι.
1451 3078 1550 3137 Nazar.
1570 3079 1682 3138 Febric.
1702 3082 1769 3139 Seu.
1787 3103 1811 3146 ι,
1833 3084 1901 3144 Vin,
1917 3108 1940 3143 1,

415 3246 419 3261 ,
544 3184 639 3246 Guell.
657 3182 765 3243 1.3.6.
788 3186 842 3236 tut.
861 3177 896 3235 ob
911 3196 970 3255 reg.
992 3176 1112 3234 Bermi.
1134 3185 1260 3236 tutatum
1273 3180 1385 3237 Vin.1.
1415 3184 1602 3259 regadtut.
1631 3182 1713 3241 Leid.
1727 3186 1747 3242 i.
1761 3184 1781 3243 l}
1808 3186 1896 3254 Palat,
1913 3192 1939 3259 4,

544 3290 670 3350 trtlomlo
691 3286 777 3343 Palat.
793 3288 819 3346 3.
852 3282 1001 3358 expulerat
1021 3280 1122 3341 Franc.
1144 3284 1203 3340 inc.
1220 3304 1246 3338 r.
1266 3286 1361 3341 Strur.
1380 3283 1462 3365 Berg.
1479 3284 1580 3344 Gneli.
1591 3309 1618 3366 7.
1636 3307 1681 3345 to.
1697 3308 1742 3351 ιο.
1762 3292 1875 3370 aliquot
1889 3295 1940 3353 Pa.

544 3396 592 3452 ris.
615 3389 769 3468 nequivisse
782 3386 848 3465 pati
866 3384 963 3447 Guelf.
973 3384 1002 3443 3.
1024 3383 1123 3452 beel.
1145 3404 1209 3442 eom
1223 3387 1336 3444 vastari
1355 3408 1441 3465 prou.
1463 3410 1523 3447 om.
1544 3390 1628 3449 Rern.
1647 3412 1673 3448 ι.
1693 3402 1792 3452 vetera
1807 3398 1941 3457 demitte-

543 3520 577 3557 re
597 3497 679 3555 Leid.
699 3497 718 3551 Ι.
740 3492 883 3571 repulsum
900 3507 928 3546 se
955 3489 1028 3544 Vin.
1044 3508 1067 3543 r.
1097 3488 1194 3547 Guels.
1208 3510 1237 3567 9.
1258 3488 1343 3547 Born.
1356 3512 1381 3548 ι.
1406 3510 1460 3569 per
1473 3492 1605 3551 Marium
1624 3494 1764 3555 siliceret
1784 3475 1880 3559 Gnels,
1898 3523 1938 3561 η,

548 3599 682 3659 oratioue
697 3607 782 3674 atque
797 3593 875 3652 Silta
887 3601 913 3649 et
931 3589 1042 3648 Manlii
1055 3588 1105 3659 id,
1126 3592 1205 3668 quod
1216 3592 1380 3669 parabatur
1393 3604 1521 3656 metuens
1541 3598 1675 3660 Guelfj,

628 3766 700 3845 Cap.
719 3761 785 3822 103.
806 3760 839 3817 in
853 3746 1044 3818 hibernaculis
1064 3776 1157 3838 comp.
1179 3760 1348 3818 omrmslere
1362 3759 1438 3819 libri.
1460 3764 1493 3819 in
1509 3764 1637 3824 lubomir
1656 3765 1739 3828 ilem.
1754 3793 1780 3831 ο.
1795 3775 1937 3859 Bergist-

546 3882 617 3953 quot
627 3868 723 3937 trivii,
746 3872 869 3944 qttatuor
888 3862 1001 3921 Wassii.
1015 3860 1154 3938 prasidio
1170 3861 1239 3940 imp.
1258 3862 1373 3926 vratist.
1395 3864 1492 3923 Guelf.
1520 3887 1564 3927 ro.
1585 3870 1936 3957 tretraptota

544 3996 593 4037 seu
609 3996 668 4069 rep.
661 3973 722 4031 .ite
740 3968 855 4031 Gruter.
873 3964 1054 4026 exsuisrtn.
1082 3964 1166 4024 Febr.
1185 3963 1247 4028 Bas.
1262 3985 1288 4029 1.
1308 3966 1388 4024 Vrat.
1401 3988 1426 4025 1.
1447 3969 1582 4030 senata
1601 3972 1700 4040 Hense
1717 3978 1815 4044 Gueli.
1830 4008 1855 4045 r.
1869 3990 1932 4058 zi.

467 4120 470 4127 .
543 4084 613 4164 Teg.
633 4080 753 4139 Pariter.
764 4074 793 4132 b.
805 4094 868 4132 c.e.
889 4070 1001 4129 Bas..r
1015 4066 1136 4127 Bern..1
1149 4068 1518 4147 fil.ergo1lomonosseu
1538 4075 1673 4160 Guell.7.
1695 4081 1761 4142 lm.
1775 4108 1801 4146 a.
1821 4090 1931 4153 Viam.

545 4188 627 4249 Leid.
620 4209 666 4267 .g.
659 4183 737 4261 .sei.
749 4181 792 4239 ort
805 4176 924 4256 ergull
940 4170 1139 4250 seuGuelb9.
1153 4170 1211 4246 fel.
1223 4170 1283 4250 egit
1296 4172 1415 4251 ergoll,
1433 4174 1533 4236 Gnell.
1546 4200 1590 4238 ro.
1611 4183 1694 4267 Berg.
1718 4183 1776 4249 Pa}
1787 4194 1850 4257 50,ss
1869 4195 1931 4254 ‘ruf
