4050 5009
360 383 439 466 soe

318 664 325 668 .
375 633 384 644 .
445 574 538 649 coc.
560 575 654 658 cosa
672 569 748 642 cat.
769 569 853 644 cae.
875 519 970 660 sug.
991 573 1029 634 es
1047 562 1167 654 Epist,
1188 565 1241 634 as
1259 565 1348 635 cas.
1367 567 1478 663 reg.
1497 573 1587 642 aaa.
1606 577 1695 648 ιγ.

445 768 515 836 (ω,
536 787 566 850 7.
586 783 642 852 per
656 757 767 822 laboris
781 774 869 818 usum
884 767 935 820 so.
956 755 1175 821 dominationis
1193 785 1212 806 ·
1229 757 1523 852 magisqueunimm.
1534 794 1553 814 .
1565 767 1777 834 vendicemus.

361 875 495 960 pericula
520 871 650 950 repulsas
668 897 688 916 ·
713 864 868 926 fortissimi
890 883 995 925 nonne
1021 896 1038 910 ·
1061 863 1175 924 fueritis
1197 893 1217 914 ·
1240 862 1326 928 vobis
1345 875 1389 928 est
1407 898 1428 917 ·
1446 889 1492 932 res
1512 871 1576 951 ipsa
1592 903 1612 921 ·
1633 876 1698 958 ing.
1722 884 1776 939 est.

357 977 549 1064 profundunt
567 975 603 1034 in
625 971 789 1036 extruendo
805 972 882 1032 masi
902 1003 919 1018 ·
937 969 1058 1033 divitias
1078 988 1144 1031 suas
1165 999 1185 1018 -
1207 990 1246 1034 en
1264 969 1317 1032 illa
1339 992 1456 1056 quum-
1471 995 1579 1060 eorpus
1595 977 1688 1044 vobi..

440 1083 511 1166 lag.
534 1077 601 1142 113.
622 1081 709 1142 sulla
735 1077 870 1158 corporis
886 1077 998 1160 pariter
1016 1085 1108 1160 atque
1128 1076 1232 1162 enimc
1248 1077 1345 1141 rarius
1357 1108 1376 1128 ·
1388 1100 1453 1162 quse
1471 1083 1583 1145 scilicet
1598 1085 1641 1146 ita
1658 1094 1776 1151 tacente
1882 1163 1891 1170 ι

360 1191 429 1273 ipso
452 1189 604 1250 occultare
634 1184 695 1245 oris
726 1184 940 1246 immutatione
965 1185 1138 1266 patefecisse
1161 1215 1181 1232 -
1205 1183 1443 1263 eccemirijulrel
1463 1197 1532 1249 -ct
1553 1190 1581 1250 ei
1601 1191 1775 1252 nuntiatum
1855 1265 1857 1270 Ι

360 1302 512 1380 jugurtam
534 1320 553 1340 ·
583 1304 652 1352 na.
673 1289 706 1351 iu
731 1299 878 1373 potestate
901 1288 971 1354 hab.
997 1312 1063 1354 ιιι.
1096 1309 1223 1374 negare,
1250 1291 1362 1374 agitare
1386 1323 1406 1342 -
1423 1293 1537 1354 lenitur
1563 1303 1594 1356 et
1619 1315 1654 1357 ex
1676 1300 1737 1358 sol.
1757 1324 1776 1344 ·

360 1403 459 1464 mults
478 1398 618 1460 disseruit
633 1430 651 1444 -
674 1398 709 1458 in
734 1401 828 1481 gratis
847 1395 1003 1461 habituros
1026 1429 1046 1448 -
1063 1399 1202 1460 amicitiae
1221 1397 1324 1460 ioedus
1347 1427 1367 1446 ·
1395 1417 1463 1465 rso.
1490 1402 1603 1462 nullius
1619 1401 1738 1486 indigui
1756 1434 1775 1451 -

360 1505 451 1569 ilrerit
472 1503 551 1565 mihi
571 1505 702 1587 prelium
731 1538 748 1552 ·
776 1507 822 1568 uti
842 1505 932 1568 sultis
954 1523 1022 1585 109.
1043 1507 1135 1589 igitur
1156 1507 1234 1566 sulla
1256 1523 1332 1586 resp.
1353 1535 1371 1553 -
1393 1503 1551 1585 nihilium
1570 1527 1652 1569 nunc
1675 1537 1692 1556 ·
1718 1527 1774 1570 cc-

358 1614 442 1675 culte
453 1611 613 1675 accersitur
626 1618 769 1673 -tantum
784 1611 838 1679 tid.
853 1613 1024 1695 interpretis
1034 1645 1054 1660 -
1065 1617 1147 1692 jurat
1159 1631 1194 1674 eu
1205 1611 1350 1673 sententis
1367 1641 1386 1659 -
1407 1610 1475 1672 108.
1485 1607 1650 1674 sibicavere
1662 1615 1772 1696 nequi·

361 1723 434 1782 cisse
446 1749 465 1767 -
488 1715 557 1781 10⁵.
576 1727 606 1779 et
627 1715 812 1781 baleatomm
827 1753 847 1770 -
867 1719 936 1793 soi.
953 1719 1101 1802 deplorati
1119 1727 1189 1780 sunt
1204 1749 1220 1762 -
1242 1737 1308 1780 sca.
1326 1717 1458 1778 amicitia
1477 1728 1579 1780 nostra
1595 1749 1615 1768 ·
1627 1719 1745 1780 dimitte
1757 1750 1773 1766 -

358 1846 485 1909 regnum
504 1823 545 1885 ob
562 1825 722 1888 tutandum
743 1858 763 1877 ·
780 1829 927 1911 expulerit
949 1847 1017 1888 sus.
1031 1824 1112 1908 opud
1132 1825 1246 1907 primos
1261 1822 1394 1906 agitabat
1405 1855 1425 1872 -
1445 1837 1512 1886 roo.
1528 1828 1555 1886 it
1573 1825 1629 1905 (uti
1647 1825 1775 1908 ceperat)

358 1933 394 1993 in
410 1927 475 1994 hiis.
492 1943 616 2016 propter
632 1963 650 1981 ·
663 1933 713 2016 98.
730 1945 784 1995 sut
794 1953 853 2017 pru
864 1930 1027 1998 victoribus
1038 1965 1055 1981 ·
1078 1931 1129 2014 9⁵·
1143 1927 1256 2013 pudeat
1274 1930 1369 2014 magis
1382 1951 1420 1992 cn
1431 1933 1532 2015 pigeat
1542 1929 1680 1992 disserere
1690 1961 1710 1980 -
1724 1931 1775 2014 9⁴·

359 2033 452 2100 dubie
464 2036 542 2099 nisui
558 2073 576 2086 -
598 2049 771 2123 prospectus
793 2041 934 2119 visusque
949 2067 970 2086 ·
989 2035 1038 2119 93.
1059 2037 1246 2119 periculique
1268 2035 1348 2100 nihil
1367 2055 1429 2100 esse
1451 2036 1540 2103 dccet
1559 2067 1579 2088 ·
1600 2035 1705 2098 eodem
1724 2055 1774 2099 re-

357 2143 493 2226 greditur
506 2175 524 2196 ·
551 2144 660 2206 deinde
684 2143 793 2206 ilem·
814 2143 943 2227 cupidus
971 2141 1109 2206 difficilia
1127 2141 1263 2207 faciundi
1285 2145 1379 2208 anim.
1408 2146 1497 2214 vertit
1519 2175 1535 2193 ·
1563 2165 1614 2228 ge.
1631 2145 1774 2227 utrinque

358 2251 489 2347 premisse
505 2251 598 2316 vinee
613 2249 700 2327 (lsier
716 2249 801 2316 houd
815 2247 1072 2327 contemnendum.)

358 2507 450 2578 Cod
472 2511 563 2592 609².
584 2506 669 2578 Cat.
688 2507 783 2601 sing.
803 2511 883 2612 «Boo.
902 2502 1063 2585 missoree
1084 2495 1243 2576 Salustii
1260 2505 1388 2598 Crispi
1406 2511 1449 2578 de
1469 2509 1564 2577 hello
1576 2507 1773 2602 jugurtha·

368 2610 478 2706 solio.
498 2610 659 2700 explicit.
682 2620 772 2698 ¹⁴9³·
793 2616 844 2679 all.
864 2610 987 2699 April.
1007 2613 1087 2681 lsoec
1107 2613 1247 2701 influe.
1268 2611 1362 2680 liber
1381 2614 1420 2679 irs
1440 2613 1561 2682 Italia
1576 2607 1751 2698 ‚scriptun

438 2804 508 2869 Get.
526 2821 577 2870 so.
596 2817 730 2892 spectata
747 2825 792 2867 sn.
810 2803 888 2868 iuret
900 2829 918 2851 ·
932 2797 1091 2864 cecidisset
1108 2827 1128 2850 ·
1155 2795 1371 2863 deminutionis
1387 2833 1403 2848 ·
1425 2812 1517 2886 atque
1535 2805 1647 2866 nolle·
1669 2804 1773 2866 animo

356 2921 447 2998 atque
468 2917 564 2977 multa
584 2917 656 2998 agit
674 2911 825 2994 magnisque
851 2906 905 2994 (in
934 2927 1030 2991 musg-
1050 2906 1181 2988 enimus)
1199 2907 1398 2992 nosmetipsos
1419 2908 1620 2992 vendicemus.
1640 2941 1657 2958 ·
1676 2911 1773 2974 relin-
1846 2899 1853 2908 ’

357 3039 448 3102 quere
466 3051 487 3070 ·
500 3041 520 3082 o
536 3023 605 3082 lost.
621 3053 638 3068 ·
656 3037 761 3080 nonne
781 3019 859 3078 mori
877 3047 897 3064 ·
916 3033 1008 3098 qaam
1030 3014 1169 3076 miserm
1193 3014 1239 3096 (in
1251 3035 1345 3098 marg·
1358 3013 1448 3096 hanc)
1465 3035 1521 3100 pro
1535 3015 1625 3080 deum
1641 3015 1773 3080 obtestor

355 3143 409 3189 ros
433 3135 523 3207 etque
539 3123 700 3187 hominum
721 3145 754 3204 p.
768 3121 926 3203 tid-ing.
943 3130 998 3182 est.
1013 3151 1031 3168 ·
1047 3119 1270 3204 profundunt·
1285 3133 1316 3184 et
1333 3121 1372 3182 ad
1389 3141 1501 3186 necess·
1522 3142 1624 3206 cumi·
1640 3125 1687 3183 illi
1709 3121 1772 3185 tab.

355 3229 442 3312 signa
459 3239 625 3292 toreumata
642 3263 657 3279 ι·
670 3249 749 3292 nosa
766 3229 941 3296 dirimuutr
959 3229 1016 3286 illa
1039 3246 1130 3309 quarn
1147 3247 1223 3310 ssepe
1233 3231 1357 3310 optastis
1371 3262 1387 3275 -
1401 3229 1591 3302 ‚fortunuoia
1608 3229 1772 3294 victoribus

355 3337 468 3417 premis
486 3337 587 3417 posuit
604 3362 623 3382 ··
641 3334 713 3415 Jng.
737 3332 804 3397 ssi.
826 3351 928 3394 secum
948 3333 1081 3390 multum
1094 3333 1217 3414 agitasse
1236 3335 1323 3395 sulm
1337 3335 1437 3396 colore
1456 3345 1542 3398 motu
1562 3336 1693 3416 corporis
1713 3353 1771 3416 pa-

355 3445 428 3503 riter
445 3451 535 3525 atque
548 3442 652 3500 animo
671 3441 788 3508 sarius,
811 3453 879 3519 quse
896 3433 1011 3494 scilicet
1035 3437 1153 3496 occulta
1169 3436 1216 3497 sui
1237 3421 1367 3519 pectoris
1388 3433 1504 3501 tacente
1524 3441 1654 3524 ipseper
1669 3451 1771 3504 muta·

355 3549 470 3611 tionem
497 3549 556 3610 oris
581 3543 753 3627 patefecisse
781 3537 892 3606 dicitur
919 3553 987 3601 sss.
1018 3541 1052 3603 in
1076 3551 1222 3626 potestate
1248 3540 1417 3626 habuisset,
1446 3555 1510 3606 tum
1543 3545 1683 3610 credebat
1705 3548 1770 3610 iore

299 3703 306 3710 .
353 3663 470 3714 numus
487 3662 540 3716 aut
558 3653 667 3737 populi
682 3680 703 3702 ·
731 3671 799 3715 sss.
815 3652 919 3714 leviter
935 3669 970 3710 ex
988 3651 1171 3712 voluntate-
1183 3667 1290 3732 negaro
1304 3681 1323 3698 -
1344 3649 1381 3711 de
1405 3671 1478 3732 pace
1499 3651 1537 3712 de
1556 3653 1769 3716 communibus

354 3753 442 3817 rebus
465 3776 534 3820 uo.
559 3761 650 3822 luerit
671 3778 713 3819 m.
736 3759 867 3842 pretium
886 3789 904 3804 ·
924 3756 1072 3838 expulerit
1086 3785 1107 3806 -
1126 3757 1176 3816 cui
1196 3755 1310 3818 scilicet
1330 3759 1516 3840 conplacuit.
1537 3791 1554 3806 ·
1582 3779 1643 3843 qno
1665 3763 1769 3846 ingsn.

356 3871 411 3924 ant
424 3859 540 3928 advers.
555 3862 708 3928 flecterent
719 3895 739 3913 ··
750 3875 840 3946 atque
851 3864 908 3924 iter
918 3862 1028 3923 lamret
1037 3863 1094 3924 -in
1108 3859 1173 3922 bib.
1191 3862 1228 3923 iit
1241 3883 1305 3946 quc
1321 3898 1337 3914 ·
1352 3865 1401 3942 95.
1411 3863 1506 3946 pudet
1515 3867 1609 3948 magis
1619 3867 1767 3956 anpiget.²

356 3969 408 4052 93.
418 3965 512 4031 dubia
522 3970 602 4032 nuni
612 4003 633 4021 ··
642 3972 732 4033 nmis
743 3969 989 4031 modoeminent.
999 3969 1187 4052 periculique
1197 3968 1276 4030 nihil
1290 3972 1450 4036 essadoeet
1458 4005 1475 4020 ·
1483 3991 1565 4033 anm.
1578 3975 1668 4036 sertit
1676 4007 1691 4022 ·
1702 3975 1770 4054 pls.

350 4059 465 4138 niciem
490 4076 646 4158 perscribit
665 4109 687 4126 ·
708 4073 782 4156 (sos
806 4078 837 4137 in
863 4073 978 4159 marg.)
997 4097 1048 4158 97.
1077 4093 1175 4158 neque
1200 4073 1266 4139 ullo
1287 4078 1393 4140 ordine
1417 4076 1491 4140 belli
1512 4079 1562 4158 (al.
1580 4097 1663 4140 more
1684 4097 1769 4160 prm-

225 4225 229 4232 ·
278 4259 289 4270 ‘
353 4181 426 4257 lii;''
440 4180 503 4244 hsec
522 4185 555 4244 in
570 4183 719 4266 margine)
734 4177 786 4262 98.
800 4181 872 4262 quia
885 4198 951 4242 non
967 4182 1115 4263 ingerant.
1138 4181 1186 4254 id.
1197 4183 1357 4248 inimicum
1374 4186 1428 4259 (al.
1445 4183 1600 4268 iniquum)
1618 4182 1681 4248 hnc
1698 4203 1766 4268 sup.

352 4285 410 4368 pin.
428 4287 497 4350 eas.
517 4306 544 4369 7.
563 4287 599 4350 ni
613 4307 648 4349 ea
668 4305 714 4352 res
733 4287 853 4370 longius
874 4283 914 4347 sb
939 4282 1064 4369 incepto
1087 4284 1225 4352 traheret.
