4050 5009
389 373 461 470 521

391 597 460 640 200.
482 570 668 640 212131.
689 571 739 654 75.
761 587 810 654 27.
832 591 881 653 77.
904 573 943 638 G.
964 589 1015 638 20.
1036 577 1088 638 23.
1108 576 1272 659 preterea
1290 562 1532 666 nnisortevc.
1552 580 1793 669 1222291221-

391 701 462 765 me,
486 680 516 744 si
536 679 614 760 quis
635 676 789 762 exponit,
811 697 888 758 quae
907 681 962 743 vel
984 681 1060 744 fieri
1081 700 1179 764 posse
1199 688 1318 766 negat,
1345 683 1402 746 vel
1422 683 1612 750 absurdum
1631 708 1702 756 esse
1722 701 1791 756 sta·

389 785 473 866 tuit3
496 783 555 848 cir.
577 786 611 845 C.
624 801 671 846 20.
693 784 729 848 h.
745 782 771 844 1.
788 789 834 849 ri.
856 790 889 847 et
912 807 958 866 ¹9·
979 786 1139 869 pluribus
1158 784 1256 850 locis.
1276 788 1324 850 Fa
1339 789 1600 870 comparativis
1617 816 1652 876 p.
1667 804 1791 859 notm-

389 897 437 956 da
451 885 605 975 perinde
631 882 740 968 quati
763 897 795 955 ,1.
816 892 867 951 31.
886 885 1006 976 juxta
1027 885 1196 964 002111.
1227 889 1433 971 quibuscum
1461 892 1524 966 cir.
1540 894 1688 977 pariter
1707 920 1789 962 cum

386 1021 437 1081 77.
462 998 530 1058 208.
549 990 663 1058 simul
680 987 763 1054 cum
784 1013 834 1072 9²·
854 987 968 1058 simul
986 1000 1022 1056 et
1043 995 1093 1057 21.
1104 989 1224 1084 juxta
1244 1014 1382 1058 mecum
1403 999 1439 1058 0
1462 1000 1511 1060 58.
1539 1001 1597 1064 De
1616 1020 1790 1066 consecu-

389 1097 472 1166 tivis
499 1123 533 1185 p.
562 1099 634 1177 jam
660 1115 763 1180 supra
790 1095 982 1178 expositum
1011 1105 1077 1182 est,
1102 1101 1171 1162 hoc
1199 1102 1386 1166 tenendum
1412 1122 1453 1167 20
1482 1102 1604 1186 sepius
1622 1125 1687 1188 pro
1708 1101 1787 1170 idco

388 1204 491 1292 poni;
511 1203 591 1267 vide
611 1221 715 1287 supra
736 1203 779 1264 de
804 1221 904 1284 pron.
933 1205 982 1268 Er
1006 1199 1281 1290 interrogativis
1301 1227 1351 1269 an
1371 1206 1475 1271 etiam
1494 1209 1613 1292 priore
1632 1212 1788 1274 membro

386 1307 669 1394 interrogationis
688 1307 847 1392 ponitur,
867 1306 930 1372 ubi
950 1307 1042 1372 nihil
1068 1309 1224 1393 suppleri
1242 1318 1373 1394 potest,
1393 1311 1473 1376 vide
1496 1314 1531 1378 C.
1555 1316 1604 1380 52.
1625 1317 1714 1380 med.
1736 1335 1788 1378 an

388 1439 492 1482 an-
504 1415 632 1480 sinete.
652 1412 741 1479 Vide
760 1420 924 1497 preterea
937 1421 1070 1496 postea
1089 1435 1171 1480 2220
1193 1435 1302 1497 quam
1323 1416 1359 1478 C.
1379 1433 1408 1478 2.
1426 1433 1476 1496 29.
1496 1415 1650 1499 quodsi
1669 1437 1717 1494 ι4.
1738 1423 1787 1498 89

386 1533 420 1591 1.
441 1525 491 1586 85.
514 1521 614 1604 quod
629 1517 672 1584 ni
690 1521 726 1582 G.
750 1521 796 1584 ι8.
817 1519 919 1601 quod
934 1513 1079 1582 utinam
1098 1528 1131 1586 ,1.
1154 1522 1202 1594 ri,
1221 1555 1264 1572 -
1281 1521 1334 1586 De
1356 1519 1498 1606 singulis
1515 1520 1695 1604 particulis
1711 1525 1786 1588 haec

387 1628 556 1692 notanda:
577 1633 655 1688 tum
674 1643 761 1689 0220
783 1637 1000 1708 magnacum
1021 1623 1058 1687 vi
1078 1632 1156 1709 post
1175 1625 1357 1710 participia
1378 1635 1412 1692 ct
1432 1628 1537 1690 ablat.
1557 1628 1701 1692 absolut.
1722 1649 1786 1712 po-

388 1733 485 1798 nitur
507 1735 546 1796 G.
574 1734 624 1793 61.
643 1739 676 1797 ,1.
699 1731 748 1805 81.
776 1731 1068 1812 roupertum,
1089 1730 1241 1811 denique
1260 1751 1330 1794 non
1356 1735 1461 1797 modo
1478 1732 1519 1796 in
1539 1733 1646 1818 longa
1672 1753 1788 1796 rerum

387 1837 665 1918 enumeratione,
691 1835 752 1900 sed
772 1835 876 1900 etiam
900 1843 973 1898 tum
991 1845 1214 1919 usurpantur,
1230 1837 1293 1900 ubi
1313 1837 1364 1903 rei
1389 1837 1566 1917 enjusdam
1585 1838 1787 1922 descriptio-

387 1965 469 2011 nem
495 1943 640 2028 scriptor
663 1941 782 2027 paucis
808 1939 965 2008 absolvit.
989 1939 1071 2006 vide
1095 1941 1204 2010 indic.
1244 1943 1410 2008 Preterea
1441 1945 1592 2006 notanda
1618 1943 1787 2007 orationis

265 2073 273 2088 ¹
386 2051 531 2116 varietas
555 2049 594 2112 in
616 2067 680 2112 usu
703 2045 950 2132 particularum
968 2047 1076 2114 modo
1093 2085 1134 2098 -
1154 2049 1262 2115 modo
1283 2051 1320 2112 C.
1340 2056 1387 2119 15.
1405 2061 1439 2117 ,1.
1461 2054 1511 2114 23.
1533 2069 1681 2125 rursus,
1697 2057 1814 2132 post·

385 2170 417 2227 J.
444 2159 492 2224 55.
514 2152 697 2220 interdum
717 2187 758 2206 -
779 2153 887 2218 modo
908 2155 958 2214 62.
980 2153 1073 2218 odeo
1093 2156 1130 2216 C.
1155 2160 1207 2235 37·
1232 2155 1287 2218 bis
1316 2166 1349 2224 J.
1377 2158 1427 2220 65.
1453 2178 1519 2218 ιιο.
1555 2175 1622 2216 ιιι.
1654 2164 1687 2220 et
1709 2157 1783 2222 [nd

382 2283 500 2348 porro
526 2262 565 2326 in
588 2259 755 2347 oppositis
779 2270 813 2325 J·
838 2261 889 2322 25.
909 2279 1026 2342 neque
1044 2261 1164 2324 solum
1183 2294 1225 2312 --
1244 2261 1310 2326 sed
1329 2257 1478 2326 omnino
1501 2262 1537 2324 C.
1564 2264 1615 2341 37.
1629 2272 1786 2345 prorsus

385 2373 438 2433 26.
461 2372 509 2439 25.
533 2372 582 2438 23.
596 2365 681 2458 jam
698 2364 859 2451 primum
883 2367 931 2428 15.
948 2362 1031 2454 jam
1051 2371 1130 2428 tam
1157 2368 1203 2429 28.
1228 2389 1275 2448 29.
1294 2367 1558 2451 Praepositiones
1576 2374 1683 2438 ante,
1697 2345 1800 2448 post*

384 2474 573 2560 sepissime
600 2471 842 2538 adverbiorum
861 2471 953 2536 vices
982 2472 1149 2556 implent3
1180 2474 1269 2536 adde
1295 2479 1434 2554 proeter
1466 2473 1503 2534 C.
1533 2473 1584 2534 36.
1616 2489 1730 2552 supra
1753 2470 1785 2531 5.·

387 2587 432 2648 de
439 2579 553 2666 positu
560 2578 844 2665 praepositionum
854 2577 914 2640 cfr.
927 2597 1018 2658 quos
1027 2578 1222 2642 adeersum
1236 2588 1269 2644 J.
1284 2599 1351 2638 ιοι.
1374 2595 1466 2656 quos
1474 2574 1571 2638 inter
1580 2577 1616 2638 1ι.
1631 2577 1655 2636 L
1673 2576 1723 2641 68.
1736 2574 1788 2637 ad

386 2709 426 2752 se
435 2688 619 2753 00222221.
629 2681 726 2750 tenu
735 2679 959 2763 Hispaniam
973 2680 1555 2767 uersush.fr.inc.177.Aegyptum
1564 2691 1726 2746 0222221.
1735 2699 1785 2761 29.

466 2793 666 2858 Medorum
688 2773 782 2852 ratio
805 2787 898 2871 apud
925 2785 1112 2848 Salustium
1142 2784 1253 2850 multo
1274 2785 1468 2869 simplicior
1488 2803 1592 2866 quem
1613 2789 1707 2868 apud
1731 2809 1786 2850 ce·

384 2910 476 2966 teros
503 2898 695 2981 scriptores.
734 2893 893 2960 Ambitus
918 2893 1013 2958 enim
1045 2892 1231 2976 uerborum
1266 2901 1301 2957 et
1327 2891 1589 2975 comprehensio
1614 2893 1784 2974 (periodi)

385 3009 478 3093 apud
497 3005 599 3068 illum
619 3010 813 3068 contractus
835 3010 869 3066 et
889 3001 1005 3064 brevis
1027 3008 1097 3083 est,
1119 2998 1212 3062 etin
1231 2999 1386 3064 membra
1409 2999 1566 3079 quedam
1592 2998 1784 3062 orationem

384 3108 551 3175 libentius
570 3107 740 3194 dispertit.
777 3112 895 3190 Neque
915 3113 1052 3191 poterat
1074 3126 1147 3170 esse
1169 3105 1210 3168 in
1227 3105 1391 3188 abmpto,
1413 3123 1483 3183 quo
1506 3106 1644 3188 gaudet,
1664 3105 1784 3169 dicen·

386 3218 424 3282 di
444 3233 585 3301 genere,
607 3212 790 3276 artificiosa
811 3214 995 3276 modorum
1017 3211 1232 3294 compositio.
1271 3212 1384 3293 Quare
1404 3211 1473 3272 hoc
1497 3209 1638 3289 quidem
1664 3212 1704 3274 in
1723 3231 1783 3296 ge·

384 3342 468 3388 nere
497 3339 599 3404 quam
627 3317 775 3381 maxime
798 3335 818 3376 a
838 3316 1008 3378 Tullianae
1032 3314 1202 3376 emtionis
1221 3322 1391 3376 structura
1411 3313 1549 3375 recedit.
1590 3315 1784 3379 Memorem

385 3431 531 3515 dignum
550 3421 662 3488 solum
685 3423 752 3483 hoc
771 3428 839 3501 est,
859 3417 1047 3480 Salustium
1059 3435 1157 3480 more
1173 3416 1427 3479 Historicorum
1448 3417 1646 3481 Graecorum
1660 3419 1784 3504 saepius

385 3531 574 3598 indicativo
595 3546 695 3592 usum
716 3509 812 3608 csse,'
827 3522 890 3586 ubi
912 3541 954 3588 ex
975 3521 1276 3608 grammaticorum
1286 3520 1426 3606 „regulis
1450 3521 1690 3599 conjunctivus
1707 3547 1784 3590 mo-

385 3643 538 3705 duceret
557 3634 727 3701 usitatior.
749 3631 811 3697 cir.
830 3631 955 3696 Bernh.
978 3629 1075 3714 Synt.
1097 3650 1132 3711 p.
1150 3629 1222 3708 389.
1263 3627 1345 3688 Nam
1363 3626 1419 3690 vel
1439 3635 1530 3711 tum,
1549 3629 1612 3692 ubi
1634 3631 1783 3694 aliorum

385 3763 502 3810 sensus
533 3753 566 3808 et
590 3741 737 3828 cogitata
768 3746 989 3822 enarrantur,
1019 3757 1119 3800 suum
1147 3731 1338 3816 interponit
1370 3731 1540 3809 judicium
1552 3760 1563 3808 ;
1592 3755 1645 3798 res
1673 3747 1784 3822 gestas

387 3851 483 3916 enim
502 3849 692 3924 illustrare,
713 3865 815 3928 quam
837 3844 985 3908 aliorum
1007 3841 1189 3925 opiniones
1206 3848 1240 3901 et
1253 3836 1385 3916 judicia
1405 3837 1624 3920 interpretari
1650 3843 1783 3923 maluit,

386 3955 449 4021 cfr.
467 3955 502 4016 C.
526 3971 572 4036 ²7·
593 3973 699 4037 quam
713 3957 914 4036 paraverat
929 3959 961 4014 J.
983 3950 1051 4008 203.
1078 3965 1159 4028 quar
1173 3939 1245 4006 sibi
1261 3949 1432 4006 venerant
1453 3962 1522 4003 ιιι.
1547 3943 1710 4008 Romani
1725 3943 1784 4010 in.

387 4057 455 4126 risi
467 4065 586 4124 erant.
614 4057 675 4120 cir.
697 4059 734 4118 G.
758 4074 804 4133 ¹4·
827 4073 903 4135 quae
915 4047 1194 4140 frequentabat.
1213 4051 1261 4110 50.
1282 4047 1344 4128 qni
1367 4046 1404 4108 in
1427 4047 1617 4110 custodiam
1647 4047 1784 4114 traditi

386 4174 506 4230 erant.
525 4169 575 4230 80.
586 4159 701 4251 sacta
720 4166 813 4222 erat.
833 4159 899 4220 Sed
918 4155 1003 4220 falso
1026 4158 1094 4219 hnc
1112 4153 1274 4218 referunt.
1294 4169 1343 4214 22.
1369 4151 1568 4214 credebant.
1595 4156 1700 4218 Recte
1720 4176 1782 4217 au-

384 4289 453 4354 pem
473 4271 523 4332 28.
543 4264 769 4352 impendebat
787 4259 951 4326 nonnulli
972 4257 1404 4326 802111.22121122210185ι.
1424 4255 1498 4319 init.
1518 4259 1782 4322 consuluerunt
