4050 5009
1586 438 1632 514 15

227 628 381 698 fluminis
402 628 441 693 iu
461 642 586 710 aquam
599 620 806 711 provoluta,
833 618 990 687 fremitus
1016 616 1147 686 interni
1163 620 1334 707 exauditi,
1354 628 1390 689 et
1412 629 1640 712 postponens

205 740 321 823 dies,
340 754 417 819 qua
440 750 605 798 concussa
620 738 732 807 erant,
752 735 966 795 corruerunt.
986 728 1112 793 Saxam
1126 726 1245 793 rivum
1263 749 1342 795 curn
1360 732 1638 823 provolveretur,

224 846 264 910 in
286 839 458 928 praecipiti
477 858 563 925 rupe
585 836 767 901 immobile
788 834 923 901 stetit*
954 833 1016 899 cis.
1040 833 1112 902 iul.
1137 834 1264 917 Obseq.
1287 852 1355 901 rao.
1381 847 1546 922 preterea
1566 842 1639 908 clia

225 948 392 1037 prodigia
407 946 509 1010 iacta.
539 944 630 1009 Ptin
652 944 698 1007 H.
717 946 757 1007 N.
785 944 829 1009 11.
851 940 902 1003 ³5.
924 944 1026 1007 Unde
1048 938 1156 1005 Curio
1176 941 1304 1007 Consul
1324 944 1444 1011 retudit
1466 949 1514 1011 ad
1535 966 1636 1013 sena·

227 1064 317 1141 tum,
338 1062 377 1118 ut
398 1052 506 1141 legati
520 1054 684 1138 Erythras
699 1048 935 1131 mitterentur,
958 1050 1004 1111 ad
1022 1045 1175 1137 carmina
1192 1047 1355 1134 Sibyllae,
1375 1070 1452 1133 quac
1470 1052 1639 1138 Capitolii

227 1160 391 1226 incendio
399 1162 701 1245 conflagraverunt,
712 1152 958 1239 recolligenda.
967 1151 1067 1217 Missi
1075 1162 1155 1217 sunt
1163 1155 1202 1217 P.
1212 1155 1395 1242 Gabinius,
1403 1157 1634 1234 M’Otacilins,

227 1269 264 1333 1.
280 1264 441 1330 Valerius
454 1262 515 1327 cfr.
527 1264 607 1325 Tac.
622 1261 713 1323 dun.
733 1262 791 1325 VI.
808 1278 857 1321 rs.
877 1260 1032 1327 Lsotsnt.
1041 1260 1090 1325 de
1103 1259 1188 1323 falsa
1197 1260 1370 1347 rengione
1391 1266 1420 1326 I.
1433 1268 1465 1327 6.
1483 1264 1548 1329 nbi
1571 1267 1637 1331 Fe·

226 1369 408 1435 nestellam
434 1367 538 1447 hujus
558 1366 612 1431 rei
629 1373 803 1431 auctorem
824 1366 1204 1431 commemorabimus
1221 1386 1363 1449 quicque
1379 1388 1420 1433 ae
1440 1370 1639 1455 pestilentis

224 1476 430 1541 laboratum.
450 1472 510 1541 cfr.
532 1474 599 1538 Sal.
623 1472 744 1561 fragm.
770 1476 801 1542 ³.
826 1494 876 1536 ιι.
902 1474 963 1557 Ep.
987 1474 1050 1535 Cn.
1067 1474 1187 1559 Pomp.
1212 1475 1258 1536 ad
1279 1475 1359 1539 Sen.
1400 1478 1479 1559 Quo
1497 1474 1639 1544 taribus

225 1589 328 1648 motae
358 1580 547 1647 seditiones
575 1579 780 1644 domesticae.
811 1578 957 1644 Exortus
981 1584 1033 1645 est
1052 1579 1114 1642 cn.
1135 1577 1284 1645 Sicinius
1305 1579 1384 1646 trib.
1400 1581 1513 1666 pleb,
1530 1583 1637 1647 homo

225 1705 304 1751 scer
337 1696 371 1751 et
401 1686 604 1769 seditiosus,
640 1684 727 1769 (Cic.
756 1686 846 1749 Brut.
878 1686 929 1747 60.
962 1683 1054 1749 Plut.
1081 1685 1189 1749 Crass.
1219 1706 1251 1767 7.
1279 1687 1396 1751 dacum
1424 1686 1566 1755 Pedium
1596 1685 1638 1750 in

226 1790 378 1857 Divinat.
394 1808 496 1877 p.·19.
515 1792 585 1855 Sal.
607 1790 728 1876 fragm.
752 1790 782 1857 ὅ.
801 1790 850 1852 aa.
872 1791 966 1854 Orat.
989 1792 1037 1853 Μ.
1053 1790 1164 1855 Licin.
1184 1796 1226 1854 ir.
1243 1791 1294 1877 pl.
1321 1796 1366 1855 ad
1386 1793 1542 1875 plebem)
1561 1790 1637 1877 pri·

225 1916 370 1979 musque
390 1901 432 1963 dc
449 1898 660 1962 restituenda
673 1903 840 1981 potestate
851 1894 1038 1961 tribunicia
1056 1895 1139 1982 egit.
1153 1898 1332 1982 Godsnles,
1350 1919 1429 1963 cum
1440 1898 1638 1964 actionibus

228 2002 425 2067 tribuniciis
456 2002 582 2069 acriter
606 2002 822 2081 resisterent,
851 2002 1021 2067 aSicinio
1049 2002 1089 2065 in
1108 2004 1311 2069 concionem
1330 2005 1455 2089 popuii
1474 2005 1638 2089 producti

225 2115 325 2190 sunt,
343 2108 406 2169 ubi
432 2109 535 2171 Curio
560 2109 754 2174 nobilitatis
776 2128 911 2173 canam
932 2109 1083 2195 impigre
1098 2109 1263 2175 defendit.
1281 2110 1351 2173 Cic.
1366 2112 1459 2173 Brut.
1477 2113 1528 2173 60.
1548 2109 1638 2173 Sici·
1737 2104 1767 2197 f

231 2208 313 2269 nius
328 2208 498 2270 libertatis
510 2228 629 2289 poenas
649 2212 755 2274 dedit.
777 2214 885 2275 Paulo
903 2222 982 2295 post
995 2213 1091 2277 enirn
1107 2211 1222 2275 subita
1242 2220 1353 2274 morte
1370 2210 1556 2275 exstinctus
1569 2218 1639 2292 est,
1716 2219 1721 2228 ’

228 2311 393 2387 facinoris
413 2310 548 2374 invidia
568 2318 733 2375 oneratur
754 2309 873 2374 Curio.
894 2310 956 2373 cir.
973 2312 1035 2378 Or.
1053 2314 1098 2373 bs
1117 2310 1229 2373 Licin.
1248 2312 1317 2374 Sal.
1333 2310 1457 2397 fragm.
1480 2316 1509 2377 3.
1531 2329 1581 2377 aa.
1599 2336 1637 2398 a,

225 2420 278 2482 35.
299 2418 376 2482 Val.
393 2418 483 2480 Mar.
504 2417 560 2480 IX.
584 2432 631 2493 14.
656 2418 685 2479 5.
704 2416 826 2479 Aaron
847 2416 988 2479 Pedion.
1009 2414 1049 2477 in
1063 2412 1217 2477 Divinat.
1239 2437 1274 2500 p.
1291 2437 1340 2497 ¹9·

307 2524 349 2586 In
362 2522 546 2611 Hispania,
571 2542 649 2586 cum
665 2521 848 2608 Pompeius
864 2524 1049 2607 Pyreneus
1067 2540 1145 2585 cum
1156 2520 1299 2607 triginta
1311 2523 1467 2587 millibus
1480 2524 1640 2609 peditum

92 2667 95 2677 ·
226 2636 262 2697 et
280 2631 379 2698 mille
400 2630 575 2715 equitibus
593 2637 798 2716 superasset,
816 2636 959 2716 propter
974 2626 1102 2693 famam
1119 2648 1237 2695 rernm
1256 2636 1338 2695 aute
1349 2631 1394 2694 ab
1409 2650 1451 2695 co
1464 2636 1639 2718 gestarum

147 2764 153 2774 ·
225 2738 343 2803 multae
363 2737 517 2803 civitates
540 2734 770 2803 deiectionem
792 2736 979 2824 agitabant.
1006 2738 1091 2823 Quae
1109 2754 1186 2823 spes
1202 2744 1243 2800 ut
1260 2736 1306 2801 iis
1321 2736 1568 2822 prenderetur
1580 2755 1639 2803 ce·

230 2852 452 2927 terarumque
473 2843 559 2909 fides
572 2844 799 2925 retineretur,
811 2842 983 2908 Sertorius
1000 2844 1196 2908 homnem
1217 2842 1387 2925 oppidum
1404 2842 1444 2904 in
1466 2841 1638 2925 Hispania

226 2950 492 3027 Tarraconensi,
512 2948 572 3012 cir.
590 2950 680 3011 Plin.
698 2964 746 3023 ιι.
762 2952 791 3015 6,
811 2950 903 3010 Flor.
921 2964 950 3009 n.
971 2964 1020 3011 ns.
1041 2963 1072 3018 4.
1088 2962 1119 3002 n.
1140 2944 1198 3004 cui
1216 2942 1400 3027 Pompcjus
1418 2962 1454 3009 ae
1466 2945 1637 3008 armiliam

228 3068 301 3117 esse
332 3050 485 3112 laturum
511 3047 733 3131 promiserat,
761 3046 799 3105 in
819 3054 1002 3127 conspectu
1027 3046 1181 3110 bostium
1200 3054 1337 3133 captum
1359 3048 1524 3114 incendio
1541 3050 1641 3117 dele·

224 3155 288 3220 rit.
309 3156 400 3217 Ptnt.
419 3154 545 3217 Sertor.
566 3152 613 3218 ra.
635 3150 910 3234 Appian.1.109.
930 3148 1114 3233 ipsumque
1126 3151 1279 3234 Pompeii
1299 3154 1451 3238 legatum
1470 3156 1640 3242 heliam,
1712 3208 1724 3244 ⁸

226 3261 367 3327 insidiis
382 3276 600 3344 oppressum,
621 3274 700 3319 cum
715 3262 948 3341 magnapartc
961 3255 1127 3321 exercitus
1145 3254 1279 3322 cecidit.
1300 3258 1390 3320 Plnt.
1408 3260 1433 3321 l.
1446 3261 1470 3321 l.
1489 3262 1638 3345 Appiam.

223 3370 251 3435 l.
269 3370 293 3431 l.
316 3366 454 3433 Orosi.
471 3366 496 3429 l.
518 3362 672 3427 Frontin.
693 3380 722 3425 ι.
742 3364 771 3423 ⁵.
786 3364 836 3423 31.
852 3358 889 3443 ⁹)
912 3360 1020 3424 Paulo
1041 3370 1120 3446 post
1140 3362 1337 3448 Contrebia,
1356 3366 1566 3449 Carpetania
1587 3366 1637 3431 ci·

227 3473 335 3558 vitas,
366 3492 442 3553 quae
461 3478 495 3535 et
515 3470 590 3556 ipse
606 3468 841 3552 defecerat,·a
857 3466 1009 3532 Sertorio
1028 3469 1164 3534 obsessa
1182 3478 1216 3534 ct
1242 3490 1322 3535 cum
1354 3490 1479 3557 magna
1501 3470 1637 3551 jactura

230 3578 384 3644 militnm
405 3586 553 3659 quatuor
568 3566 606 3640 et
623 3572 852 3659 qnadraginta
864 3571 986 3639 diebus
1005 3582 1207 3661 expugnata.
1227 3571 1290 3639 cir.
1302 3575 1425 3663 fragm.
1442 3576 1535 3642 Livii
1547 3578 1638 3644 Hist.

311 3898 347 3980 ο)
368 3894 441 3962 rur.
461 3892 585 3976 osreq.
605 3916 673 3975 119.
695 3896 742 3962 Μ.
761 3894 911 3959 Aemilio
929 3898 971 3957 u.
990 3898 1096 3958 nmio
1113 3898 1204 3962 coss
1236 3880 1382 3972 ,nauus
1402 3897 1527 3963 urna
1540 3898 1639 3984 ng.-

231 4014 287 4070 tus
301 4000 472 4089 Pompeji,
493 4000 550 4063 cui
567 4000 766 4087 prodigium
785 4004 905 4068 Romae
925 4009 997 4065 erat
1017 4000 1160 4088 facturn,
1180 4003 1220 4067 in
1241 4004 1330 4067 lecto
1351 4003 1468 4067 uxoris
1483 4006 1635 4066 duo‘an-

232 4130 315 4197 guas
328 4106 501 4193 conspecti
520 4105 558 4171 in
573 4105 812 4192 diversumque
829 4107 929 4195 lapsi.
953 4108 1112 4175 Proxime
1123 4109 1289 4196 Pompejo
1306 4108 1346 4173 iu
1363 4108 1482 4172 castris
1500 4102 1636 4170 sedenti
1716 4168 1730 4193 Ι

233 4214 397 4301 accipiter
415 4232 518 4300 super
538 4221 641 4299 caput
666 4223 866 4303 accesserat,
892 4214 931 4281 in
950 4214 1119 4302 Hispania
1140 4220 1301 4286 adversus
1328 4212 1519 4281 Sertorium
1543 4208 1640 4278 inter

230 4320 451 4407 pabulatores
466 4318 607 4387 occisus.
