4050 5009
498 430 570 484 too

495 584 733 692 obtinuerat,
756 586 858 664 inter
868 588 1097 694 Iugurtham
1117 605 1156 668 et
1167 588 1427 668 'Adherbalem
1448 589 1684 681 dividerent,
1709 581 1816 659 cuius
1840 578 1898 652 lc-

496 710 658 814 gationis
685 711 862 816 princeps
881 711 958 787 fuit
975 717 1015 788 L
1032 714 1226 817 Opimius,
1250 714 1366 792 bomo
1384 717 1508 792 clarus
1527 732 1566 790 et
1586 729 1670 788 tum
1694 709 1736 783 in
1751 709 1900 782 Senatu

497 850 651 937 potens:
677 837 769 937 quia
792 835 944 926 consul,
972 840 1009 912 C
1035 836 1210 912 Graccho
1231 854 1269 912 et
1286 839 1336 912 Μ.
1355 838 1490 914 Fulvio
1515 838 1650 912 Flacco
1671 828 1900 915 interiectis,

496 982 691 1033 acerrume
710 959 909 1056 victoriam
929 943 1140 1034 nobilitatis
1158 961 1198 1036 in
1220 962 1370 1064 plebem
1388 975 1613 1036 exercuerat.
1643 961 1744 1032 Eum
1760 957 1901 1056 Iugur-

499 1079 565 1154 tha
591 1081 737 1157 tametsi
753 1083 881 1157 Romae
898 1082 941 1156 in
962 1081 1093 1157 amicis
1113 1081 1319 1178 babuerat,
1343 1103 1470 1160 tamen
1494 1081 1775 1160 adcuratissime
1794 1103 1900 1151 rece-

497 1204 557 1307 pit
567 1236 583 1277 :1
602 1204 731 1282 dando
742 1221 785 1290 ,et
802 1205 1053 1308 pollicitando
1072 1207 1194 1281 multa
1222 1207 1401 1310 perfecit,
1415 1209 1474 1282 uti
1496 1208 1619 1296 fama,
1642 1204 1734 1294 lide,
1754 1216 1903 1306 postre-

497 1354 560 1403 mo
581 1329 758 1403 omnibus
777 1330 854 1404 suis
873 1329 984 1404 rebus
1004 1330 1246 1406 commodum
1270 1332 1365 1434 regis
1384 1331 1595 1406 anteferret
1645 1327 1824 1430 Reliquos
1847 1325 1903 1399 le-

497 1467 601 1555 gatos
624 1453 756 1529 eadem
777 1454 838 1528 ria
865 1452 1078 1556 adgressus,
1110 1453 1308 1556 plerosque
1338 1455 1459 1557 capit:
1488 1453 1618 1557 paucis
1638 1452 1762 1526 carior
1784 1449 1902 1542 fides,

499 1602 617 1676 quam
639 1577 802 1680 pecunia
828 1576 911 1651 fuit
961 1579 1007 1650 In
1038 1575 1241 1666 divisione,
1266 1603 1352 1679 quse
1378 1604 1464 1680 pars
1491 1575 1680 1651 Numidiae
1711 1574 1903 1647 Maurita-

504 1699 611 1773 niam
643 1700 826 1804 adtingit‚
850 1727 939 1804 agro
968 1699 1134 1802 virisque
1160 1700 1394 1804 opulentior,
1422 1699 1616 1805 Iugurthae
1634 1699 1819 1773 traditur:
1857 1697 1904 1770 il-

504 1820 582 1896 lam
600 1823 757 1897 alteram
775 1823 898 1925 specie
925 1850 1043 1924 quam
1059 1847 1132 1896 usu
1147 1823 1353 1926 potiorem,
1373 1850 1459 1925 quae
1487 1822 1703 1927 portuosior
1724 1837 1762 1896 et
1779 1821 1904 1896 adifi-

453 1944 566 2019 uciis
588 1946 706 2049 magis
730 1961 909 2021 exornata
930 1963 1032 2035 erat,
1055 1943 1248 2019 Adherbal
1268 1947 1437 2049 possedit.
1488 1949 1557 2022 Res
1584 1945 1776 2050 postulare
1796 1945 1904 2020 ride-

500 2083 564 2143 tur
580 2068 718 2144 Africae
736 2070 852 2144 situm
869 2069 1000 2172 paucis
1015 2095 1219 2172 exponere,
1235 2086 1273 2143 et
1294 2095 1355 2144 eas
1374 2087 1520 2174 gentes,
1537 2070 1769 2172 quibuscum
1788 2070 1904 2144 nobis

502 2192 649 2270 bellum
676 2210 745 2268 aut
769 2192 935 2266 amicitia
956 2192 1052 2281 fuit,
1079 2192 1280 2296 adtingere.
1331 2193 1402 2267 Sed
1427 2219 1512 2294 quae
1544 2193 1627 2267 loca
1642 2187 1643 2192 ¹
1660 2208 1698 2266 et
1725 2193 1904 2268 nationes

503 2316 553 2392 ob
576 2317 740 2392 calorem
776 2332 844 2391 aut
862 2317 1121 2419 asperitatem,
1147 2316 1237 2390 item
1263 2315 1484 2422 solitudines
1503 2316 1631 2390 minus
1655 2314 1902 2418 frequentata

500 2456 593 2514 sunt
599 2474 610 2535 3
633 2440 681 2517 de
699 2442 729 2516 is
744 2437 852 2514 haud
865 2439 976 2514 facile
993 2455 1230 2543 compertum
1247 2439 1497 2514 narraverim:
1514 2443 1645 2514 'cetera
1662 2467 1780 2542 quam
1801 2467 1901 2545 pau·

376 2564 378 2567 ’
503 2565 671 2639 cissumis
694 2564 894 2639 absolvam.
944 2565 991 2636 In
1017 2563 1200 2638 divisione
1228 2563 1328 2638 orbis
1351 2579 1457 2637 terrae
1485 2562 1658 2666 plerique
1684 2565 1724 2638 in
1750 2559 1904 2667 partem

505 2687 654 2761 tertiam
679 2687 846 2763 Africam
867 2711 1045 2788 posuere:
1072 2687 1183 2788 pauci
1205 2685 1469 2761 tantummodo
1490 2686 1617 2760 Asiam
1642 2703 1680 2762 et
1704 2689 1905 2793 Europam

504 2834 598 2899 esse,
615 2809 679 2885 sed
695 2809 864 2885 Africam
885 2810 927 2884 in
951 2811 1114 2912 Europa.
1150 2811 1204 2884 Ea
1225 2808 1310 2884 finis
1327 2806 1444 2884 babet
1460 2809 1508 2882 ab
1530 2810 1738 2886 Occidente
1759 2811 1906 2886 fretum

504 2933 624 3008 nostri
643 2933 758 3007 maris
778 2949 816 3007 et
837 2932 999 3022 Oceani,
1026 2933 1074 3006 ab
1097 2947 1184 3008 ortu
1199 2933 1284 3007 solis
1299 2931 1480 3008 declivem
1496 2933 1762 3010 latitudinem:
1787 2963 1906 3038 quem

504 3132 601 3197 Guell.
615 3152 642 3192 a.
663 3131 775 3191 Isidi.
797 3129 867 3209 quia
887 3129 971 3189 Fabr.
988 3151 1013 3189 ι.
1035 3129 1095 3189 Bas.
1115 3151 1141 3189 ι.
1161 3131 1228 3190 San.
1249 3153 1274 3190 1.
1295 3129 1379 3191 Rem.
1395 3121 1430 3190 ι.
1444 3130 1540 3191 Gucll.
1554 3131 1582 3192 ὅ.
1610 3131 1691 3198 Leid.
1709 3131 1905 3197 h.i.1.·m.n

502 3235 571 3303 Nar,
590 3234 688 3296 Turio.
710 3257 751 3294 m.
761 3255 808 3316 pr.
840 3233 1008 3294 Bern.r«3.
1030 3235 1081 3312 qui
1096 3235 1297 3295 etconsnlslms
1324 3238 1412 3318 longo
1425 3237 1556 3315 plurimi.
1585 3256 1669 3316 quem
1686 3237 1751 3317 lug.
1773 3239 1855 3300 Leid.
1874 3242 1904 3300 d.

502 3342 562 3403 erl.
586 3340 700 3403 Gracco
720 3341 852 3421 plerique
866 3349 896 3398 et
910 3340 1015 3419 optimi
1029 3338 1106 3398 libri.
1127 3339 1160 3398 in
1174 3339 1300 3399 inimr'cis
1319 3339 1464 3400 Commel.
1486 3339 1638 3401 inliniewn
1660 3342 1747 3402 Palat
1765 3367 1793 3424 7.
1813 3345 1906 3424 polli-

504 3447 626 3506 citando
636 3444 723 3504 Fabr.
738 3465 763 3508 1.
782 3443 850 3502 vin.
868 3461 895 3506 ι.
916 3443 1016 3502 incr.
1036 3442 1131 3504 Strur.
1153 3441 1352 3524 Guell.7.12.
1373 3445 1464 3504 Marl.
1475 3459 1504 3510 r.
1521 3445 1690 3526 pollicendo
1698 3451 1795 3509 ceteri.
1811 3449 1906 3510 multa

506 3572 566 3614 om.
586 3549 684 3608 Guell.
699 3571 728 3628 7.
748 3548 852 3610 Franc.
873 3544 954 3604 Leid.
968 3569 1009 3605 ιιι.
1021 3547 1129 3624 fimo,
1141 3548 1207 3622 fida
1225 3547 1292 3606 st.
1313 3547 1458 3609 Commel.
1477 3550 1544 3615 Seu.
1561 3570 1586 3616 ι.
1600 3549 1663 3612 Bu.
1674 3573 1699 3611 ι.
1714 3553 1802 3614 Fabr.
1810 3565 1904 3636 uterq.

505 3651 627 3718 B.Pnb.
648 3648 1008 3714 pessumdaturus.
1029 3651 1186 3709 duoParis.
1208 3653 1324 3727 sames,
1335 3655 1401 3727 fids
1428 3654 1509 3715 leid.
1520 3676 1547 3715 a.
1560 3677 1587 3716 c.
1601 3655 1630 3715 d.
1642 3678 1670 3739 g.
1681 3659 1701 3716 i.
1716 3658 1744 3718 k.
1755 3663 1777 3719 l.
1788 3661 1904 3737 semu,

495 3756 575 3834 fida‘
592 3756 690 3820 erun.
717 3753 940 3814 maumam
968 3752 1031 3814 Bas.
1045 3777 1070 3819 ι.
1096 3773 1169 3834 agro
1184 3754 1253 3816 viris
1277 3759 1372 3819 Struv.
1392 3757 1488 3819 Gncls.
1502 3779 1529 3820 a.
1544 3761 1573 3832 l.
1591 3780 1637 3821 ιι.
1665 3763 1732 3822 usui
1758 3763 1857 3831 Gucll.
1874 3765 1901 3830 6.

503 3861 584 3926 Vnt.
594 3863 623 3925 3.
642 3859 711 3919 Nu.

588 3983 662 4067 Cap.
685 4007 731 4067 ¹7·
760 3983 826 4045 cutis
847 3985 946 4064 quun:
965 3984 1090 4044 Faber.
1109 3986 1204 4048 Strur.
1224 3988 1283 4048 inc.
1302 4010 1327 4047 1.
1348 3989 1414 4050 Seu.
1427 4011 1453 4051 ι.
1474 3991 1574 4052 lleuss.
1595 3993 1734 4066 Caelii.
1750 4019 1778 4077 7.
1799 3996 1901 4058 bellum

506 4090 617 4152 amicit.
637 4090 707 4154 Tar.
727 4089 793 4149 loca
804 4088 936 4148 παιίοιιω
955 4087 1052 4148 Guelf.
1068 4109 1113 4150 ra.
1140 4089 1224 4155 Bodl.
1244 4101 1271 4150 rt
1288 4103 1349 4152 nat.
1371 4115 1430 4160 om.
1451 4095 1516 4157 Ere.
1535 4097 1737 4176 frequentatas
1755 4101 1853 4164 Semt.
1877 4121 1902 4162 ι.

506 4197 586 4260 Vrat.
598 4214 626 4259 a,
646 4194 746 4252 llcnsn
767 4193 837 4252 der‘s
853 4192 950 4287 Gaell.
964 4192 992 4262 4.
1007 4191 1037 4251 6.
1064 4191 1097 4250 ἰη
1113 4203 1228 4273 partem
1249 4197 1366 4256 tertiam
1386 4198 1532 4262 Commel.
1552 4202 1612 4262 inc.
1628 4224 1656 4263 a.
1676 4202 1783 4265 Fraus.
1805 4205 1899 4272 Guell'.

507 4301 537 4370 k.
549 4300 578 4359 6.
593 4317 639 4363 ιι.
659 4297 739 4358 leid.
753 4295 784 4356 b.
799 4318 840 4356 m.
860 4295 982 4368 Bernr,
999 4293 1117 4376 August.
1133 4295 1168 4354 C.
1178 4297 1215 4355 D.
1234 4299 1286 4372 rs,
1305 4321 1350 4380 ¹7·
1372 4303 1432 4362 duo
1449 4304 1534 4365 Paris.
1556 4305 1669 4388 Ειινορ.
1682 4327 1747 4372 ια.
1769 4329 1828 4370 esse
1842 4329 1900 4374 om.

506 4407 565 4469 iac.
585 4423 612 4464 ι.
630 4400 751 4468 Vnt&
769 4400 850 4462 leid.
861 4422 889 4460 ι.
903 4397 935 4459 b.
956 4398 1060 4459 monle
1075 4399 1234 4478 edpdlont.
1253 4401 1358 4465 mcoloe
1376 4424 1436 4472 om.
1457 4406 1554 4470 Guelf.
1571 4431 1616 4471 ιι.
1637 4411 1753 4496 Regius.
1789 4414 1904 4476 arbori·
