4050 5009
444 384 518 462 268

442 566 589 644 huebie
603 567 666 645 die
683 583 858 645 ventrem
876 594 1056 660 onerate,
1079 568 1231 645 nullam
1250 582 1402 643 noctem
1417 562 1500 641 eine
1523 570 1646 637 seorto
1670 546 1832 655 quim·

442 716 500 782 re,
518 717 598 769 mos
609 709 682 783 eet,
693 693 763 769 ubi
783 693 975 783 animum,
990 718 1107 797 quem
1124 691 1317 769 dominari
1333 689 1506 778 decebat,
1520 680 1668 760 servitio
1681 692 1832 806 oppres:

439 838 536 906 tere,
559 842 805 921 nequequam
829 842 888 910 eo,
906 832 1034 922 postea
1050 814 1177 892 hebeti
1198 830 1315 918 atque
1331 811 1486 902 claude,
1510 835 1581 913 pro
1594 800 1757 881 exercito
1774 808 1832 869 nu

437 937 585 1044 nolunt
617 941 715 1016 Nam
730 938 990 1044 imprudentia
1011 939 1195 1042 pleraque
1211 955 1251 1014 et
1267 964 1306 1017 se
1317 935 1566 1040 praecipitant
1596 930 1742 1005 Verum
1752 918 1834 993 llaec

438 1075 482 1136 et
500 1062 630 1137 omnin
647 1062 754 1137 male
781 1062 927 1166 pariter
954 1088 1045 1135 eum
1068 1060 1214 1136 honore
1241 1059 1414 1165 pecunie.
1441 1058 1632 1144 desinent,
1657 1048 1834 1145 sineque

437 1183 695 1288 magnum,
720 1212 845 1287 neque
870 1184 945 1259 alia
967 1182 1082 1288 vulgo
1110 1183 1307 1286 cupiunda
1329 1182 1477 1257 venalia
1506 1193 1629 1255 erunt
1676 1170 1740 1249 Ad
1757 1166 1833 1241 110⁰

435 1306 719 1409 providendum
737 1322 792 1382 eet
811 1306 903 1399 tibi,
923 1332 1095 1408 quonam
1115 1307 1229 1381 modo
1246 1306 1356 1381 Italia
1370 1321 1485 1408 atque
1500 1298 1706 1407 provinciae
1719 1292 1834 1369 tutio·

435 1454 493 1504 res
510 1429 610 1506 sint:
633 1430 675 1506 id
692 1429 798 1534 quod
814 1429 920 1505 factu
941 1428 1048 1503 haud
1065 1428 1268 1505 obscurum
1288 1444 1350 1503 eet.
1385 1429 1482 1505 Nam
1500 1426 1602 1502 idem
1623 1419 1756 1498 omnia
1771 1440 1834 1491 ve·

432 1567 557 1643 etant,
577 1578 664 1630 enus
684 1552 889 1628 deserendo
920 1551 1052 1628 domos
1072 1566 1111 1627 et
1130 1578 1199 1655 per
1222 1552 1406 1627 iniuriam
1433 1551 1574 1625 alienas
1598 1538 1832 1647 occupando.

434 1674 532 1750 Item
551 1701 618 1766 ne,
642 1691 688 1749 ut
715 1674 872 1765 adhue,
900 1675 1040 1749 militia
1073 1674 1213 1749 iniusta
1237 1690 1306 1749 aut
1329 1673 1527 1777 inaequelis
1549 1671 1619 1747 sit:
1651 1694 1744 1744 eum
1766 1660 1834 1738 alii

435 1796 611 1900 triginta,
636 1823 724 1901 pare
744 1797 901 1873 nullum
921 1796 1156 1900 stipendium
1175 1797 1311 1874 faciet:
1336 1813 1375 1873 et
1390 1798 1628 1873 frumentum
1647 1791 1706 1881 id,
1726 1784 1833 1892 quod

434 1935 546 1994 antea
567 1920 769 2024 praemium
788 1920 948 2023 ignaviae
961 1918 1055 2009 fuit,
1080 1946 1150 2023 per
1169 1921 1381 2024 municipia
1399 1935 1438 1995 et
1458 1918 1625 1995 coloniae
1645 1915 1722 1990 illis
1739 1912 1832 1989 dam

433 2043 652 2135 conveniet,
677 2043 745 2146 qui
765 2042 963 2144 stipendiis
987 2043 1151 2117 emeritis
1176 2042 1307 2119 domos
1332 2042 1561 2119 inverterint
1587 2041 1684 2137 Quae
1703 2036 1834 2140 reipu-

432 2164 544 2242 blicae
561 2168 767 2242 neoeesaria
788 2165 935 2267 tibique
950 2163 1110 2269 gloriosa
1130 2181 1234 2241 ratus
1246 2191 1349 2257 sum,
1367 2193 1484 2269 quem
1496 2162 1754 2269 *paucissumis
1767 2158 1832 2234 ab·

430 2289 533 2365 solvi
568 2290 654 2365 Non
673 2289 781 2392 peius
793 2287 946 2363 videtur
953 2288 971 2376 ,’
979 2314 1101 2391 pauca
1123 2314 1232 2363 nune
1248 2288 1296 2364 de
1312 2288 1412 2365 iacto
1434 2315 1518 2364 meo
1538 2287 1725 2363 disserere.
1751 2283 1832 2359 Ple·

431 2412 542 2514 rique
561 2411 739 2493 mortulee
752 2410 803 2485 ad
819 2410 1073 2508 iudicandum
1087 2412 1174 2486 satis
1192 2411 1335 2518 ingenii
1359 2409 1504 2487 habent
1522 2426 1591 2487 aut
1610 2408 1797 2485 simulent
1821 2439 1828 2478 :

429 2558 565 2609 rerum
582 2534 687 2609 enim
704 2533 753 2609 ad
768 2531 1081 2636 reprehendenda
1098 2535 1223 2611 aliena
1247 2535 1347 2611 facta
1369 2552 1437 2610 eut
1453 2535 1556 2610 <licta
1571 2534 1679 2609 ardet
1702 2532 1828 2609 omni·

430 2656 503 2731 bue
520 2657 688 2752 animus3
718 2657 784 2733 vix
801 2658 889 2731 eatis
910 2674 1088 2761 apertum
1117 2684 1172 2749 os,
1198 2674 1267 2733 aut
1294 2657 1425 2762 lingua
1454 2672 1633 2764 prompta
1658 2655 1831 2745 videtur,

430 2805 518 2881 quae
538 2780 719 2855 meditata
743 2795 896 2883 pectore
918 2780 1089 2855 evolvat:
1125 2782 1266 2884 quibus
1296 2810 1357 2858 me
1379 2783 1594 2858 subiectum
1616 2778 1727 2856 haud
1747 2806 1828 2885 poe-

360 2949 363 2955 ·
430 2901 550 2991 nitet,
573 2902 692 3006 magis
704 2902 895 2979 reticuisse
915 2903 1067 3007 pigeret
1100 2904 1196 2981 Nam
1211 2906 1287 2981 sive
1303 2904 1396 2996 hac,
1413 2931 1480 2981 seu
1498 2905 1653 2981 meliore
1673 2904 1749 2979 alie
1767 2905 1826 2979 via

429 3048 574 3129 perget;
601 3050 623 3100 a
646 3051 708 3101 me
730 3025 887 3127 quidem
906 3052 978 3128 pro
1002 3012 1105 3100 ririli
1128 3044 1237 3131 parte
1263 3028 1411 3103 dictum
1438 3046 1477 3105 et
1501 3027 1678 3103 adiutum
1701 3026 1825 3105 fuerit

428 3148 636 3251 Reliquum
654 3165 709 3224 eet
730 3166 880 3253 optare,
902 3150 979 3238 uti,
1002 3174 1089 3251 quae
1113 3148 1183 3223 tibi
1200 3150 1433 3255 placuerint,
1452 3178 1496 3229 ea
1517 3151 1573 3227 dii
1593 3151 1820 3229 immortales

429 3272 643 3376 approbent
665 3272 838 3375 beneque
856 3272 1006 3349 evenire
1029 3272 1167 3350 sinant

873 3473 1281 3552 EPISTOLA
1327 3478 1383 3551 lt

403 3654 417 3693 ι
529 3614 614 3691 Seio
637 3640 725 3719 ego,
748 3640 867 3719 quum
886 3618 1040 3695 difficile
1064 3638 1180 3725 atque
1204 3648 1380 3728 asperum
1411 3622 1517 3699 sactu
1540 3624 1590 3700 eit
1619 3624 1817 3705 eonsilium

429 3734 521 3810 dure
539 3737 618 3841 regi
635 3753 705 3831 ent
729 3738 947 3844 imperatori
959 3800 974 3833 ,,
992 3761 1182 3847 postremo
1206 3746 1388 3849 cuiquam
1413 3748 1584 3839 mortali,
1610 3750 1719 3825 cuiue
1735 3775 1816 3854 opes

427 3855 470 3932 in
486 3858 628 3935 excelso
647 3876 763 3937 sunt:
786 3863 931 3967 quippe
941 3892 1031 3940 eum
1049 3882 1087 3942 et
1103 3868 1177 3946 illis
1196 3869 1458 3945 consultorum
1474 3872 1593 3976 copiae
1608 3872 1745 3965 adsint,
1757 3900 1816 3949 ne·

426 4096 484 4155 que
498 4096 560 4137 om.
573 4076 661 4139 mr.
675 4091 704 4141 et
720 4046 795 4142 Brie.
812 4083 1031 4163 providendum
1046 4095 1088 4147 eet
1105 4085 1166 4146 titt
1187 4082 1241 4145 titt
1257 4092 1345 4171 vulgo
1363 4092 1501 4151 ominum
1515 4102 1618 4155 eontra
1633 4092 1732 4160 Codd.
1751 4114 1812 4157 uem

426 4180 576 4262 elipandi&
592 4183 725 4245 moritu.
746 4202 815 4245 aem
833 4206 895 4246 om.
915 4186 1000 4248 Febr.
1017 4201 1045 4249 et
1061 4190 1136 4253 llrie.
1156 4189 1208 4269 qui
1222 4190 1287 4271 stip.
1307 4194 1400 4255 vane.
1420 4196 1501 4257 atita
1511 4205 1628 4276 more
1643 4198 1739 4261 euolat
1749 4216 1812 4260 um·

418 4304 477 4351 ‚nn
483 4284 553 4346 libri
570 4297 719 4370 corrupte.
735 4287 817 4349 dieta
831 4298 949 4371 pretore
967 4293 1078 4359 uolent
1096 4296 1307 4359 excommun
1317 4298 1433 4381 legitur.
