4050 5009
409 385 435 433 Χ

410 538 499 646 gula
524 540 755 645 legerentur,
775 540 913 615 notavi.
955 539 1097 645 Magno
1117 534 1224 616 mibi
1245 541 1320 618 fuit
1339 542 1561 623 adiumento
1587 546 1808 651 nuperrima

410 665 594 742 Prisciani
618 664 752 756 editio,
779 690 898 768 quam
924 667 969 739 V.
992 666 1039 739 D.
1065 664 1183 740 Krehl
1204 665 1408 771 evulgavit,
1434 682 1606 746 necnon
1627 670 1809 774 Exempla

409 790 674 867 elocutionum
692 816 738 865 ex
751 786 930 893 Virgilio,
949 788 1131 865 Cicerone
1146 806 1183 865 et
1206 790 1369 867 Salustio
1393 792 1589 899 exscripta,
1613 821 1699 897 quae
1719 794 1811 870 olim

410 913 629 990 Arrursiani
650 911 759 988 Messi
792 911 953 989 rhetoris
978 939 1054 989 esse
1086 915 1352 1018 putabantur,
1385 944 1510 1021 nuper
1541 936 1628 995 r'ero
1661 922 1709 993 ah
1735 923 1813 995 An·

412 1040 495 1147 gelo
525 1038 651 1129 Maio,
687 1038 853 1113 Cornelii
883 1039 1090 1115 Frontonis
1122 1065 1216 1144 opus
1246 1066 1320 1116 esse
1339 1043 1439 1117 satis
1469 1040 1674 1119 luculentis
1702 1070 1815 1147 argu·

414 1163 549 1240 mentis
569 1163 861 1266 comprobatum
876 1179 939 1239 est
987 1166 1169 1240 Praeterea
1189 1188 1275 1267 quae
1289 1167 1349 1241 De
1360 1167 1523 1243 Biossius
1543 1168 1584 1242 in
1600 1168 1813 1242 doctissimo

311 1347 318 1361 .
412 1289 511 1365 libro
538 1289 791 1387 (Republica
807 1288 992 1364 Romanae
1009 1290 1185 1387 lussovia)
1211 1291 1408 1393 congessit,
1432 1292 1519 1367 usui
1538 1290 1635 1367 mihi
1649 1291 1814 1365 fuerunt

412 1414 484 1489 Sed
514 1413 724 1515 is'quoque
755 1412 960 1487 subditicio
984 1438 1055 1515 pro
1075 1411 1297 1488 Salustianis
1320 1413 1477 1504 babuit,
1504 1416 1609 1491 etde
1633 1442 1719 1490 vera
1741 1415 1813 1489 lec-

414 1538 516 1611 tione
537 1564 676 1640 parum
689 1536 883 1626 sollicitus,
904 1535 944 1610 id
962 1536 1087 1611 solum
1113 1536 1277 1627 curavit,
1297 1554 1474 1641 utquam
1494 1540 1661 1643 plurima
1680 1565 1813 1643 conge

414 1678 520 1737 reret.
558 1661 732 1764 Id'quod
750 1668 832 1735 n'on
851 1660 893 1734 in
915 1686 999 1734 eam
1022 1676 1170 1763 partem
1194 1678 1393 1766 acceptum
1413 1663 1544 1752 velim,
1570 1664 1678 1765 quasi
1701 1661 1815 1736 indud

415 1786 547 1861 striam
565 1785 645 1861 eius
669 1786 945 1889 improbarem,
970 1784 1035 1860 sed
1054 1812 1103 1859 ne
1125 1785 1210 1888 quis
1231 1785 1380 1862 incuria
1400 1788 1516 1891 magis
1533 1814 1651 1891 quam
1672 1786 1815 1862 iudicio

414 1911 559 1985 factum
581 1926 710 2013 putet,
735 1909 841 2012 quod
865 1902 1056 1984 multaab
1077 1935 1122 1983 eo
1145 1902 1300 1985 laudata
1319 1912 1435 1986 omisi.

513 2034 771 2133 Epistolas‘ad
794 2034 832 2108 C.
851 2034 1045 2108 Caesareo
1065 2034 1112 2106 cle
1129 2033 1332 2133 Republica
1354 2034 1580 2124 ordinando,
1595 2058 1688 2136 quas
1704 2018 1836 2136 vulgo

414 2161 549 2235 incerti
570 2158 735 2235 auctoris
755 2184 830 2233 esse
845 2174 1069 2245 autumant,
1093 2155 1194 2231 hanc
1213 2158 1262 2232 ob
1281 2182 1433 2232 causam
1448 2158 1563 2232 simul
1579 2184 1668 2231 curn
1684 2156 1814 2230 ceteris

414 2281 567 2358 Salustii
584 2280 692 2355 libris
706 2281 825 2370 edidi,
849 2282 954 2384 quod
972 2280 1070 2356 mibi
1087 2282 1243 2385 quidem
1260 2272 1500 2387 argumenta,
1525 2281 1665 2383 quibus
1684 2306 1816 2355 earum

415 2408 682 2483 auctoritatem
703 2403 983 2509 impugnarunt
1002 2404 1242 2508 interpretes,
1259 2432 1399 2509 parum
1414 2405 1524 2479 firma
1538 2430 1612 2479 esse
1628 2404 1815 2479 videntur.

417 2530 638 2606 Cavendum
658 2546 725 2620 est,
739 2556 789 2603 ne
809 2526 1077 2605 Grammaticis
1093 2528 1188 2619 istis,
1210 2528 1445 2632 quicumque
1464 2528 1618 2603 tandem
1640 2526 1815 2616 fuerunt,

417 2657 583 2732 nimium
600 2656 821 2731 tribuamus.
858 2648 924 2728 lsti
943 2653 1048 2728 enim
1062 2654 1174 2729 verba
1196 2669 1407 2743 sectantur,
1431 2651 1496 2728 sed
1515 2651 1657 2727 iudicio
1679 2678 1816 2755 porum

419 2782 553 2856 valent.
590 2779 662 2854 Sed
680 2778 776 2882 quid
797 2777 845 2853 de
862 2776 936 2853 hac
953 2803 994 2853 re
1010 2777 1188 2869 sentiam,
1212 2777 1397 2881 peculiari
1416 2778 1737 2853 commentatione
1756 2803 1817 2852 ex-

417 2932 568 3009 ponam.
601 2904 656 2978 Ne
676 2908 873 2979 invectivas
886 2901 1062 3004 quidem,
1086 2928 1172 3005 quoe
1190 2901 1391 2991 dicuntur,
1408 2900 1634 2978 omittendas
1655 2926 1729 2976 esse
1744 2901 1816 2975 du·

381 3039 385 3053 '
417 3033 471 3117 xi,
498 3055 578 3103 non
597 3054 675 3131 quo
695 3028 756 3101 eas
778 3052 800 3099 a
818 3026 998 3100 Cicerone
1020 3040 1136 3126 atque
1157 3024 1318 3099 Salustio
1335 3025 1541 3127 composita
1562 3050 1636 3100 esso
1660 3008 1818 3099 conten-

416 3156 565 3241 derem,
590 3151 655 3227 sed
678 3149 843 3251 nequid
867 3148 1162 3235 desideraretur,
1186 3146 1291 3249 quod
1311 3145 1361 3221 ad
1384 3146 1502 3222 vitam
1520 3163 1558 3222 et
1583 3172 1703 3221 mores
1729 3172 1818 3222 auc-

419 3279 508 3353 toris
524 3274 767 3351 illustrandos
791 3272 1005 3375 pertineret.
1086 3260 1089 3268 ’
1371 3266 1374 3273 “

517 3396 843 3504 Orthographiam
861 3395 967 3498 quod
987 3395 1134 3485 attinet,
1155 3394 1383 3498 plerumque
1404 3392 1589 3469 Codicum
1616 3394 1818 3477 meliorum

418 3525 688 3601 auctoritatem
704 3538 853 3597 secutus
872 3546 965 3594 sum.
1009 3521 1108 3595 Cum
1135 3545 1223 3593 vero
1254 3518 1312 3593 vel
1337 3517 1472 3622 optimi
1500 3516 1589 3591 libri
1611 3515 1685 3591 hac
1705 3518 1748 3603 in
1777 3544 1819 3593 re

418 3677 556 3753 parum
573 3648 644 3722 sibi
669 3644 922 3733 constiterint,
950 3642 1158 3733 nonnulla,
1182 3667 1269 3746 quae
1290 3640 1439 3718 Cortius
1459 3650 1667 3743 receperat,
1693 3640 1821 3751 invitis

420 3774 527 3872 libris
542 3771 703 3859 retinui,
720 3797 769 3844 ne
788 3768 969 3843 Salustius
983 3783 1135 3873 gratum
1148 3768 1264 3842 istum
1279 3764 1448 3868 antiquae
1461 3764 1643 3839 orationis
1654 3765 1820 3841 colorem

420 3898 617 3972 amitteret.
673 3890 800 3970 Multa
821 3892 996 3995 quidem,
1021 3919 1050 3968 e.
1071 3920 1124 3997 gr.
1148 3891 1310 3975 Labicis,
1334 3907 1506 3974 cesotmo,
1531 3894 1726 3973 existatac,
1756 3918 1821 3988 op·

420 4043 553 4105 trenno,
579 4044 792 4102 ornaremus,
818 4019 970 4119 volgus,
991 4014 1185 4101 advorsus,
1210 4014 1441 4111 odztlesoerzs.
1467 4039 1697 4113 proximitas,
1715 4013 1821 4114 faci-

421 4147 574 4226 undum.
590 4144 632 4218 di
655 4142 775 4242 (dii),
800 4140 1133 4246 qitzs(quibus)et
1156 4138 1230 4214 alia
1253 4134 1515 4212 huiuscemodi
1535 4134 1670 4237 saepius
1692 4136 1733 4210 in
1752 4162 1819 4213 an-

421 4268 631 4375 tiquissimo
657 4266 776 4357 libro,
807 4264 1005 4341 basileensi
1033 4262 1161 4369 primo
1192 4262 1350 4363 aliisque
1372 4260 1510 4365 passim
1538 4276 1689 4334 exarata
1710 4276 1820 4355 sunt;
