4050 5009
1551 374 1595 471 5ι

199 580 264 681 'qui
283 580 369 653 Saec.
386 602 442 649 xv.
471 573 602 678 scripti
621 586 726 663 sunt,
751 572 887 649 Soeculi
904 598 975 647 ιιιιι.
995 588 1035 647 et
1050 598 1120 646 xrr.
1141 571 1257 646 libros
1275 570 1447 646 bonitate
1467 567 1598 643 multo·

198 694 431 768 intecedant.
464 690 595 788 Quare
612 718 655 763 ex
670 688 746 764 hoc
764 689 925 793 aliisque
945 688 1068 779 libris,
1086 688 1153 791 qui
1166 689 1200 763 ei
1219 688 1355 763 similes
1372 700 1480 775 sunt,
1500 710 1594 789 pau-

197 811 357 893 cissimas
380 807 557 882 lectiones
580 806 720 881 notavi.

298 989 386 1064 Cod.
406 990 481 1061 III.
507 990 641 1079 (Pani.
662 990 739 1062 Cat
758 990 840 1084 718.
862 1012 943 1060 xvu.
969 984 1067 1059 Plut.
1084 985 1204 1079 64³⁶)
1231 984 1321 1059 Cod.
1337 985 1412 1077 18.)
1434 982 1593 1057 Membr.

195 1103 318 1179 forma
344 1102 531 1205 quadrata
552 1103 705 1205 majori,
728 1102 1320 1205 quemSaec.111.scriptumesse
1341 1099 1487 1203 judicat
1500 1102 1597 1173 Pan-

183 1219 279 1303 ,tini
324 1219 480 1321 Optime
505 1235 670 1291 servatus
698 1234 737 1293 et
760 1235 945 1293 exaratus
984 1216 1117 1291 Solum
1150 1216 1297 1291 bellum
1316 1214 1596 1317 Jugurthinum

194 1332 380 1420 continet,
404 1350 443 1405 et
461 1332 604 1407 scholia
630 1334 669 1406 in
691 1334 864 1437 margine
887 1350 926 1407 et
949 1331 1189 1407 interlineas
1212 1330 1339 1435 habet.
1376 1330 1448 1405 Sed
1468 1328 1516 1405 ad
1534 1356 1596 1405 ex·

194 1464 347 1521 ternum
376 1446 555 1522 habitum
576 1449 752 1524 lectiones
774 1475 910 1553 parum
933 1446 1164 1553 respondent
1172 1480 1182 1540 3
1206 1474 1297 1523 nam
1318 1446 1452 1551 saepius
1469 1446 1595 1551 glossae

194 1562 234 1635 in
256 1578 400 1635 textum
420 1581 578 1666 receptae
600 1580 700 1639 sunt.

270 1701 421 1780 «Iugurtha
444 1726 467 1762 ι.
488 1717 583 1785 praest.
601 1706 731 1764 invenies
750 1737 769 1751 -
789 1716 878 1785 atque
894 1706 1031 1765 inertiam
1053 1738 1071 1752 -
1092 1718 1208 1787 tempus
1220 1717 1285 1765 retas
1307 1706 1461 1787 ingenium
1474 1739 1489 1750 -
1501 1724 1527 1763 2.
1546 1726 1594 1764 ss-

191 1808 302 1857 enntur
320 1832 339 1846 -
358 1802 403 1858 nti
427 1802 549 1858 initium
569 1834 588 1848 -
608 1803 739 1881 corporis
755 1801 847 1860 dediti
867 1835 886 1849 ·
905 1806 1062 1883 praesertim
1087 1806 1186 1861 multe.
1205 1837 1223 1850 -
1245 1805 1343 1883 sugam
1361 1804 1418 1859 alia
1437 1800 1558 1862 hostilia
1577 1832 1595 1848 -

191 1904 234 1951 est
253 1894 409 1955 dementire
429 1929 447 1943 -
465 1898 511 1959 56.
534 1900 651 1956 occulta
678 1896 809 1956 discessit
827 1928 846 1943 -
866 1908 895 1957 et
917 1898 1133 1977 egredientibus
1152 1932 1170 1946 -
1189 1900 1302 1979 oppido
1321 1898 1515 1978 paravisset-
1534 1918 1594 1957 sese

189 1987 327 2049 Numida
345 1988 451 2072 gerunt
478 2026 499 2040 ·
524 1992 622 2052 hostes
637 2004 764 2075 urguent
783 2026 802 2040 -
822 1995 870 2075 57.
888 2006 918 2053 et
935 1996 1045 2054 Marius
1074 2028 1092 2043 -
1121 1998 1169 2060 58.
1186 2000 1346 2057 clamorem
1365 1997 1457 2055 veluti
1478 1997 1594 2054 tumul·

191 2096 256 2143 tum
275 2085 411 2146 hostilem
431 2122 452 2136 ·
472 2091 519 2170 59.
532 2090 582 2149 sed
597 2090 719 2148 adversi.
730 2111 903 2151 concurrere
922 2123 941 2137 -
961 2112 1081 2151 monere
1097 2094 1146 2151 alii
1160 2091 1296 2151 hornri-
1311 2090 1454 2149 60.oeteri
1471 2108 1593 2171 quoquo

190 2192 315 2258 potuere
333 2216 351 2229 ·
372 2184 420 2242 61.
435 2206 531 2265 neque
550 2188 607 2244 niti
622 2186 804 2267 Jugurtham
829 2220 849 2233 ·
869 2191 978 2261 saeere3
1000 2195 1061 2266 jam
1081 2221 1100 2235 -
1120 2194 1196 2248 clam
1219 2190 1326 2249 timeus
1344 2188 1380 2246 de
1400 2189 1527 2245 mossirae
1537 2206 1593 2244 ne-

190 2296 223 2334 ec
243 2310 264 2323 -
283 2300 335 2357 per
354 2281 556 2341 conditionem
577 2315 595 2329 -
616 2284 664 2341 62.
679 2286 792 2361 optime
809 2288 919 2344 merita:
937 2318 957 2331 ·
975 2288 1101 2343 senatori
1113 2286 1225 2345 ordinis
1243 2318 1261 2331 ·
1275 2286 1380 2343 accersi
1400 2316 1419 2330 -
1437 2300 1503 2361 pers
1515 2300 1593 2361 quo·

189 2390 257 2430 rum
280 2377 323 2432 nti
345 2378 416 2453 jussi
435 2390 536 2452 erant,
555 2390 627 2438 sunt
643 2380 763 2439 adducti
783 2413 801 2427 -
820 2384 919 2440 reuire
940 2384 972 2440 in
994 2384 1144 2441 servitium
1164 2414 1183 2428 -
1208 2382 1320 2441 bellum
1339 2380 1464 2458 sumpsit
1483 2411 1501 2425 -
1524 2382 1591 2443 105.

189 2468 336 2529 arbitratu
354 2474 563 2533 communibus
583 2508 602 2522 -
622 2476 776 2534 advorsum
801 2510 820 2524 -
849 2489 990 2558 temptare
1010 2512 1028 2525 -
1048 2478 1204 2537 advorsum
1225 2500 1274 2538 eos
1306 2510 1325 2525 -
1354 2478 1461 2535 totiens
1480 2507 1498 2521 -
1524 2474 1589 2533 106.

188 2566 314 2623 forsitan
325 2572 417 2647 paulo
439 2570 544 2629 morbo
564 2574 775 2659 -ignisque-
796 2586 869 2652 aput
885 2576 972 2632 illum
994 2605 1013 2620 -
1037 2576 1101 2655 ¹⁰7·
1121 2575 1158 2631 ad
1175 2574 1265 2633 hostis
1285 2584 1393 2635 vertere
1413 2571 1588 2631 -Ceterum

187 2680 288 2739 neque
315 2696 332 2709 -
359 2664 488 2724 crederet
504 2668 589 2725 illum
611 2702 630 2713 -
648 2671 796 2748 optimum
811 2670 922 2727 lectum
940 2702 959 2718 ··
976 2672 1042 2731 108.
1057 2681 1140 2749 pater
1151 2692 1185 2731 ex
1203 2670 1370 2731 concubine
1392 2681 1474 2729 ortus
1493 2679 1554 2729 erat
1572 2698 1590 2715 -

186 2762 325 2847 eonsulto
343 2780 403 2820 sese
421 2762 523 2821 omniu
540 2796 559 2811 -
577 2766 728 2845 comperio
747 2798 766 2812 -
785 2764 941 2828 advorsum
963 2788 1018 2827 nos
1031 2768 1163 2827 suasisse.

292 2922 380 2995 cod.
408 2924 479 2997 IV.
530 2924 724 3021 (Plautini
753 2928 916 3033 Catalog.
946 2954 980 3001 11.
1015 2952 1096 3026 719.
1131 2954 1226 3001 xxm.
1253 2928 1350 3003 Plut.
1382 2954 1471 3003 ιιιιι.
1505 2926 1589 3026 23.)

185 3031 399 3109 Membran.
413 3038 532 3112 forma
547 3040 751 3143 quadrata,
767 3045 853 3117 Saee.
874 3070 933 3117 111.
951 3044 1119 3118 ineunte.
1145 3044 1284 3117 Glossae
1307 3061 1346 3117 et
1365 3060 1465 3117 notre
1486 3059 1522 3117 et
1545 3042 1588 3115 in
1695 3120 1698 3127 ,

184 3150 361 3251 margine
383 3172 422 3225 et
440 3152 541 3228 inter
566 3156 683 3229 lineas
699 3159 856 3261 seriptae.
882 3161 1018 3233 Primae
1039 3159 1167 3233 decem
1188 3160 1336 3263 paginae
1359 3158 1495 3233 seriore
1508 3182 1585 3232 aevo

182 3263 381 3365 suppletae.
418 3267 613 3345 Librarius
635 3298 732 3375 saepe
751 3301 884 3376 pravas
904 3276 1083 3351 lectiones
1102 3275 1333 3363 emendavit,
1353 3273 1419 3347 sed
1434 3272 1517 3346 aliis
1530 3272 1586 3346 lo·

182 3378 238 3450 eis
253 3378 479 3459 deteriorem
497 3384 698 3465 lectionem
712 3389 890 3464 defendit.
916 3391 1023 3465 Ordo
1036 3391 1238 3465 verborum
1252 3390 1442 3477 turbatus,
1463 3386 1585 3461 multa

180 3492 339 3584 omissa,
367 3497 491 3573 aliena
513 3518 681 3607 recepta3
706 3505 757 3577 ita
780 3520 826 3578 ut
848 3506 979 3609 paucis
1000 3506 1090 3579 locis
1114 3532 1160 3579 ex
1181 3503 1255 3580 hoc
1272 3504 1371 3580 libro
1397 3500 1586 3579 auxilinm

180 3624 303 3710 petas.

277 3745 367 3807 Catil.
382 3768 429 3814 22.
450 3750 512 3811 lsaec
521 3758 615 3813 multa
626 3754 677 3837 (et
696 3780 736 3817 m.
747 3780 803 3819 seo.
815 3761 940 3839 adjecit)
963 3762 1011 3822 23.
1024 3782 1058 3822 ex
1073 3763 1230 3821 insolentia
1244 3760 1329 3821 Curii
1341 3794 1360 3810 -
1378 3760 1424 3832 24.
1435 3770 1583 3840 sumptum

179 3852 294 3903 mutuo
307 3844 318 3922 (
329 3867 370 3909 m.
381 3844 456 3927 see.)
485 3853 534 3913 25.
553 3863 625 3910 sunt
639 3855 758 3915 luxurie
778 3892 795 3905 ·
817 3859 864 3919 26.
881 3880 953 3940 ques
967 3860 1139 3919 oonsulibus
1158 3891 1177 3907 -
1199 3880 1245 3941 27.
1260 3863 1368 3918 multer
1380 3860 1541 3952 simultates
1565 3888 1584 3904 ·

175 4095 207 4171 ⁴)
230 4091 315 4153 Cum
331 4094 365 4152 in
382 4076 562 4159 bibliothece
574 4103 771 4167 Laurentisne
783 4106 856 4171 libri
874 4112 908 4169 in
925 4096 1038 4190 pluteis
1050 4116 1111 4173 sint
1131 4112 1270 4195 expositi,
1291 4121 1340 4185 et,
1358 4130 1396 4171 ne
1415 4130 1432 4167 a
1450 4129 1510 4190 quo
1524 4126 1582 4165 ³¹¹·

264 4190 415 4265 serantur,
437 4198 584 4271 catenati,
609 4205 711 4279 sepius
729 4208 822 4266 Plutei
841 4211 1143 4293 numerumadjunxi,
1184 4210 1253 4271 Νοιι
1271 4227 1372 4271 ornnes
1387 4208 1484 4283 enims
1505 4224 1579 4286 ‘1¹¹⁰‘

268 4283 388 4347 Pmunt
403 4289 437 4349 in
452 4290 595 4377 catalogo
610 4300 727 4377 nudet,
746 4302 837 4365 libros
849 4306 959 4368 iuveni.
