4050 5009
1450 410 1514 487 161

127 608 204 658 ram
240 608 296 661 res
331 583 498 689 fidesque
524 584 566 661 in
594 584 772 661 manibus
794 584 1029 675 abicerent,
1055 581 1196 661 relictis
1222 570 1420 692 operibus,
1445 588 1521 666 fie-

125 724 342 809 quentarent
364 710 556 798 Marium,
585 725 623 783 et
639 734 706 783 sua
732 708 938 784 necessaria
963 724 1049 813 post
1067 708 1170 784 illius
1203 709 1390 786 honorem
1406 712 1523 790 duce-

123 848 206 905 rent
240 836 315 924 Ita,
340 832 513 937 perculsa
535 832 752 921 nobilitate,
778 847 863 935 post
890 832 1031 907 multas
1064 849 1299 937 tempestates
1326 861 1426 910 novo
1446 834 1518 912 ho-

123 956 208 1029 mini
229 958 446 1033 consulatus
476 955 682 1031 mandatur
690 986 700 1048 3
725 970 763 1031 et
785 972 913 1061 postea
945 955 1113 1061 populus
1144 984 1168 1031 a
1187 956 1362 1033 Tribunis
1394 959 1516 1064 plebis

122 1078 253 1155 Manlio
278 1080 461 1156 Mancino
490 1096 658 1185 rogatus,
683 1070 799 1181 quem
816 1078 935 1155 'vellet
961 1106 1052 1154 cum
1072 1078 1259 1185 Iugurtha
1283 1081 1429 1156 bellum
1452 1110 1514 1187 ge-

121 1207 215 1281 neral
245 1204 423 1313 frequens
450 1204 619 1281 Marium
643 1202 758 1277 iussit
798 1202 870 1279 Sed
902 1204 1063 1279 Senatus
1084 1203 1218 1307 paullo
1238 1222 1328 1281 ante
1357 1205 1513 1284 Metello

119 1326 345 1405 decreverat:
370 1354 414 1404 aa
433 1310 490 1405 res
512 1318 651 1403 frustra
676 1326 759 1405 fuit.
797 1326 942 1403 Eodem
967 1342 1136 1433 tempore
1148 1327 1351 1434 Iugurtha,
1369 1330 1511 1407 aminis
1520 1340 1560 1423 74

119 1453 250 1544 amicis,
274 1479 442 1558 quorum
458 1453 658 1558 plerosque
679 1450 757 1555 ipse
787 1467 1009 1541 necaverat,
1031 1449 1146 1527 ceteri
1174 1451 1399 1545 formidine,
1422 1480 1510 1559 pars

118 1574 159 1649 ad
174 1578 375 1668 Romanos,
399 1577 466 1651 alii
494 1576 543 1651 ad
572 1602 695 1679 regem
721 1573 914 1651 Bocchum
940 1574 1206 1679 profugerant,
1231 1604 1355 1679 quum
1384 1604 1510 1681 neque

117 1697 249 1775 bellum
270 1701 349 1806 geri
375 1700 456 1775 sine
488 1698 719 1775 administris
744 1716 882 1802 posset,
908 1716 946 1775 et
970 1726 1160 1774 novorum
1186 1700 1300 1775 tidem
1331 1701 1372 1776 in
1401 1716 1508 1778 tanta

115 1822 261 1925 perfidia
289 1838 461 1898 veterum
490 1821 652 1925 experiri
681 1822 937 1925 periculosum
968 1823 1149 1914 duceret,
1173 1822 1301 1898 varius
1325 1824 1508 1903 incertus·

115 1972 180 2049 que
208 1946 433 2051 agitabatur.
477 1948 607 2047 Neque
624 1944 695 2019 'illi
722 1970 796 2037 res,
821 1972 945 2049 neque
972 1946 1175 2021 consilium
1202 1962 1270 2021 aut
1301 1948 1506 2051 quisquam

115 2066 306 2145 bominum
320 2070 409 2144 satis
430 2067 624 2172 placebat:
640 2068 776 2143 itinera
796 2068 1067 2173 praelectcsque
1085 2068 1127 2145 in
1144 2068 1222 2145 dies
1241 2086 1408 2145 mutare:
1424 2100 1505 2149 mo-

113 2192 157 2268 do
179 2194 381 2270 advorsum
404 2190 548 2282 hostes,
585 2190 781 2267 interdum
806 2192 856 2267 'in
880 2192 1104 2268 solitudines
1135 2218 1313 2299 pergere:
1337 2219 1434 2299 saepe
1460 2196 1503 2275 in

112 2386 163 2449 Sal
180 2399 294 2451 enolto
306 2388 397 2470 poulo
412 2396 482 2449 ante
497 2386 614 2449 Metello
633 2385 809 2447 Nuau'diam
825 2388 1001 2449 berowa.
1022 2385 1084 2447 broc
1097 2396 1140 2447 est
1158 2388 1276 2469 vulgata
1288 2388 1392 2461 lectio,
1411 2412 1501 2471 qaam

113 2496 187 2555 etiam
205 2495 322 2568 Rivius,
349 2493 505 2569 Gruterus,
525 2492 652 2553 Wassius
672 2492 862 2551 rennuerunt.
890 2490 1016 2552 Numid.
1032 2490 1150 2552 Metello
1177 2488 1241 2551 Bas.
1261 2491 1291 2562 Δ.
1325 2491 1502 2557 Nutm'dr‘am

110 2599 283 2677 provinciam
302 2592 484 2679 plureslidit.
503 2597 562 2656 ino.
575 2616 602 2655 a.
623 2596 706 2656 bem.
718 2616 744 2655 ι.
764 2596 844 2658 Vrat.
856 2616 883 2655 a.
904 2594 1001 2655 Gacll.
1012 2596 1041 2655 6.
1053 2616 1082 2676 9.
1096 2615 1200 2656 sona.
1221 2599 1310 2657 Pelet.
1326 2598 1354 2659 5.
1364 2598 1392 2659 8.
1413 2602 1501 2661 ceteri

111 2705 177 2765 erte
187 2703 315 2766 turbant.
334 2722 417 2782 proc.
429 2700 522 2761 Num.
542 2700 601 2759 Eri.
621 2700 780 2779 scdpotdlo
790 2702 1084 2761 derrwoasrnatas
1102 2700 1188 2761 ilem.
1203 2699 1232 2761 3.
1252 2703 1305 2762 ssd
1319 2722 1379 2763 son.
1398 2707 1500 2785 paullo

111 2810 183 2871 dea'o
196 2812 276 2870 deor.
297 2808 411 2869 Febris.
432 2806 530 2866 Guell.
542 2826 567 2869 t.
587 2804 655 2886 Τις.
675 2804 772 2864 Turis.
793 2804 833 2863 ita
851 2815 879 2864 et
894 2802 992 2865 Guell.
1005 2823 1033 2864 a.
1061 2806 1167 2868 istem
1181 2814 1216 2865 ut
1231 2804 1328 2867 Goell.
1339 2828 1367 2868 a.
1392 2808 1455 2873 Bas.
1471 2832 1497 2873 1.

111 2910 198 2975 lleuss.
214 2915 301 2977 liam.
314 2932 341 2973 a.
361 2920 477 2974 sasaim
493 2910 600 2969 omisit.
619 2908 679 2969 aad.
694 2926 754 2969 sen.
770 2907 871 2988 paullo
884 2908 965 2968 door.
983 2908 1058 2969 Vm.
1071 2928 1097 2967 ι.
1117 2910 1157 2968 ita
1169 2918 1198 2969 cl
1210 2910 1278 2969 Seu.
1290 2930 1318 2971 a.
1346 2913 1396 2973 sed
1409 2916 1499 2994 paral.

111 3016 161 3079 ltm
171 3021 252 3103 legit,
268 3031 302 3079 ut
314 3018 413 3079 liena.
424 3026 453 3077 et
468 3014 553 3075 Rem.
566 3034 593 3073 a.
613 3014 664 3073 aad
680 3031 740 3073 sen.
755 3012 857 3093 paullo
873 3020 940 3093 post
959 3010 1106 3072 Commel.
1124 3013 1177 3073 ml
1188 3013 1290 3093 paullo
1309 3024 1379 3078 ante
1392 3016 1498 3080 Matel-

110 3121 162 3183 lum
179 3126 345 3187 &mat
364 3122 460 3183 Strur.
480 3118 566 3179 Beru.
582 3138 607 3177 ι.
631 3118 682 3179 sed
696 3117 797 3197 patalia
816 3118 895 3177 deon
915 3116 977 3176 Bas.
994 3136 1021 3176 ι.
1040 3115 1109 3181 Nat.
1130 3136 1171 3176 m.
1178 3136 1225 3197 pr.
1244 3120 1295 3178 alii
1312 3130 1497 3184 tantummo-

110 3226 143 3288 do
158 3250 248 3313 pauca
268 3225 358 3292 rerba
376 3223 541 3305 etquidem
564 3222 689 3282 maxime
711 3230 827 3283 smalto
848 3230 876 3281 ct
893 3219 1071 3281 Nums'diom
1085 3230 1291 3302 transponant.
1318 3222 1496 3288 Numidiam

110 3328 441 3395 coamantibus
458 3326 558 3389 Natat.
579 3323 725 3387 Commcl.
745 3326 833 3387 Palat.
845 3325 874 3386 ὅ.
884 3324 913 3397 l.
923 3324 952 3386 6.
962 3346 990 3407 7.
1000 3346 1030 3407 9.
1042 3324 1238 3403 frustrarat
1256 3325 1340 3389 Febr.
1361 3328 1430 3389 Tor.
1528 3324 1532 3331 ’

180 3460 251 3542 Cap.
268 3458 317 3542 74.
337 3456 466 3517 Roorum
483 3454 563 3515 Vrat.
577 3474 603 3513 a.
623 3454 718 3516 Strav.
739 3452 828 3515 lead.
856 3453 953 3514 Guell.
973 3474 1000 3514 a.
1031 3472 1226 3534 novorumque
1249 3457 1289 3516 sic
1304 3454 1442 3519 Gruterus
1460 3479 1495 3520 cx

110 3565 303 3649 antiquissimis
316 3561 437 3625 llas-ere.
453 3557 679 3619 adsentientibus
695 3556 834 3619 omnibus
848 3559 906 3619 lcrc
923 3558 1004 3619 Leid.
1026 3566 1054 3618 st
1070 3577 1212 3620 novorum
1231 3570 1334 3623 omnes
1349 3562 1495 3624 rarecort

110 3672 146 3745 ti,
164 3670 242 3731 leiti.
257 3690 283 3733 c.
303 3666 407 3728 Wassii
424 3663 511 3737 libri„
521 3663 613 3722 nostri
629 3682 731 3721 omnes
746 3672 849 3743 preter
862 3660 947 3722 Bcrn.
962 3682 988 3723 1.
1009 3670 1038 3721 et
1050 3681 1111 3727 om.
1127 3662 1238 3724 Fabric-
1249 3682 1275 3723 ι.
1290 3663 1388 3731 Gaell.
1399 3688 1424 3725 ι.
1445 3688 1494 3728 re-

110 3773 352 3837 resonemus.
367 3770 452 3831 bern.
465 3788 492 3828 ι.
513 3776 541 3827 et
554 3786 622 3827 cum
638 3786 739 3828 novor.
760 3765 821 3825 Bas.
831 3768 859 3839 4.
880 3766 960 3827 Leid.
974 3787 1003 3827 a.
1022 3765 1124 3827 varias
1137 3766 1317 3847 immam
1328 3769 1504 3848 mviigbfis

111 3880 243 3945 burnel.
262 3878 362 3939 Nazar.
382 3884 489 3935 vetera
505 3872 582 3949 tidie
603 3871 690 3951 pauci
711 3869 815 3937 Corsi.
835 3870 915 3935 Leid.
925 3891 952 3931 a.
961 3893 988 3931 c.
998 3870 1029 3930 d.
1043 3891 1069 3930 e.
1080 3872 1100 3930 l.
1110 3892 1139 3953 g·
1150 3872 1171 3936 i.
1186 3874 1207 3931 l.
1221 3893 1261 3933 na.
1289 3872 1414 3936 Βοιώ,
1440 3898 1494 3938 va.

112 3986 342 4062 maineartaaqas
359 3980 428 4041 Vin.
439 3998 466 4038 a.
485 3976 581 4037 Sonat.
602 3976 700 4035 lleuss.
721 3972 810 4035 lead.
831 3974 893 4035 Bas.
907 3996 932 4035 ι.
954 3974 1067 4037 Febris.
1087 3974 1225 4051 (loelli.
1237 3976 1415 4059 adsurgam
1432 3980 1491 4041 inc,

109 4090 207 4157 Vina.
227 4091 286 4150 inc.
303 4086 398 4149 Βίων.
412 4083 492 4147 Vrat.
509 4086 535 4145 3.
557 4081 640 4142 liena.
660 4100 686 4139 1.
714 4078 813 4150 ilasi.
832 4078 903 4139 Tur.
923 4078 1029 4141 Franc.
1048 4079 1115 4142 Ecc-
1135 4078 1233 4141 Guett
1243 4081 1273 4153 4.
1284 4103 1313 4164 9.
1328 4104 1432 4145 soar.
1445 4106 1491 4153 ra.

111 4192 334 4253 Leid.b.b.k.n.
355 4190 442 4249 Pelet.
459 4192 486 4252 3.
502 4196 531 4247 et
551 4186 601 4245 alii
622 4186 734 4265 aliquot
749 4203 783 4243 ex
798 4182 886 4245 Pelet.
906 4184 1037 4264 quinque
1051 4183 1165 4244 Wassii.
1192 4183 1325 4264 agriam
1344 4186 1492 4251 cmm

113 4297 214 4361 Fabric.
226 4299 310 4359 Paris.
321 4318 347 4357 c.
367 4292 517 4374 ququam
534 4288 665 4351 omnium
686 4278 783 4349 Guell.
797 4286 906 4370 3.7.9.
931 4284 982 4348 Ac.
1007 4286 1094 4347 Febr.
1111 4286 1180 4371 Τις.
1199 4287 1268 4354 Τιιι.
1289 4291 1489 4358 scaranem.
1863 4283 2018 4424 μ

932 4486 937 4497 ,
1043 4441 1087 4489 21
