4050 5009
351 406 427 499 234
548 416 556 439 ⁸

352 581 621 690 egregiatus
642 609 677 666 c.
701 597 751 662 ιι.
781 597 974 676 tuerautas
994 613 1046 680 49.
1072 595 1226 661 facinora
1245 592 1380 682 ingenii
1400 607 1432 663 ι.
1454 617 1484 663 2.
1505 598 1561 664 vu
1580 618 1612 680 4.
1634 611 1692 670 ιι.
1715 629 1764 673 to.

395 725 525 771 merces
554 707 598 773 H.
619 708 645 767 1.
669 705 717 769 15.
745 703 836 768 lama
860 707 915 774 IV.
942 723 999 770 rua
1016 701 1119 769 claris
1138 711 1172 768 et
1191 703 1339 790 egregiis
1360 703 1460 769 iactis
1490 716 1523 775 5.
1546 712 1596 773 65.
1626 709 1663 775 in
1683 713 1763 779 aliis
1822 766 1827 776 ,

270 851 274 858 -
393 813 525 876 artibus
547 831 659 898 egreg.
681 813 731 875 82.

337 914 500 1009 *Ejieere
519 923 650 1002 pestem
669 927 703 983 5.
729 918 774 990 ι4.

328 1097 331 1102 ,
354 1025 466 1088 Elate
486 1032 545 1087 aut
564 1022 799 1087 securissimus
819 1029 914 1087 metu
933 1023 978 1085 H.
998 1024 1024 1090 I.
1046 1025 1098 1084 32.

353 1126 574 1216 Elegantius
592 1127 740 1212 psallere
760 1149 865 1211 quam
885 1147 1021 1195 necesse
1042 1136 1092 1194 est
1110 1128 1228 1214 prohae
1250 1139 1285 1196 c.
1307 1137 1357 1194 28.

354 1229 542 1298 Ementiri
559 1235 669 1298 multa
690 1246 725 1303 c.
747 1249 797 1315 49.

354 1341 563 1428 Emergunt
582 1359 619 1407 se
639 1339 749 1405 fundo
764 1321 909 1426 'navigia
929 1342 972 1404 H.
993 1343 1050 1406 IV.
1070 1341 1121 1404 55.

354 1438 530 1510 Eminens
549 1447 706 1531 patibulo
728 1447 945 1533 adfigebatur
965 1447 1011 1514 H.
1031 1449 1086 1509 IV.
1108 1449 1160 1528 37.

240 1570 242 1576 ’
355 1548 511 1617 Eminue
531 1553 634 1618 missa
655 1553 724 1620 tela
744 1564 777 1622 J.
800 1555 850 1618 58.
866 1553 983 1632 jacula
1003 1572 1068 1621 em.
1090 1552 1286 1620 missaror.
1308 1570 1372 1617 em.
1393 1552 1519 1639 glande
1534 1565 1690 1642 'pugnare
1713 1559 1762 1643 57.
1841 1582 1844 1587 ·

395 1655 632 1722 funditoribus
652 1679 682 1724 e.
704 1647 832 1724 terrere
854 1673 905 1742 94.
928 1655 1058 1723 emissa
1075 1658 1193 1739 jacula
1211 1659 1388 1724 tormentis
1407 1668 1467 1724 aut
1485 1681 1592 1727 manu
1612 1665 1661 1747 ⁵7·

355 1759 489 1827 Emori
504 1782 570 1846 per
585 1764 749 1829 virtutem
770 1773 908 1848 praestat
928 1775 965 1834 c.
988 1783 1038 1829 ao.
1423 1833 1427 1839 ,
1450 1822 1453 1828 .

355 1863 520 1932 Emundi
537 1877 596 1931 aut
615 1870 774 1932 mutandi
795 1871 895 1955 copia
915 1881 948 1938 5.
972 1873 1020 1936 ι8.
1040 1869 1177 1935 enisum
1196 1871 1246 1937 ita
1266 1891 1304 1937 se
1323 1873 1367 1935 ab
1389 1871 1620 1937 adulescentia
1640 1890 1691 1937 aa.
1713 1877 1761 1948 ι4.

399 1991 446 2034 ιο.
466 1991 600 2037 summa
620 1995 687 2059 ope
707 1975 842 2041 enisum
865 1979 934 2040 2⁵.
1759 1965 1763 1973 ⁴

355 2074 548 2143 Enuneiat
568 2081 688 2144 dolum
709 2103 786 2165 quae
805 2085 991 2168 parabatur
1013 2088 1051 2149 0.
1073 2086 1122 2155 28.
1152 2087 1278 2170 epulas
1298 2083 1391 2150 inter
1407 2093 1441 2152 J.
1463 2087 1513 2149 66.
1537 2083 1649 2169 epulis
1677 2105 1763 2150 one-

284 2251 288 2256 ,
396 2184 464 2248 rati
486 2172 536 2268 96.
556 2175 668 2270 epulis
683 2187 895 2267 jucundiora
916 2191 966 2255 85.
1043 2229 1045 2235 ·

356 2288 512 2373 Equites
531 2291 708 2355 auxiliarii
737 2304 771 2360 5.
792 2301 843 2371 46.
873 2298 1033 2363 Numida
1053 2300 1104 2362 68.
1139 2299 1498 2385 CataphractiH.1V.
1521 2317 1571 2365 aa.
1603 2304 1764 2381 equestre
1842 2350 1844 2354 .

395 2395 559 2481 proelium
578 2408 611 2465 5.
633 2401 684 2462 60.
707 2384 793 2463 ordo
816 2413 853 2468 c.
877 2423 925 2485 ¹7·
946 2423 1068 2488 parma
1086 2406 1131 2466 H.
1152 2407 1209 2473 1v.
1233 2407 1282 2468 28.
1310 2401 1395 2486 equi
1412 2403 1640 2485 Numidaeque
1659 2414 1692 2473 J·
1714 2419 1764 2482 49·

399 2519 490 2582 equo
509 2502 691 2570 circumire
711 2517 748 2572 c.
768 2507 818 2588 59.
839 2505 1028 2590 equitatus
1045 2506 1237 2592 plurimum
1256 2517 1289 2574 J.
1309 2510 1357 2584 46.
1378 2506 1600 2573 auxiliarium
1620 2523 1672 2587 49.

359 2604 501 2688 Erepto
520 2609 615 2673 bona
634 2601 743 2694 017.
764 2631 805 2676 ex
824 2611 987 2676 servitute
1007 2613 1057 2688 48.
1078 2611 1247 2676 beneficia
1266 2621 1377 2675 vestra
1396 2623 1429 2679 J.
1452 2627 1501 2688 14.
1520 2611 1593 2674 vita
1612 2611 1661 2674 ib.
1680 2609 1769 2674 civi·

399 2717 504 2776 tatem
522 2715 687 2798 periculis
709 2727 745 2784 c.
759 2720 808 2793 46.
830 2736 934 2801 eper.
955 2718 1006 2792 48.
1029 2718 1175 2780 adeum
1195 2717 1416 2802 eripiendum
1436 2719 1484 2782 5ο.
1502 2715 1649 2782 victoria
1668 2724 1768 2801 parta

399 2835 441 2881 ex
459 2819 620 2886 manibus
637 2832 670 2888 5.
692 2825 743 2888 82.
764 2821 905 2907 pcaemia
925 2829 1084 2906 ereptum
1105 2830 1190 2886 eunt
1209 2825 1261 2886 85.
1282 2823 1435 2891 animam
1456 2834 1491 2892 c.
1512 2825 1562 2915 54.
1589 2821 1690 2887 victis
1711 2820 1767 2885 in-

393 2919 495 3002 juria
514 2925 692 2991 licentiam
718 2951 765 3012 12.
785 2947 827 2994 ex
847 2928 1008 3016 manibus
1029 2928 1149 3014 impiis
1168 2940 1201 2997 5.
1224 2945 1274 3004 ac.

359 3024 484 3093 Ericii
502 3032 663 3097 militaris
684 3033 724 3099 iu
744 3034 887 3098 modum
910 3037 954 3097 H.
974 3037 1038 3098 111.
1049 3049 1110 3120 4ι.

360 3133 506 3197 Errant
525 3139 647 3221 procul
667 3141 698 3203 J.
719 3141 769 3204 85.
792 3161 922 3204 errans
942 3160 1063 3225 oppos.
1083 3133 1387 3223 sceleratissimus
1410 3143 1477 3209 10³.
1499 3146 1627 3205 errata
1647 3135 1770 3203 officiis

401 3255 562 3324 superare
581 3245 631 3308 ib.
651 3263 780 3310 errasse
800 3253 834 3312 et
852 3255 885 3312 5.
907 3247 1036 3310 scelere
1056 3246 1192 3330 lapsum
1218 3261 1283 3320 104.

360 3343 562 3430 Erumpere
589 3353 633 3411 ad
661 3361 696 3416 c.
717 3353 768 3424 45.
799 3351 891 3416 inter
917 3351 985 3416 tela
1015 3350 1170 3413 hostium
1196 3345 1227 3412 J.
1255 3369 1321 3416 ιοι.
1353 3348 1405 3413 vis
1424 3348 1575 3435 piscium
1596 3367 1638 3415 ex
1658 3351 1768 3413 Ponto

400 3453 445 3513 H.
465 3451 533 3517 ine.
553 3453 667 3537 globis
686 3455 904 3540 eruptionem
922 3456 1034 3528 facere
1054 3458 1113 3518 111.
1137 3473 1167 3520 a.

343 3543 488 3621 'Etiam
509 3567 584 3622 tum
605 3571 641 3628 c.
665 3580 693 3625 a.
721 3564 890 3650 paulatim
911 3563 1016 3628 etiam
1036 3560 1171 3645 spirans
1191 3543 1256 3622 6ι.Ι
1272 3579 1302 3624 e.
1322 3559 1368 3622 ad
1387 3556 1579 3625 necessaria
1602 3577 1652 3623 ao.
1673 3577 1703 3623 e.
1726 3559 1771 3622 ti·

376 3664 514 3730 midos
538 3667 588 3730 58.
616 3669 827 3734 cunctamini
847 3670 952 3758 etiam
972 3688 1076 3731 nunc.
1099 3668 1149 3730 52.
1180 3655 1326 3729 obscuro
1348 3664 1454 3730 etiam
1480 3672 1555 3730 tum
1580 3664 1715 3731 lumine
1737 3673 1769 3731 J.

343 3827 352 3835 .
404 3785 454 3827 21·
483 3770 587 3834 etiam
607 3783 709 3837 antea
732 3792 779 3851 24.
812 3781 1009 3840 etiamtum
1034 3775 1085 3836 65.
1122 3768 1160 3835 in
1175 3767 1337 3855 princip.
1358 3770 1466 3836 etiam
1484 3777 1585 3836 antea
1605 3772 1656 3832 80.
1686 3764 1771 3832 init.

401 3867 506 3935 etiam
528 3882 631 3954 atque
653 3879 758 3940 etiam
779 3888 934 3965 reputate
955 3883 1006 3946 85.
1028 3878 1159 3963 quippe
1180 3877 1284 3942 etiam
1304 3897 1352 3957 9ο.
1371 3876 1464 3940 nihil
1485 3875 1590 3942 etiam
1609 3880 1692 3936 tunc
1710 3873 1773 3938 de·

355 4001 358 4009 ·
405 3976 549 4044 crevisse
564 3999 628 4060 ¹⁰9·
640 3983 690 4064 ,³¹-
713 3984 804 4049 ultra
817 3989 1057 4052 Romanorum
1071 3993 1106 4048 et
1116 3981 1317 4046 mortalium
1330 3981 1435 4046 etiam
1446 3997 1579 4045 morem
1589 3979 1635 4047 H.
1645 3979 1689 4046 11.
1701 3993 1752 4054 4ι.

363 4085 526 4154 Ecadere
545 4085 690 4153 advorso
712 4091 801 4157 colle
825 4093 856 4155 J.
879 4100 928 4159 52.
958 4093 1089 4178 oppido
1112 4092 1160 4153 56.
1191 4087 1299 4155 evasit
1324 4087 1471 4152 huccine
1489 4083 1700 4152 beneficium
1722 4097 1770 4158 ι4.

405 4191 498 4256 inter
517 4191 669 4279 virgulta
691 4196 740 4258 5ο.

266 4324 269 4330 ·
364 4293 572 4363 Evenerant
594 4319 712 4388 aspera
731 4301 889 4386 loedaque
910 4313 947 4370 c.
970 4304 1020 4371 26.
1053 4321 1120 4388 pax
1140 4321 1170 4381 9.
1198 4300 1272 4368 illis
1292 4298 1418 4368 merito.
1436 4278 1584 4383 accidet,
1604 4293 1771 4382 quioquid
