4050 5009
531 402 600 476 116

528 597 583 656 tes
606 599 705 665 eant.
748 584 882 662 Occiso
900 585 1052 663 Tiberio
1074 586 1265 680 Graccho,
1290 615 1405 693 quem
1425 613 1585 692 regnum
1607 609 1742 690 parare
1765 579 1924 665 aiebant,

530 704 572 780 in
592 695 747 810 plebem*
759 710 971 785 Romanam
995 713 1219 814 quaestiones
1240 710 1383 787 babitae
1402 728 1501 787 sunt
1537 714 1624 785 Post
1643 712 1681 785 C.
1701 700 1868 784 Gracchi
1891 714 1926 774 et

530 830 580 904 Μ.
600 832 726 907 Fulvii
757 835 910 910 caedem
942 835 1034 910 item
1064 837 1175 911 vestri
1204 836 1348 911 ordinis
1371 835 1491 910 multi·
1512 832 1688 908 mortales
1714 831 1754 904 in
1781 847 1927 903 carcere

532 954 657 1029 necati
678 973 794 1032 sunt:
819 958 1020 1061 utriusque
1039 958 1158 1034 cladis
1176 987 1256 1034 non
1278 959 1339 1034 lex
1360 984 1493 1033 verum
1512 957 1645 1032 lubido
1662 980 1796 1030 eorum
1813 947 1927 1024 {inem

532 1077 630 1152 fecit.
655 1080 728 1154 Sed
747 1106 838 1157 sane
852 1081 970 1158 fuerit
989 1082 1095 1186 regni
1114 1081 1282 1185 paratio,
1299 1081 1403 1186 plebi
1417 1107 1485 1156 sua
1508 1081 1721 1173 restituere3
1744 1070 1928 1180 quicquid

531 1201 613 1276 sine
631 1204 817 1308 sanguine
834 1206 976 1280 civium
997 1205 1128 1280 ulcisci
1149 1207 1349 1308 nequitur,
1374 1205 1458 1280 iure
1481 1204 1626 1280 sactum
1646 1202 1703 1278 sit
1753 1197 1928 1304 Superio-

532 1326 604 1400 bus
620 1326 732 1401 annis
749 1328 854 1403 taciti
875 1329 1200 1434 indignabamini,
1225 1330 1404 1405 aerarium
1423 1328 1603 1432 expilari5
1627 1350 1727 1430 regas
1748 1341 1788 1400 et
1806 1347 1927 1428 popu·

533 1447 588 1523 los
624 1449 763 1525 liberos
790 1452 921 1554 paucis
951 1453 1146 1528 nobilibus
1178 1452 1336 1558 vectigal
1361 1451 1545 1556 penderc;
1576 1473 1690 1554 penes
1714 1447 1863 1524 eosdem
1893 1459 1929 1517 et

532 1595 721 1647 summam
747 1574 908 1679 gloriam
926 1591 965 1649 et
983 1600 1178 1650 maxumas
1205 1575 1355 1650 divitias
1381 1599 1484 1649 esse:
1511 1589 1638 1648 tamen
1660 1569 1742 1646 hoec
1764 1570 1856 1644 talia
1877 1567 1929 1642 fa·

533 1695 665 1770 cinora
695 1696 853 1800 impune
881 1699 1102 1802 suscepisse,
1127 1725 1266 1803 parum
1285 1697 1463 1772 habuere.
1513 1699 1646 1798 Itaque
1669 1710 1860 1798 postremo
1880 1692 1929 1765 le·

533 1843 615 1922 ges,
641 1820 812 1897 maiestas
833 1838 972 1913 vestra,
997 1823 1128 1896 divina
1154 1838 1194 1897 et
1230 1818 1403 1896 bumana
1432 1819 1560 1894 omnia
1589 1818 1761 1894 hostibus
1789 1815 1926 1892 tradita

531 1959 633 2016 sunt.
668 1945 799 2048 Neque
818 1971 898 2035 eos,
917 1947 1047 2048 quiea
1067 1944 1204 2035 fecere,
1229 1945 1349 2048 pudet
1366 1959 1434 2018 aut
1457 1941 1639 2047 poenitet:
1664 1943 1728 2017 sed
1748 1940 1932 2046 incedunt

536 2092 606 2170 per
621 2093 687 2142 ora
707 2085 828 2144 vestro
845 2068 1059 2173 magnifici3
1080 2067 1288 2144 sacerdotia
1307 2083 1345 2142 et
1360 2066 1596 2156 consulatus,
1613 2091 1702 2169 pars
1720 2061 1931 2168 triumphos

533 2213 620 2266 suos
650 2207 904 2270 ostentantes:
930 2192 1090 2297 perinde
1110 2192 1219 2296 quasi
1248 2217 1290 2267 ea
1311 2188 1450 2266 honori
1488 2217 1567 2266 non
1598 2187 1736 2293 praedae
1756 2188 1930 2264 habeant.
2020 2177 2021 2246 ἒ

534 2314 637 2391 Servi
658 2341 732 2392 aere
760 2316 885 2421 parati
901 2317 1043 2392 iniusta
1065 2316 1224 2421 imperia
1244 2315 1489 2390 dominorum
1508 2341 1587 2390 non
1608 2312 1834 2417 perferunt:
1857 2335 1930 2397 vos,

534 2437 723 2535 Quirites,
750 2440 909 2545 imperio
932 2440 1031 2530 nati,
1057 2465 1167 2542 aequo
1186 2439 1315 2515 animo
1334 2437 1552 2514 seruitutem
1571 2436 1745 2514 toleratis.
1796 2432 1928 2538 Atqui

531 2560 708 2655 ronchi,
735 2565 803 2668 qui
835 2564 1114 2669 rempublicam
1139 2565 1394 2670 occupavere?
1429 2560 1601 2638 homines
1628 2558 1930 2644 sceleratissumi‚

534 2779 611 2820 nnus
623 2761 751 2837 Wassii,'
763 2779 820 2821 esse
838 2762 906 2846 seg.
927 2774 961 2824 nt
974 2773 1080 2825 contro
1100 2762 1161 2823 Bas.
1184 2785 1210 2824 1.
1236 2761 1338 2824 suimet
1356 2761 1411 2842 ipsi
1427 2782 1509 2824 moro
1534 2763 1596 2823 Bas.
1612 2783 1638 2822 1.
1657 2761 1727 2823 vin.
1740 2781 1767 2822 ι.
1797 2759 1930 2822 Graccho

535 2863 596 2924 Bas.
617 2887 642 2931 1.
668 2865 753 2931 Febr.
771 2877 800 2927 et
817 2870 998 2930 vetustissimi
1011 2870 1109 2930 Gueli.
1131 2866 1245 2930 Gracco
1266 2869 1363 2943 multi,
1380 2865 1478 2928 Gracc
1496 2870 1592 2928 ceteri.
1621 2888 1745 2947 regnum
1761 2866 1817 2928 sibi
1826 2883 1931 2947 peroro

533 2967 636 3036 Franc.
657 2970 707 3032 Ac.
728 2971 827 3032 Heuss.
846 2972 913 3032 Son.
925 2995 953 3033 ι.
973 2974 1058 3034 Bern.
1078 2994 1103 3033 1.
1125 2972 1273 3053 quaestion.
1288 2991 1391 3052 graves
1411 2975 1469 3034 inc.
1490 2976 1585 3038 Strur.
1604 2973 1709 3034 Frons.
1729 2977 1826 3054 piures
1838 2971 1930 3030 Gnels.

533 3095 616 3154 grac.
630 3096 657 3155 q.
677 3059 758 3135 Iaeid'.
772 3097 799 3136 a.
811 3073 842 3135 b.
857 3078 885 3136 k.
905 3079 1037 3160 plerique
1048 3080 1135 3138 Pelet.
1156 3079 1293 3167 ¹(exceptis
1305 3077 1373 3137 Nar.
1385 3077 1549 3157 etComrn.)
1571 3079 1629 3138 Erl.
1650 3079 1773 3142 Bora-1.
1795 3077 1862 3136 item
1872 3093 1930 3136 ves-

534 3179 577 3238 tri
591 3181 657 3244 ord.
672 3201 712 3239 m.
726 3203 766 3240 m.
787 3180 828 3240 ita
845 3183 966 3263 plorimi
979 3181 1060 3242 Cort.
1081 3182 1139 3242 Erl.
1160 3182 1221 3242 Bos.
1234 3203 1259 3241 1.
1274 3182 1303 3253 Δ.
1324 3179 1409 3242 Bern.
1430 3205 1454 3242 ι.
1467 3187 1495 3245 3.
1517 3183 1585 3243 item
1600 3205 1639 3243 m.
1654 3203 1684 3243 v.
1697 3204 1725 3248 o.
1740 3193 1796 3243 eto.
1818 3181 1930 3260 (omisso
2019 3185 2020 3188 ’

533 3285 680 3364 mortales)
702 3283 800 3349 Guelf.
816 3306 842 3344 1.
863 3284 975 3352 Fabrie.
996 3285 1093 3347 Turio.
1115 3307 1155 3352 m.
1166 3308 1212 3366 pr.
1234 3283 1325 3348 libido
1340 3305 1442 3348 eornm
1462 3307 1549 3369 pron.
1562 3308 1624 3347 orn.
1639 3287 1737 3348 Gueli.
1751 3310 1781 3370 9.
1803 3285 1885 3350 Bern.
1907 3305 1928 3344 ι.

533 3390 618 3469 regni
637 3389 787 3471 reparabit
806 3389 896 3451 bord.
916 3391 1011 3455 Stmr.
1040 3390 1143 3455 Franc.
1170 3391 1272 3451 incest.
1296 3390 1397 3451 Gueli.
1418 3413 1670 3474 1.·7.1o.11.12.
1696 3393 1777 3460 Leid.
1790 3391 1930 3456 d.c.s.h.

532 3492 591 3553 Erl.
612 3494 714 3566 ΒΜ.
735 3515 789 3555 suo
801 3493 871 3555 iuro
889 3495 956 3558 tce.
977 3494 1028 3555 bo.
1048 3495 1143 3556 Strur.
1172 3495 1275 3557 Franc.
1303 3495 1382 3557 Vnst.
1395 3497 1425 3562 3.
1453 3498 1550 3557 Gnels.
1563 3497 1592 3569 Δ.
1607 3520 1634 3580 7.
1646 3520 1675 3580 9.
1689 3520 1734 3564 ro.
1750 3521 1797 3561 ιι.
1810 3519 1854 3560 ιι.
1873 3497 1929 3558 Eri.

533 3594 633 3668 bani.
658 3597 783 3660 uerno.
808 3599 943 3678 nequitur
972 3600 1073 3662 Vinrr.
1091 3621 1116 3663 ι.
1146 3599 1242 3659 Sonat.
1255 3620 1284 3663 ι.
1312 3601 1411 3661 Hono.
1437 3600 1534 3667 Guelfi
1550 3623 1575 3666 ι.
1596 3603 1680 3664 Rem.
1701 3625 1728 3666 ι.
1749 3617 1779 3666 ct
1793 3605 1888 3666 senat.
1901 3625 1925 3668 ι.

534 3697 630 3759 Guelf.
643 3720 670 3760 a.
682 3701 753 3774 Μ.
773 3724 814 3762 m.
822 3724 869 3784 pr.
889 3702 1001 3766 Isiou.
1021 3704 1081 3764 dno
1093 3703 1179 3763 liirii.
1199 3703 1330 3764 Beroald.
1350 3703 1412 3764 bas.
1427 3727 1451 3766 1.
1473 3729 1514 3766 m.
1530 3731 1576 3790 pr.
1607 3709 1846 3788 iurcjoctumcst
1866 3709 1927 3779 Eoo,

535 3801 690 3869 Goslf.11'.
710 3805 779 3888 ng.
798 3807 938 3868 oerorirtm
952 3807 1111 3889 exspoliari
1133 3807 1201 3870 vin.
1216 3828 1243 3869 a.
1263 3808 1357 3872 strar.
1383 3809 1487 3872 anc.
1507 3813 1627 3874 Merseb.
1648 3815 1735 3877 Ririi.
1756 3816 1829 3898 lieg.
1848 3815 1929 3875 Wes-

534 3909 578 3971 sii.
598 3907 678 3970 Vrat.
690 3907 720 3969 3.
742 3909 863 3996 lienus.
884 3911 979 3978 Goeif.
990 3935 1019 3995 7.
1037 3934 1083 3972 ιο.
1099 3933 1144 3971 ιι.
1166 3911 1246 3978 leid.
1258 3935 1286 3979 a.
1299 3913 1327 3973 b.
1341 3915 1372 3979 d.
1385 3936 1412 3975 e.
1424 3938 1465 3974 m.
1492 3926 1522 3975 ct
1534 3937 1679 3978 summam
1691 3919 1826 3999 gratiam
1850 3919 1928 3982 Rem.

539 4029 566 4072 ι.
587 4009 651 4070 iure
664 4011 846 4088 toliosocr'rt.
867 4015 940 4075 tolia
954 4038 1016 4076 om.
1032 4015 1117 4076 Febr.
1132 4036 1159 4077 ι.
1180 4026 1208 4077 et
1222 4016 1283 4077 olio
1301 4017 1397 4079 Guelf.
1412 4041 1440 4101 7.
1461 4023 1613 4101 magnifici
1632 4023 1699 4084 Eec.
1721 4023 1819 4085 Guetf.
1832 4029 1860 4090 3.
1881 4025 1928 4085 vi-

537 4132 599 4177 nar.
617 4134 644 4173 2.
665 4114 733 4176 Eoo.
754 4115 804 4181 Ac.
824 4117 890 4179 Son.
902 4137 930 4179 ι.
952 4120 1050 4180 Heuss.
1071 4120 1132 4185 Bas.
1148 4141 1173 4180 ι.
1193 4131 1222 4182 et
1233 4123 1273 4182 ita
1287 4121 1402 4182 Gruter.
1424 4123 1503 4184 Leid.
1516 4149 1542 4192 a.
1558 4125 1587 4185 b.
1602 4148 1628 4187 a.
1647 4128 1709 4210 ig.
1725 4130 1745 4194 i.
1758 4131 1779 4194 l.
1795 4151 1837 4189 m.
1851 4129 1927 4190 ch.

538 4237 567 4282 ι.
587 4217 741 4297 mogttifico
755 4222 852 4283 ceteri.
868 4221 996 4305 proinde
1013 4223 1140 4304 quartae
1157 4223 1256 4287 Garis.
1272 4246 1298 4288 ι.
1312 4225 1342 4290 ὅ.
1367 4229 1427 4290 inc.
1439 4249 1469 4291 a.
1490 4229 1568 4295 Vrat.
1588 4250 1613 4292 ι.
1632 4231 1701 4294 Son.
1716 4253 1744 4295 a.
1766 4233 1868 4303 Hm.
1897 4251 1927 4295 ea
2018 4225 2019 4258 ¹
