4050 5009
1592 396 1640 471 83

230 590 314 653 Fest.
334 588 491 674 «tragula
513 606 621 673 genus
643 587 721 671 teli,
742 584 966 668 dicta‚·quod
985 592 1084 650 scuto
1106 584 1211 649 infixa
1236 586 1424 659 trahatur.t>
1456 584 1569 653 Avidi
1587 590 1641 654 di-

229 702 353 756 cuntur
371 695 488 775 duces,
508 696 603 774 quod
627 691 775 775 strenui,
795 691 976 776 pugnandi
1000 690 1119 775 cupidi
1142 698 1238 753 erant
1254 700 1287 753 ct
1307 696 1453 757 audaces
1469 693 1507 755 in
1519 696 1640 779 proeli-

227 818 287 861 um
307 799 413 861 ibant.
433 820 487 883 ap.
501 799 607 862 Tacit.
627 798 715 861 Hist.
735 802 766 861 3.
788 797 849 874 4ι’;
879 792 980 861 auidi
989 798 1243 879 periculorum
1264 796 1426 861 dicuntur
1442 798 1546 862 ctiam
1566 798 1640 865 uvi-

228 899 309 967 dr‘us
320 925 429 987 quam
448 900 653 970 consultius
662 907 697 967 b.
711 927 740 967 a.
752 918 804 978 ²4.
833 902 872 963 in
892 904 1037 965 eandem
1047 902 1253 966 sententiam
1272 902 1412 966 dictum.
1431 906 1535 980 -46.-
1553 904 1639 971 Pri·

226 1029 285 1074 mo
308 1006 568 1097 inciditforte.
589 1008 872 1074 -lenunculus
897 1008 1024 1070 melior
1044 1008 1212 1092 scriptura
1236 1016 1269 1075 et
1290 1010 1395 1072 codd.
1412 1009 1638 1095 lapidumque

175 1154 178 1169 ι
225 1115 431 1181 auctoritate
454 1124 488 1180 ct
507 1114 721 1199 etymologia
745 1110 956 1175 confirmata.
980 1111 1029 1175 ita
1054 1112 1159 1176 etiam
1177 1100 1350 1178 Ammian.
1368 1116 1520 1184 Marcell.
1541 1134 1590 1193 14.
1611 1140 1638 1201 7.

225 1222 426 1284 lenunculo
446 1243 486 1283 ce
506 1208 725 1285 commisisse
744 1214 937 1301 prbcautir.
964 1224 1125 1283 caeterum
1143 1219 1261 1285 literas
1280 1220 1432 1285 initiales
1452 1244 1481 1285 r.
1504 1224 1578 1287 etl.
1599 1224 1638 1287 in

143 1390 148 1410 ,
226 1326 515 1409 pronuntiatione
531 1332 664 1388 mutare
683 1322 785 1386 facile
803 1329 886 1387 erat.
904 1326 1141 1387 ramunculus
1159 1323 1243 1391 inde
1260 1335 1375 1390 ortum
1393 1346 1464 1393 esse
1481 1329 1639 1415 ridetur,

225 1432 322 1511 quod
344 1440 457 1514 erant,
486 1430 549 1512 qui
575 1428 678 1509 hujus
701 1427 797 1493 vocis
818 1427 991 1514 originem
1010 1430 1055 1491 ad
1079 1452 1200 1494 remus
1218 1430 1399 1497 referrent.
1419 1434 1497 1497 Tac.
1516 1434 1638 1499 Anntd

226 1551 276 1611 ι4.
296 1538 326 1597 6.
347 1536 597 1601 lembunculus
624 1535 655 1599 si
679 1535 821 1617 quidem
846 1534 951 1599 lectio
968 1555 1051 1598 sana
1070 1544 1130 1600 est.
1150 1538 1318 1603 Caeterum
1334 1540 1440 1603 Debr.
1462 1542 1530 1605 hoc
1548 1540 1640 1627 frag·

225 1650 382 1705 mentum
391 1644 435 1703 ad
448 1640 663 1705 Mithridatis
676 1640 794 1727 sugam
801 1636 917 1705 'refert
939 1640 1000 1705 cfr.
1012 1643 1157 1727 Appian.
1170 1644 1327 1707 Mithrid.
1342 1664 1371 1709 c.
1382 1646 1432 1707 86.
1452 1680 1471 1697 -
1481 1660 1533 1727 47.
1542 1680 1560 1695 -
1578 1644 1643 1711 Ad

224 1748 298 1812 hoc
314 1767 440 1829 pauca
453 1745 629 1831 piratica
650 1747 674 1811 i.
693 1768 721 1812 e.
741 1750 786 1811 ad
808 1747 990 1833 piraticam
1012 1748 1208 1813 faciendam
1230 1750 1369 1835 Qunict.
1391 1753 1420 1813 8.
1437 1754 1475 1813 32
1494 1748 1639 1834 «pirati-

225 1872 302 1915 cam
324 1874 467 1935 quoque
491 1862 531 1916 ut
552 1853 717 1918 musicam
742 1863 777 1919 et
805 1854 974 1918 fabricam
1003 1854 1076 1919 dici
1097 1857 1211 1919 adhuc
1229 1856 1436 1919 dubitabant
1460 1854 1530 1919 mei
1548 1872 1638 1940 prae-

224 1966 411 2043 ceptores)
435 1960 503 2023 Sed
524 1961 673 2023 occurrit
692 1980 746 2046 ap.
766 1962 834 2023 Cic.
851 1970 927 2045 post
948 1961 1051 2025 redit.
1073 1962 1208 2033 iudan.
1225 1982 1253 2026 c.
1276 1966 1306 2027 3.
1325 1962 1388 2026 alii
1403 1958 1637 2047 piraticata-

224 2071 324 2147 gunt.
346 2064 485 2130 videtur
503 2064 735 2151 fragmentum
753 2068 847 2128 haud
861 2066 1016 2130 alienum
1037 2086 1058 2129 a
1075 2068 1216 2131 Sertorii
1234 2087 1399 2153 persona,
1421 2088 1499 2131 cum
1513 2066 1638 2148 Hispa-

225 2167 289 2227 nia
306 2166 427 2248 pulsus
450 2184 546 2228 oram
565 2169 775 2228 maritimam
790 2170 985 2231 latrociniis
997 2170 1188 2232 infestabat.
1209 2175 1312 2245 -48.-
1335 2167 1639 2235 Omninsacrata
1706 2228 1709 2237 ,

227 2290 397 2353 corpora.
417 2268 544 2345 «fallor
562 2272 653 2356 egoi
680 2289 726 2332 an
750 2271 794 2333 de
823 2268 922 2333 chiis
949 2270 1107 2349 loquitur
1139 2271 1301 2353 Crispus?
1321 2288 1409 2351 quos
1426 2250 1447 2331 ἆ
1466 2270 1638 2354 Zenobio,

225 2374 458 2439 Mithridatici
475 2376 642 2440 exercitus
660 2377 763 2459 duce,
784 2383 919 2439 ersutos
940 2373 1067 2457 armis,
1085 2381 1164 2458 post
1181 2376 1227 2436 Μ.
1248 2376 1293 2439 Μ.
1315 2376 1524 2439 talentorum
1543 2394 1640 2440 exac-

225 2481 378 2566 tionem,
406 2489 579 2548 mactante
600 2485 717 2546 deesse
739 2466 885 2563 aliquid'
905 2479 1002 2558 justo
1025 2480 1185 2564 ponderi,
1215 2500 1326 2547 mares
1347 2500 1502 2547 seorsum
1522 2502 1542 2545 a
1563 2502 1639 2545 mu-

225 2586 372 2666 lieribus
385 2596 419 2653 et
435 2587 553 2672 pueris
572 2588 611 2651 iu
627 2607 730 2653 naves
747 2586 929 2673 impositos
940 2594 1044 2668 atque
1062 2584 1110 2649 ita
1125 2586 1295 2673 dispulsos
1319 2608 1340 2651 a
1356 2587 1469 2673 patria
1483 2588 1522 2652 in
1535 2588 1639 2652 Euxi-

106 2717 109 2732 ·
194 2700 310 2757 *uum
338 2714 444 2779 porro
471 2695 647 2779 deportari
669 2694 782 2774 jussos
810 2702 979 2757 memorat
1009 2692 1196 2776 Appianas.
1224 2703 1354 2757 sacrata
1377 2714 1522 2779 corpora
1554 2712 1637 2780 ergo

226 2799 399 2864 destinata
406 2802 512 2863 morti
520 2811 554 2864 et
563 2802 663 2884 quasi
676 2802 799 2865 devota
809 2800 863 2861 dis
877 2799 1040 2861 Manibus
1052 2799 1269 2880 interpretor.
1293 2804 1411 2876 Neque
1430 2799 1637 2865 absimiliter

227 2906 525 2968 Maroaocratum
538 2901 824 2987 corpusSinonis
837 2900 1205 2984 scripsit.²‘Douaa.cir.
1217 2902 1302 2981 App.
1313 2900 1400 2959 deb.
1416 2901 1536 2961 Mithr.
1546 2922 1573 2966 c.
1586 2906 1637 2975 46.

229 3013 326 3087 et47.
359 3007 460 3073 -6ο.-
479 3008 567 3069 Ictu
586 3025 712 3069 eorum
732 3006 908 3075 «Donatus
916 3002 1061 3062 activam
1070 3000 1291 3065 vimrerbum
1300 2996 1638 3089 ruerebabetetno·

227 3121 303 3177 tare
314 3120 387 3175 toto
397 3129 543 3196 corpore
552 3109 604 3173 uti
611 3112 655 3172 ad
662 3107 933 3198 impellendum:
948 3106 1043 3187 quod
1055 3126 1096 3169 ex
1106 3109 1173 3169 hoc
1186 3108 1265 3170 loco
1279 3110 1403 3171 nonita
1411 3130 1491 3175 vere
1501 3112 1637 3175 conclu·
1658 3130 1665 3147 ‘

228 3222 344 3295 deres3
363 3216 493 3281 dictum
515 3215 610 3281 enim
626 3222 667 3277 ut
686 3212 755 3281 Cic.
769 3212 830 3295 ap.
855 3234 881 3272 ι.
896 3232 926 3291 9.
943 3231 977 3278 n.
994 3214 1042 3273 26.
1063 3212 1264 3297 gravissime
1285 3220 1399 3275 autem
1422 3210 1483 3279 me
1505 3216 1544 3279 iu
1571 3220 1637 3280 bac

228 3332 345 3390 mente
365 3324 506 3409 impulit
523 3320 680 3407 Pompeji
693 3318 787 3384 fides.
813 3318 899 3380 Cum
908 3316 1003 3382 enim
1011 3316 1209 3403 'significare
1216 3317 1522 3401 voluit7quifucrit
1532 3340 1637 3383 ruen-

228 3430 319 3502 tium
335 3438 369 3494 et
389 3431 586 3497 cadentium
602 3428 641 3491 in
654 3426 797 3490 flumine
815 3419 971 3497 effectus,
995 3444 1067 3487 non
1079 3432 1232 3507 poterat:
1255 3424 1292 3487 in
1311 3428 1441 3490 flumen
1459 3424 1638 3489 ruebant.»

230 3540 324 3601 Gort.
333 3538 582 3601 Pertinereboc
592 3534 781 3599 videturad
790 3530 968 3594 victoriam
977 3534 1020 3593 de
1032 3529 1166 3594 Fufidio
1175 3539 1393 3617 reportatam,
1404 3530 1512 3595 ubiin
1520 3530 1635 3597 medio

229 3626 376 3706 flumine
392 3642 475 3707 Baeti
493 3650 684 3728 pugnatum
707 3648 766 3703 est.
786 3638 887 3699 -iu-
907 3622 1157 3703 Circumventi
1172 3635 1314 3707 dex‘tra.
1335 3638 1391 3701 his
1406 3638 1520 3702 verbis
1531 3638 1634 3704 Debre
1755 3700 1760 3705 .

230 3756 330 3835 putat
368 3766 548 3811 moerorem
575 3756 607 3811 ct
633 3744 809 3809 tristitiam
836 3738 986 3827 legionis
1018 3758 1038 3799 a
1067 3737 1217 3803 Curione
1249 3742 1455 3825 proconsule
1485 3743 1635 3809 dimissae

231 3853 431 3941 significari.
450 3855 552 3915 -33.-
571 3854 936 3932 Immanequuntum.
957 3846 1095 3907 Graece:
1116 3816 1306 3927 &cuparii
1333 3813 1414 3907 ἴσον.
1445 3848 1505 3914 cfr,
1527 3849 1633 3913 Tacit.

231 3962 323 4024 Hist.
346 3964 376 4022 3.
395 3962 452 4039 623
482 3975 512 4035 4.
537 3962 587 4036 34.
620 3959 721 4033 -64-
739 3953 796 4021 Ae
820 3948 899 4035 itti,
926 3945 1116 4032 quc‘buc-
1136 3952 1180 4012 ad
1198 3950 1352 4015 Amisum
1373 3964 1506 4039 captam
1528 3962 1633 4039 rettu-

127 4130 130 4141 ,
231 4064 277 4129 lit
289 4064 393 4130 Debr.
414 4064 474 4129 cir.
492 4062 637 4150 Appian.
659 4064 693 4124 B.
708 4060 821 4125 Mithr.
839 4079 867 4122 c.
888 4057 938 4119 83.
960 4054 1130 4119 Plutarch.
1153 4056 1287 4122 Lucull.
1309 4082 1319 4123 ι
1326 4080 1356 4140 9.

1312 4372 1336 4417 ἥ
