4050 5009
322 361 392 453 1148

317 552 436 626 torris
454 562 489 621 et
509 554 596 622 orbe
615 561 802 620 terrarum
822 550 1080 637 extorrisque
1100 577 1122 621 a
1139 556 1293 623 librariis
1312 564 1473 644 corrupta
1493 566 1584 625 sunt.
1604 576 1723 641 -040-

316 659 536 731 Foenoribus
558 668 861 744 coopertus.,non
872 654 1114 751 facinoribus
1134 666 1398 729 emendandum.
1432 664 1494 729 cfr.
1517 664 1596 731 Gell
1616 671 1656 732 N.
1678 671 1717 731 Α.

319 788 348 831 a.
375 790 420 851 ²7·
443 791 472 850 7.
490 766 556 849 ubi
578 766 676 829 nulla
694 764 855 830 lectionis
875 768 1032 831 varietas.
1051 768 1139 832 addc
1160 784 1191 844 4.
1214 790 1261 851 17.
1281 795 1309 854 7.
1331 751 1395 832 ubi
1414 769 1551 852 aliquot
1570 772 1720 839 editores

318 876 422 939 tacite
440 872 654 937 facinoribus
674 881 911 955 reposuerunt.
932 872 993 937 cfr.
1012 874 1083 935 Cat.
1107 858 1157 937 23}
1174 867 1340 963 flagitiis
1361 880 1475 958 atque
1483 870 1724 966 facinoribus

318 1001 421 1063 coop.
441 981 520 1064 lug.
542 995 590 1055 14.
622 998 726 1061 coep.
754 973 920 1042 miseriis.
946 977 1020 1040 Liv.
1048 982 1098 1059 39.
1123 980 1169 1042 ι5.
1190 987 1385 1062 coopertus
1411 977 1550 1065 stupris
1574 978 1652 1047 suis
1683 992 1720 1046 et

320 1081 461 1149 alienis.
491 1104 533 1147 cx
561 1083 687 1165 quibus
712 1081 800 1147 locis
828 1082 1051 1150 manifestum
1081 1091 1149 1171 est,
1178 1092 1390 1169 coopertum
1418 1082 1492 1150 fere
1519 1085 1612 1151 idem
1633 1088 1724 1170 dici,

312 1173 434 1280 cuod,
464 1186 757 1266 contaminatus,
788 1188 857 1274 ita,
884 1197 924 1252 ut
949 1190 1054 1254 etiam
1070 1184 1201 1280 soenus
1231 1198 1393 1272 tanquam
1420 1206 1475 1256 res
1500 1192 1611 1277 turpis
1631 1213 1725 1257 com·

321 1297 424 1360 mode
436 1313 515 1358 cum
529 1297 594 1357 hec
612 1311 697 1357 voce
711 1292 815 1377 jungi
834 1302 963 1375 possen
981 1293 1056 1372 jam
1076 1289 1223 1379 pluralis
1235 1297 1373 1359 numeri
1391 1296 1450 1359 vix
1470 1296 1568 1361 aliud
1589 1318 1725 1383 exemp‘

206 1432 213 1445 ·
320 1404 394 1467 lum
415 1401 588 1475 invenias3
608 1400 670 1463 sed
690 1396 773 1461 talia
784 1399 934 1470 Salustio
954 1400 1079 1463 usitata
1098 1410 1187 1463 suut.
1207 1417 1326 1477 -atu-
1346 1400 1416 1465 Ille
1434 1398 1605 1466 subsidiis
1619 1401 1726 1486 prin·

320 1509 416 1596 cibes
432 1531 567 1601 augere
580 1513 616 1571 et
626 1507 771 1569 densere
774 1498 956 1592 frontem.
977 1506 1001 1569 l.
1022 1510 1052 1569 3.
1067 1507 1139 1571 haec
1152 1510 1206 1590 ali.
1216 1508 1404 1592 Eutychen
1421 1510 1465 1571 de
1483 1506 1628 1575 discern.
1644 1526 1723 1572 con·

320 1616 430 1703 jugat.
450 1640 484 1701 p.
505 1617 606 1692 2184:
615 1612 688 1699 legi
707 1610 949 1675 animadvertit
974 1612 1079 1679 Debr.
1101 1610 1262 1695 equidem
1277 1630 1353 1675 sero
1373 1610 1503 1679 inveni.
1531 1616 1646 1688 -043-
1662 1614 1726 1677 Te-
1748 1664 1751 1671 .

321 1724 432 1785 nebat
451 1721 681 1796 ,defendebat
700 1727 735 1781 ct
754 1727 804 1781 cst
824 1717 976 1781 militare
987 1718 1133 1781 verbum
1146 1726 1186 1780 ut
1205 1718 1309 1783 etiam
1327 1716 1493 1782 Salustius
1514 1718 1610 1783 dicit.
1632 1721 1724 1784 unde

324 1827 547 1891 econtrario
577 1826 656 1889 lcco
683 1833 795 1888 motos
821 1824 970 1887 dicimus
995 1824 1088 1887 Serv.
1118 1828 1162 1887 ad
1189 1826 1271 1889 Aen.
1299 1826 1329 1886 3.
1359 1826 1450 1888 633.»
1479 1839 1598 1901 444.-
1616 1826 1726 1889 More

326 1933 497 1995 humanat
526 1924 707 2013 cupidinis
735 1924 870 2017 ignara
899 1925 1044 1992 visundi
1071 1949 1125 2015 ap.
1144 1930 1233 1994 Geli.
1255 1952 1286 2011 9.
1307 1948 1356 1994 ια.
1377 1946 1426 1997 aa.
1455 1931 1575 1993 eadem
1594 1927 1727 1993 NonIus

326 2036 512 2101 Marcellus
536 2038 580 2099 11.
608 2035 680 2131 4⁶⁵:
706 2054 747 2099 ex
776 2033 873 2098 bello
903 2031 1116 2119 iugurthino
1141 2036 1270 2099 laudat.
1296 2036 1333 2099 id
1360 2037 1454 2119 quod
1479 2042 1581 2100 antea
1599 2054 1655 2099 me
1674 2034 1728 2098 in-

327 2145 439 2228 duxit,
465 2151 504 2207 ut
523 2145 716 2216 crederem,
744 2140 818 2204 haec
845 2140 951 2202 verba
970 2160 992 2202 a
1010 2140 1166 2205 librariis
1186 2161 1257 2207 csse
1277 2144 1458 2227 depravata
1479 2149 1514 2206 et
1533 2143 1577 2206 ad
1596 2140 1729 2207 bellum

330 2236 580 2336 iugurthinum
608 2264 680 2310 esse
706 2242 895 2309 referenda.
916 2245 984 2309 Sed
1003 2247 1116 2313 multo
1136 2256 1186 2313 est
1202 2248 1435 2333 probabilius,
1465 2267 1506 2312 ea
1525 2249 1569 2311 ad
1590 2266 1664 2313 rem
1684 2245 1731 2311 si·
1819 2309 1821 2312 ,

243 2348 247 2353 ’
330 2356 449 2419 milem
470 2353 659 2437 pertinere3
690 2368 769 2412 nam
791 2350 896 2414 etiam
915 2351 956 2413 in
976 2332 1200 2415 historiarum
1218 2352 1319 2429 libris
1338 2352 1477 2437 Liguris
1504 2351 1651 2431 alicujus
1670 2374 1732 2416 cu·

331 2439 430 2524 dacia
457 2458 627 2523 celebrata
646 2455 779 2533 fuerat,
810 2457 872 2538 qui
897 2455 1098 2518 Danubium
1123 2456 1255 2538 primus
1281 2458 1462 2519 detexerat.
1483 2454 1543 2518 clr.
1563 2454 1607 2518 fr.
1628 2461 1658 2520 3.
1679 2460 1730 2521 36.

328 2565 397 2627 inc.
419 2569 470 2641 93.
490 2562 613 2636 -245.-
631 2561 668 2627 A
692 2582 762 2643 quo
784 2561 872 2645 (scil.
892 2558 1014 2641 Dario)
1042 2558 1252 2625 Artabanus
1273 2554 1450 2647 originem
1472 2555 1594 2638 ducit;
1624 2580 1728 2643 quem

330 2662 559 2732 conditorem
579 2660 687 2754 regni
703 2662 937 2731 Mithridatis
945 2654 1070 2750 juisse
1089 2662 1282 2751 confirmat
1300 2659 1483 2728 Salustius
1503 2659 1655 2748 Crispus
1674 2684 1729 2749 ap.

228 2766 232 2773 ’
331 2769 529 2855 Ampelium
555 2770 632 2835 Lib.
659 2772 848 2839 Memorch.
875 2790 903 2832 c.
933 2773 984 2835 3ο.
1013 2770 1138 2845 -046.-
1162 2767 1316 2832 Senecta
1335 2768 1420 2860 jam
1440 2770 1729 2837 clauserunt

329 2880 414 2943 Aen.
438 2874 488 2943 ιι.
507 2880 574 2944 165.
594 2881 640 2941 ad
659 2880 839 2944 Metellum
858 2896 975 2943 senem
994 2875 1141 2940 luxuriae
1161 2873 1317 2939 deditum
1336 2876 1404 2939 hoc
1423 2873 1587 2940 referunt.
1606 2893 1703 2957 -047,
1715 2912 1732 2927 -

329 2982 418 3052 Nisi
434 3004 541 3065 seque
562 2991 599 3047 et
617 3005 704 3049 suos
728 2984 892 3049 milites..
908 3003 918 3047 ¹.
935 3028 943 3043 .
958 3027 967 3043 .
982 3025 990 3044 .
1006 2989 1265 3069 proeparasset.
1287 2984 1379 3067 apud
1398 2982 1516 3067 Veget.
1537 2984 1581 3046 de
1600 3001 1638 3047 re
1658 2982 1731 3048 mil.

329 3091 409 3165 19.
438 3093 521 3149 extr.
536 3085 611 3172 'cfr-
646 3090 747 3153 Corte
777 3091 822 3152 ad
856 3090 984 3151 Lucan.
1013 3092 1040 3151 1.
1073 3106 1142 3171 ²⁰9·
1185 3090 1300 3163 -248.-
1319 3084 1428 3155 Citra
1446 3086 1591 3153 Padum
1613 3082 1731 3152 omni·

329 3189 396 3257 bus
428 3191 508 3257 Lex
534 3190 707 3260 Lucana
722 3188 860 3280 fratra
887 3204 979 3256 erat.
1009 3194 1142 3256 Clcdon
1173 3191 1212 3254 in
1245 3200 1317 3263 arte
1347 3210 1425 3277 pag.
1461 3194 1553 3271 1934.
1587 3191 1732 3257 Debros·
1775 3251 1778 3262 .

330 3297 393 3381 qui
421 3299 488 3362 hoc
518 3298 559 3361 ir.
589 3301 636 3360 ad
662 3296 826 3380 fugitivos
854 3295 1029 3378 pertinere
1059 3296 1193 3380 statuit,
1222 3296 1272 3359 ita
1302 3296 1464 3381 explicat:
1506 3296 1596 3360 Hist.
1630 3298 1731 3384 Reip.
1768 3303 1801 3337 ·'

329 3406 431 3469 Rom.
458 3410 488 3469 3.
520 3404 597 3482 159:
632 3399 829 3474 ,declarant
861 3421 929 3482 que
964 3403 1000 3465 la
1034 3404 1086 3469 loi
1115 3400 1333 3467 Lucanienne
1366 3400 1471 3465 seroit
1499 3420 1682 3467 commuue
1710 3400 1733 3467 b

330 3516 409 3574 tous
449 3528 554 3591 ceux,
603 3504 667 3587 qui
685 3504 881 3570 habitoieut
921 3528 966 3572 en
1006 3512 1089 3597 deca
1129 3511 1177 3572 du
1217 3510 1290 3594 Po,
1340 3506 1442 3591 qu’ils
1487 3506 1734 3592 participoient

273 3654 281 3667 ·
332 3630 400 3676 aux
417 3611 546 3681 memes
564 3604 765 3702 panigo,
786 3621 820 3678 et
839 3612 990 3677 sercicut
1010 3608 1202 3697 tgalement
1222 3612 1332 3677 admis
1352 3613 1437 3677 dens
1455 3613 1491 3677 la
1509 3612 1733 3695 confratrias

334 3719 429 3795 quod
449 3739 491 3781 ex
509 3718 639 3804 verbis,
661 3741 737 3801 quae
757 3739 849 3782 nunc
869 3719 1047 3804 leguntur,
1075 3718 1156 3782 elici
1176 3737 1248 3781 uon
1267 3726 1388 3801 potest.
1408 3720 1475 3783 Sed
1496 3718 1659 3804 fugitivos
1677 3717 1732 3783 vel

333 3816 450 3905 potius
468 3820 655 3883 Salustium
673 3842 757 3885 voce
766 3817 904 3912 frutra
924 3844 1025 3887 usum
1045 3840 1126 3903 esse,
1145 3830 1184 3883 ut
1203 3820 1345 3883 illorum
1364 3822 1559 3887 societatem
1574 3822 1735 3909 designa-

333 3932 404 4007 ret,
432 3921 491 3988 vix
509 3923 722 4007 putaverim
747 3923 869 3989 Strabo
891 3926 1034 4006 quidem
1053 3932 1171 3987 auctor
1199 3932 1257 3987 est.
1284 3925 1360 3989 Lib.
1394 3928 1433 3993 V.
1462 3946 1540 4013 pag.
1570 3928 1641 4002 246.
1671 3930 1732 3991 Ed.

284 4010 287 4017 7
332 4026 759 4113 nuncupabimus
780 4036 853 4091 tum
873 4015 1022 4110 φρατρία
1042 4048 1106 4113 pro
1133 4026 1235 4091 Guria
1254 4028 1396 4107 dixisse,
1414 4026 1582 4111 sed'quid
1601 4032 1669 4095 hoc
1688 4035 1734 4096 ad

332 4136 556 4224 Spartacum?
585 4168 601 4182 -
612 4148 706 4215 049-
724 4134 831 4197 Bella
850 4170 892 4185 -
910 4140 1023 4216 atque
1043 4151 1154 4215 paces
1182 4134 1397 4199 exercebant
1425 4134 1568 4200 cledon
1588 4136 1628 4200 in
1648 4145 1732 4205 arte.

331 4264 367 4329 p.
399 4246 486 4326 4893
519 4242 642 4309 -Ἇὸου
663 4223 810 4333 ‘Agrion
843 4223 946 4322 nilus
971 4222 1094 4327 Λιβύης
1121 4236 1149 4310 ti
1175 4223 1211 4311 ii
1237 4236 1310 4336 περὶ
1338 4223 1583 4329 minorati
1610 4222 1764 4325 nidus
1843 4318 1850 4330 ,
