4050 5009
1595 420 1637 495 ¹7

229 591 303 659 Iir.
322 588 411 678 Epit.
432 586 517 655 xcl.
544 580 652 651 Paulo
675 576 754 670 post
772 578 899 649 iterum
920 598 1000 647 cnm
1023 580 1146 648 eedem
1173 580 1316 667 eiusque
1338 578 1445 653 tratre
1464 584 1539 653 scie
1555 607 1641 655 con-

230 697 319 763 flixit
350 698 444 783 apud
467 692 665 781 segoviam,
685 688 750 755 ubi
768 690 839 755 duo
857 686 979 755 iratres
998 686 1172 753 interfecti
1193 696 1228 753 et
1248 689 1359 771 major
1374 710 1455 778 pars
1472 696 1641 762 exercitus

230 802 357 869 amissa
375 808 435 869 est.
454 798 513 865 cir.
533 800 630 863 Oros.
645 798 670 861 l.
689 796 714 861 1.
734 794 824 859 Flor.
846 798 875 859 ³.
896 810 946 858 aa.
961 792 1000 879 ⁰)
1027 795 1163 859 Interea
1178 794 1380 883 Pompejus,
1400 796 1458 882 ⁰⁰)
1479 819 1559 863 cum
1578 802 1641 866 Se-

228 908 361 995 gidam,
380 905 538 971 nobilem
547 900 741 968 Celtiberia
754 901 896 977 urbem,
915 906 1050 985 captam
1062 906 1211 986 teneret,
1232 900 1403 968 cinoros.
1413 904 1439 968 l.
1456 905 1481 968 l.
1494 906 1641 973 Sertorii

228 1012 373 1099 legatos,
394 1008 612 1077 Herennium
643 1014 678 1075 et
707 1006 934 1087 Perpernam,
965 1004 1061 1069 haud
1089 1006 1211 1089 procul
1231 1008 1319 1074 urbe
1337 1008 1499 1077 Valentia
1527 1020 1641 1076 castra

229 1116 410 1201 hahentes,
432 1113 616 1200 oppressit,
637 1106 786 1194 amplius
802 1108 844 1170 X.
867 1106 982 1173 millia
1006 1109 1161 1175 hostiurn
1186 1111 1361 1181 interfecit
1382 1115 1562 1200 ipsamque
1577 1136 1639 1181 ur-

228 1222 309 1288 bem
328 1220 527 1287 Valentiam
548 1234 655 1279 manu
676 1210 777 1298 cepit.
805 1210 895 1279 Plut.
923 1214 1045 1300 Pomp.
1072 1236 1100 1279 c.
1135 1218 1183 1282 18.
1214 1217 1312 1283 Oros.
1333 1220 1397 1281 ll.
1428 1222 1496 1285 Sal.
1516 1219 1641 1307 fragm.

229 1326 259 1387 ³.
280 1343 329 1386 11.
350 1322 455 1407 Epist.
473 1323 592 1405 Pomp.
610 1320 655 1384 ed
675 1316 751 1385 Seu.
784 1320 860 1403 Quo
879 1315 969 1384 lacto
994 1327 1029 1385 et
1049 1320 1222 1387 Sertorius
1240 1329 1275 1388 et
1293 1323 1495 1409 Pompeius,
1522 1326 1585 1393 ille
1599 1328 1642 1391 ut

228 1430 355 1493 ᾱιιιιιιιι
385 1432 524 1511 accepta
547 1422 748 1506 resarciret,
777 1421 837 1487 bic
854 1422 1009 1491 victorie
1027 1444 1087 1512 spe
1102 1426 1231 1511 elatus,
1248 1427 1322 1493 acie
1341 1429 1525 1497 decernere
1543 1429 1642 1499 iesti-

227 1538 355 1598 nerunt
364 1574 375 1611 ,
395 1530 597 1617 priusquam
615 1527 777 1597 Metellus
794 1548 873 1597 cnm
892 1528 1023 1599 victore
1037 1530 1189 1599 exercitu
1206 1532 1396 1605 adveniret.
1413 1535 1505 1603 Plut.
1519 1536 1644 1622 Pomp.

229 1658 256 1703 c.
281 1659 330 1721 ις.

308 1742 418 1830 Igitur
433 1746 526 1830 apud
551 1744 740 1811 Sucronem
762 1744 907 1811 fluvium
927 1746 1091 1833 proelium
1107 1746 1356 1827 committitur3
1384 1748 1496 1813 dubio
1513 1748 1642 1813 eveum

227 1856 436 1939 pugnatum,
457 1850 507 1913 ita
530 1854 568 1913 ut
584 1834 722 1937 singula
744 1870 786 1918 ex
808 1860 953 1937 utraque
972 1860 1070 1940 parte
1088 1872 1219 1919 cornua
1233 1852 1420 1919 vincerent.
1450 1851 1525 1917 Lir.
1547 1850 1642 1937 Epit.

227 1953 346 2017 XCIII.
367 1954 457 2019 Plor.
475 1955 500 2019 1.
518 1954 542 2018 l.
565 1956 737 2023 Sertorius
760 1957 871 2041 enim,
889 1978 960 2041 quo
979 1959 1020 2023 in
1041 1960 1118 2026 loco
1137 1958 1213 2045 ipsc
1230 1979 1356 2047 pugna
1374 1956 1504 2044 adfuit,
1523 1958 1643 2022 hostes

226 2058 311 2125 vicit
328 2078 517 2143 eorumque
535 2062 653 2127 decem
668 2061 783 2127 millia
802 2052 994 2147 interiecil3
1015 2068 1094 2147 sed,
1114 2070 1199 2131 dum
1214 2066 1286 2133 suis
1300 2066 1557 2139 laborantibus,
1577 2058 1643 2142 qui

227 2178 250 2223 a
268 2162 433 2243 Pompejo
449 2167 714 2245 premebantur,
735 2168 999 2245 auxiliumfcrt,
1020 2178 1130 2235 castra
1150 2172 1224 2248 ejus
1244 2174 1289 2234 ab
1301 2169 1464 2241 Afranio,
1483 2162 1644 2245 Pompeji

228 2262 355 2351 legato,
367 2269 467 2349 capta
479 2270 570 2336 sunt,
583 2261 642 2327 cfr.
652 2262 800 2349 Appian.
811 2267 848 2326 B.
865 2266 1008 2329 Ciubc.
1020 2270 1282 2351 110.Pompejus
1296 2271 1382 2354 ipse,
1395 2264 1559 2329 omnibus
1568 2264 1644 2331 suis

227 2368 312 2455 iuga
320 2368 482 2454 dispersis
487 2368 727 2448 muneratus,
739 2368 778 2431 in
792 2374 983 2432 extremum
991 2367 1304 2458 periculumrenit,
1327 2390 1391 2439 nce
1401 2370 1472 2436 nisi
1484 2369 1643 2453 equodi.

225 2474 331 2541 misso
351 2472 504 2539 hostiurn
531 2471 692 2537 manibus
718 2470 854 2557 elapsus
879 2477 938 2537 est.
970 2471 1061 2537 Plut.
1080 2474 1200 2560 Pomp.
1221 2477 1444 2561 19.Cio.pro
1465 2475 1584 2543 Balbo.
1611 2492 1645 2541 a.

95 2660 98 2667 Ι
227 2580 325 2647 Oros.
340 2581 364 2644 l.
380 2582 404 2645 1.
424 2579 567 2667 Appian.
588 2582 623 2643 Β.
647 2577 717 2643 Gir.
733 2578 760 2641 1.
779 2596 849 2646 ιιο.
881 2576 971 2643 Plut.
989 2580 1116 2644 Sertor.
1137 2599 1188 2661 19.
1220 2581 1287 2647 Die
1304 2588 1444 2668 postero
1457 2579 1532 2661 jam
1544 2580 1585 2644 in
1597 2598 1642 2647 eo

227 2694 313 2765 erat,
334 2694 374 2750 ut
389 2685 553 2772 prolium
573 2683 884 2772 redintegraretur,
912 2684 991 2761 sed,
1018 2684 1155 2751 Metelli
1179 2688 1330 2753 adventu
1348 2688 1508 2776 cognito,
1526 2688 1642 2753 serto-

227 2788 301 2855 rius
322 2811 402 2855 cum
421 2790 492 2856 suis
515 2810 551 2856 se
572 2790 712 2877 recepit.
741 2789 830 2853 Plut.
856 2790 977 2876 Pomp.
994 2811 1043 2873 ις.
1062 2793 1153 2857 Τιιιιι
1171 2813 1235 2877 per
1246 2794 1382 2876 aliquot
1396 2792 1472 2855 dies
1488 2808 1659 2875 pugnam,

229 2897 440 2981 detrectavit,
453 2900 575 2975 donec,
594 2895 748 2961 militum
765 2894 893 2961 animis
907 2896 1121 2959 confirmatis
1132 2904 1168 2952 ct
1185 2896 1304 2955 lurore
1319 2892 1441 2955 divino
1459 2891 1643 2980 instinctis,

229 3002 362 3061 tantum
380 3004 548 3059 terrorem
559 2997 690 3072 junctis
707 2996 863 3053 bostium
882 2994 1088 3057 exercitibus
1100 2984 1230 3071 injecit,
1253 2994 1309 3072 ut,
1329 2989 1472 3057 Metello
1490 3002 1643 3081 auctore,

230 3102 333 3189 duces
344 3098 418 3163 acie
438 3102 612 3161 decertare
630 3097 835 3155 romumut.
854 3084 1166 3174 Frontin·Stratag.
1177 3092 1220 3152 II.
1241 3113 1268 3156 ι.
1282 3096 1312 3156 3.
1332 3096 1497 3187 Pandam,
1511 3100 1642 3164 Roma·

230 3204 285 3271 nir
297 3201 387 3267 fame
409 3206 442 3265 et
464 3192 584 3279 inopia
597 3184 814 3270 excruciatis,
833 3186 874 3251 in
890 3206 973 3275 agro
991 3190 1183 3277 Saguntino
1195 3196 1446 3263 atrocissimum
1462 3204 1641 3288 proelium,

230 3310 320 3377 inter
329 3314 513 3387 utrumque
522 3295 709 3367 exercitum
716 3292 939 3399 commissum
947 3300 1009 3377 est,
1028 3294 1529 3386 nbiSertoriuscumequitatu
1539 3306 1641 3370 Pom-

233 3518 751 3549 m*

325 3624 364 3712 ⁰)
399 3628 582 3713 Perperam
602 3624 724 3692 Herus
754 3622 846 3689 banc
864 3640 1019 3711 pugnant
1045 3626 1126 3691 ante
1146 3622 1316 3691 Lauronis
1334 3624 1553 3693 obsidionem
1566 3624 1640 3693 iac-

232 3742 301 3799 tam
314 3752 387 3801 esse
396 3732 530 3810 statuit,
543 3736 604 3800 sed
618 3740 699 3799 ante
712 3732 927 3796 Sucroneuse
936 3728 1100 3816 proelium
1109 3728 1303 3810 Hirtuleius
1315 3730 1515 3801 interiectos
1532 3731 1640 3803 fuisse

233 3841 328 3909 testis
351 3848 401 3907 est
423 3838 799 3927 Fronttn.suatag.1L
817 3864 846 3923 7.
871 3838 900 3902 ὁ.

313 3946 370 4030 ⁰⁰)
389 3944 523 4011 Erravit
546 3946 688 4011 Debros.
709 3947 805 4028 quod
824 3943 897 4029 jam
915 3944 983 4009 boc
1003 3960 1096 4009 anno
1114 3942 1270 4029 Pompeji
1294 3942 1482 4011 exermtum
1506 3940 1641 4007 duabus

233 4050 430 4140 legionibus
443 4058 581 4117 auctum
600 4069 671 4117 esse
686 4049 823 4131 statuit,
840 4048 902 4114 clr.
916 4046 1064 4135 Appian.
1080 4070 1149 4113 ιιι.
1169 4048 1403 4115 Plut.Lucull.
1418 4070 1447 4115 c.
1468 4050 1498 4111 5.
1518 4049 1639 4127 Pomp.

235 4178 282 4223 ιο.
303 4162 422 4245 Neque
433 4164 483 4223 est
500 4154 694 4243 probabile,
711 4164 792 4221 ante
808 4155 937 4241 literas,
953 4172 973 4219 a
990 4152 1156 4243 Pompeio
1168 4154 1215 4221 sd
1229 4153 1393 4223 Senatum
1410 4155 1521 4235 astas,
1540 4146 1639 4216 suri-

234 4263 285 4329 lia
305 4264 345 4333 iu
366 4264 571 4352 Hispaniam
591 4261 696 4329 missa
711 4260 825 4333 fuisse·
1618 4310 1622 4318 .

1315 4368 1340 4441 5
