4050 5009
342 394 415 470 132

341 591 464 653 latero
476 587 596 650 certos
614 582 869 649 collocaverat.
887 586 978 649 recte
988 582 1126 649 Servius
1137 580 1284 667 explieat
1283 581 1429 671 firmos.
1447 584 1497 650 ita
1514 590 1642 673 passim
1659 600 1752 681 apud

214 764 217 771 ,
342 694 544 758 Ciceronem
571 698 769 771 ceterosque
788 697 953 754 auctores.
973 708 1068 773 -94.·
1088 685 1310 773 Hispaniam
1332 685 1404 753 siti
1422 690 1620 776 antiquam·
1631 700 1754 783 patri.

343 821 405 864 am
419 810 516 862 ‘ease
545 796 689 860 Sertorii
705 796 981 880 verba,‘quibus
1015 795 1248 880 Hispanorum
1275 795 1344 860 sibi
1377 798 1580 866 conciliaret
1607 806 1750 871 animos.

342 906 434 971 bene
455 902 550 969 enim
568 901 705 966 Servius
726 898 800 966 h'aec
821 905 866 965 ad
888 902 1029 965 laudem
1056 920 1128 965 non
1146 903 1190 964 ad
1211 901 1391 965 veritatem
1410 902 1503 968 dicta
1520 926 1591 970 esse
1613 910 1751 973 monuit

343 1016 379 1075 et
407 1015 437 1072 3.
464 1027 533 1092 ²97·
565 1006 661 1070 addit
700 1007 916 1091 provinciam
947 1026 1013 1090 pro
1051 1005 1163 1089 patria
1195 1006 1342 1089 positam
1381 1026 1470 1097 esse,
1501 1012 1630 1077 scilicet
1663 1016 1748 1096 quia

342 1113 514 1180 Sertorius
542 1120 621 1177 ante
657 1112 696 1175 in
729 1112 899 1197 Hispania
930 1110 1104 1196 stipendia
1131 1110 1268 1178 fecerat.
1297 1111 1356 1174 cir.
1375 1132 1477 1197 supra
1499 1115 1540 1178 fr.
1569 1120 1619 1181 6⁵.
1648 1122 1749 1200 -95.-

343 1216 470 1309 Lyciae
484 1214 705 1301 Pisidiaeque
717 1238 832 1306 ¹egros
849 1219 1124 1301 despectantem.
1147 1225 1299 1281 montem
1317 1217 1468 1299 aliquem
1486 1221 1674 1307 significari
1688 1246 1750 1309 pu·

343 1323 496 1406 laverim.
520 1325 565 1385 ad
579 1324 765 1387 Castellum
776 1322 921 1407 Olympi
938 1324 1011 1387 hcc
1032 1321 1135 1387 refert
1146 1322 1250 1391 Debr.
1268 1324 1357 1387 bene
1374 1324 1526 1390 Servius:
1547 1330 1621 1403 ,roi
1635 1330 1750 1395 insen-

343 1430 442 1497 sibili
462 1432 521 1492 dat
537 1430 703 1493 Salustius
718 1437 892 1493 sensum>
905 1432 1005 1510 '9⁶··
1026 1429 1134 1493 Sorte
1154 1429 1283 1493 ductos
1288 1424 1393 1515 fusti
1408 1440 1517 1495 necat
1532 1431 1752 1525 verbafurti

345 1532 571 1625 negotique
596 1542 696 1599 antea
718 1534 939 1620 legebantur,
966 1532 1163 1599 emendavit
1183 1535 1303 1600 Petrus
1316 1535 1487 1615 Pithoeusr
1510 1540 1571 1603 sed
1595 1530 1753 1605 eductos

344 1643 441 1724 quod
461 1635 577 1703 Deuca
606 1639 774 1724 conjecit,
793 1659 866 1703 non
888 1640 1131 1717 necessarium
1161 1660 1244 1705 ,nam
1259 1650 1360 1707 sorte
1382 1642 1512 1708 ductus
1537 1662 1610 1707 non
1633 1645 1748 1713 minus

343 1748 518 1813 usitatum.
539 1745 599 1809 cir.
614 1748 692 1809 Tac.
717 1746 839 1813 Annal.
861 1750 892 1809 6.
912 1763 942 1810 a.
964 1754 999 1810 et
1019 1749 1049 1809 3.
1076 1764 1126 1812 aa.
1145 1748 1208 1810 ubi
1226 1746 1418 1811 Salustiana
1440 1749 1550 1813 verbo
1573 1757 1673 1815 tonus
1692 1772 1750 1816 ex-

344 1852 477 1939 pressit.
500 1856 545 1917 de
561 1853 628 1915 boe
650 1872 746 1916 more
767 1850 827 1915 clr.
850 1851 973 1935 Polyb.
997 1854 1027 1914 6.
1055 1854 1105 1916 36.
1132 1853 1200 1917 hoe
1219 1854 1262 1918 de
1288 1872 1404 1918 severa
1437 1855 1545 1918 Crassi
1566 1856 1749 1940 disciplina

320 1970 326 1979 ‘
347 1960 479 2022 dictum
497 1977 585 2041 esse,
601 1955 673 2036 jam
700 1960 816 2020 Douza
834 1956 981 2036 conjecit
999 1964 1045 2021 et.
1060 1978 1124 2042 per
1143 1977 1179 2023 se
1194 1965 1298 2043 patet.
1319 1958 1380 2023 cfr.
1399 1979 1474 2045 pag.
1498 1976 1546 2041 ²9·
1566 1981 1666 2042 -972-
1686 1960 1746 2027 cir.

346 2084 450 2152 supra
471 2063 513 2127 fr.
532 2067 581 2146 67.
601 2083 700 2145 -99.·
719 2061 779 2125 cfr.
794 2060 847 2124 fr.·
859 2082 915 2145 7²²
937 2065 1130 2126 notandum
1149 2068 1240 2148 apud
1259 2064 1412 2129 Tacitum
1423 2108 1434 2141 ,
1454 2064 1515 2128 ubi
1536 2068 1579 2129 de
1597 2066 1665 2130 situ
1683 2069 1749 2151 By-

343 2171 557 2257 zantiiagit,
584 2169 656 2233 rim
676 2167 824 2255 piscium
844 2163 885 2231 irs
907 2169 1056 2231 Pontum
1078 2179 1310 2254 erumpentem
1333 2170 1420 2248 dici,
1442 2172 1537 2253 quod
1558 2170 1695 2252 quidem
1714 2181 1749 2237 et

347 2279 463 2363 ipsum
483 2276 561 2341 fieri
589 2278 695 2360 solet,
722 2276 817 2358 quod
842 2272 952 2358 pisces
977 2278 1023 2337 ad
1058 2295 1123 2340 ova
1147 2276 1314 2360 parienda
1341 2279 1409 2339 huc
1437 2285 1471 2341 et
1499 2277 1584 2339 illuc
1603 2276 1750 2363 migrare
1827 2341 1829 2343 ,

348 2384 577 2462 solent;.imo
603 2386 670 2445 hoc
694 2380 927 2465 probabilius,
963 2384 1060 2463 quod
1079 2382 1189 2465 pisces
1207 2381 1334 2459 marini
1356 2380 1492 2443 dulcem
1511 2400 1636 2460 aquam
1656 2400 1750 2463 quae-

347 2497 440 2552 runt.
461 2486 521 2550 cfr.
540 2486 635 2549 Stuls.
660 2487 849 2548 Commeat.
877 2486 916 2549 iu
935 2486 1069 2550 Arrian.
1091 2484 1215 2571 Peripl.
1235 2504 1309 2572 pag.
1335 2506 1381 2566 ¹9·
1401 2473 1468 2547 Sed
1492 2484 1581 2548 mihi
1607 2487 1749 2566 quidem

346 2592 567 2657 manifestum
578 2598 635 2653 -est
646 2633 657 2667 ,
679 2592 752 2654 haee
780 2593 824 2655 ad
842 2594 1036 2678 exemplum
1057 2592 1240 2657 Salustiani
1256 2592 1328 2656 loci
1347 2612 1368 2654 a
1388 2589 1507 2653 Tacito
1524 2590 1650 2673 scripta
1668 2611 1755 2655 esse.

349 2732 367 2749 ·
377 2718 469 2762 roo·
486 2692 614 2785 Igitur·
627 2694 812 2762 introrsus
823 2694 948 2781 prima
960 2698 1073 2765 ,Acie
1087 2694 1257 2787 Bithynia
1270 2680 1338 2763 est,
1352 2697 1546 2760 Admodum
1560 2694 1751 2760 verisimile

348 2812 414 2888 est,
436 2803 519 2867 inde
537 2804 802 2889 descriptionem
824 2814 1008 2889 terramus,
1038 2824 1114 2887 quae
1133 2800 1561 2885 Pontumcircumjacent,
1582 2800 1751 2885 incepisse

346 2902 548 2991 Salustium
570 2912 680 2975 multa
706 2932 782 2994 quae
802 2915 848 2976 ad
867 2911 1068 2997 Bithyniam
1094 2919 1257 2996 spectant.
1286 2910 1437 3002 Isidorus
1459 2928 1506 2988 ²4·
1527 2911 1557 2971 3.
1589 2910 1678 2971 med.
1709 2928 1751 2973 er

345 3017 495 3081 SalustIo
516 3019 668 3081 hausisse
689 3019 844 3102 videtur,
864 3022 940 3102 sed,
963 3037 1040 3101 quae
1059 3018 1132 3099 ejus
1152 3027 1202 3085 est
1222 3018 1330 3103 ratio,
1357 3037 1431 3083 non
1449 3015 1582 3103 integra
1602 3014 1751 3079 auctoris

346 3122 451 3185 verba
468 3120 638 3209 laudavit,
657 3125 716 3188 sed
737 3123 805 3187 alia
825 3123 986 3207 mutavit,
1007 3125 1078 3188 alia
1092 3125 1243 3207 addidit,
1266 3125 1336 3188 elia
1354 3123 1478 3189 omisit.
1499 3142 1612 3183 -soa.·
1632 3116 1750 3187 Mith-

348 3226 488 3291 ridates
516 3237 579 3293 etc.
608 3233 686 3296 haeo
710 3253 849 3314 quoque
879 3230 1098 3314 confirmant,
1126 3229 1314 3293 Salustium
1335 3227 1373 3291 iu
1396 3225 1632 3291 Mithridatico
1653 3226 1749 3289 bello

346 3337 538 3399 enarrando
566 3335 655 3397 indc—
679 3355 700 3397 a
729 3336 851 3418 primis
877 3337 968 3422 regis
992 3336 1092 3399 annis
1110 3354 1175 3399 res
1198 3335 1246 3396 ab·
1270 3352 1311 3397 eo
1342 3339 1451 3417 gestas
1475 3330 1669 3425 exposuisse
1676 3374 1688 3410 ‚
1709 3340 1749 3394 ut

346 3440 465 3504 omnia
484 3439 594 3525 magis
617 3450 733 3524 aperta
752 3450 786 3504 et
806 3440 955 3505 illustria
969 3442 1095 3506 forent.
1118 3440 1178 3503 cira
1194 3436 1318 3502 Justin.
1334 3438 1384 3509 36.
1408 3458 1436 3499 r.

427 3564 550 3606 -aoa-
570 3542 786 3609 Exercitum
818 3566 920 3612 more
945 3544 1140 3636 majorum.
1162 3546 1249 3607 Cum
1270 3549 1408 3606 vertere
1437 3544 1532 3625 quad
1558 3542 1664 3629 vulgo
1692 3543 1751 3605 ad·

346 3652 451 3734 dunt,
475 3670 546 3715 non
569 3653 613 3713 ab
636 3651 714 3737 ipso
733 3652 881 3719 Salustio
902 3652 1094 3737 proiectum
1112 3650 1284 3729 videatur,
1305 3649 1378 3711 haec
1396 3647 1436 3710 iu
1455 3647 1656 3735 fragmentis
1674 3649 1750 3711 lau·

347 3756 429 3818 dare
447 3776 519 3819 non
540 3758 662 3822 attinet
668 3786 679 3835 ;
700 3779 782 3821 nam
805 3761 925 3825 eadem
946 3760 1052 3822 verba
1071 3757 1109 3820 in
1127 3756 1296 3843 iugurtha
1316 3753 1489 3839 leguntur.
1507 3757 1606 3840 css.
1627 3758 1750 3816 -ιο3.-

347 3860 461 3927 Creta
482 3870 544 3927 etc.
565 3862 626 3925 cfr.
646 3881 748 3946 supra
768 3866 818 3926 66.
846 3873 880 3928 et
901 3864 994 3927 infra
1015 3864 1056 3926 fr.
1084 3882 1149 3944 ¹99·
1184 3875 1309 3936 ·104.-
1327 3860 1371 3925 Se
1400 3860 1546 3950 regibus
1571 3859 1748 3923 devovent.

297 4011 301 4017 ι
347 3969 401 4033 Ad
421 3968 597 4054 Hispanos
613 3972 680 4032 boc
703 3968 877 4050 pertinere
899 3978 991 4034 recte
1004 3968 1138 4048 judicat
1162 3965 1278 4031 Carrio
1301 3965 1362 4033 cfr.
1382 3966 1457 4035 val
1475 3966 1564 4027 Max.
1584 3964 1630 4026 11.
1648 3966 1678 4025 6.
1699 3962 1770 4027 ars'

346 4075 532 4149 ,Celtiberi
554 4074 660 4140 etiam
679 4072 775 4137 nefas
796 4094 868 4139 esse
891 4077 1061 4139 ducebant
1072 4073 1195 4157 proelio
1216 4091 1407 4158 superesse,
1426 4068 1544 4134 cumis
1562 4067 1751 4148 occidisset,

344 4202 409 4265 pro
440 4182 535 4261 cujus
567 4181 676 4245 salute
706 4179 867 4266 spiritum
899 4182 1135 4245 devoverant.t
1164 4176 1224 4243 cir.
1252 4180 1342 4244 Plut.
1371 4178 1496 4243 Sertor.
1526 4191 1574 4253 14.
1600 4176 1748 4240 eundern

342 4304 475 4357 uorem
497 4286 678 4355 Gallorum
700 4295 734 4353 et
755 4286 1007 4354 Germanorum
1028 4283 1133 4357 tuisse
1154 4285 1235 4355 satis
1255 4290 1396 4362 condat,
1417 4282 1478 4353 cir.
1504 4283 1585 4354 Caes.
1602 4284 1637 4347 Β.
1657 4278 1752 4343 Gall..

409 4528 421 4565 t
526 4583 535 4591 .
