4050 5009
354 1625 449 1718 DE
520 1622 928 1737 CODICIBUS
997 1621 1509 1739 SALUSTIANIS,

882 1821 968 1895 QUI

239 1999 303 2075 ut
359 1976 785 2077 memornncrs
845 2002 1109 2078 rmfflcrs
1158 2000 1593 2079 AssenvANruu

613 2204 1225 2251 ψ

314 2486 431 2585 Quod
454 2486 525 2562 diu
543 2484 585 2562 in
611 2485 749 2589 optatis
770 2486 921 2577 fuerat,
940 2504 986 2562 ut
1008 2504 1127 2564 totam
1149 2487 1301 2563 Italiam
1319 2512 1560 2597 peragratam
1578 2502 1616 2563 et

212 2602 415 2679 literarum
430 2604 649 2705 artiumque
669 2620 939 2695 monumenta,
964 2606 1105 2707 quibus
1118 2606 1312 2695 abundat,
1335 2604 1456 2679 oculis
1471 2604 1616 2709 perlus-

216 2736 371 2806 trarem,
385 2720 425 2796 id
445 2716 541 2794 mihi
561 2719 722 2825 contigit
733 2719 919 2795 beneficio
940 2720 1250 2824 magistratuum,
1275 2722 1344 2822 qui
1361 2719 1614 2795 humanitatis

209 2837 353 2927 studia,
363 2837 394 2912 si
407 2838 536 2913 minus
546 2837 662 2943 regali
674 2834 956 2925 munificentia,
973 2836 1123 2910 liberali
1132 2853 1232 2911 certe
1246 2835 1399 2942 ingenio
1409 2836 1530 2911 alunt
1542 2839 1614 2913 Per

211 2953 387 3055 quinque
399 2953 577 3057 deinceps
590 2978 734 3027 menses
747 2952 789 3028 in
809 2950 1123 3056 splendidissimis
1140 2952 1261 3027 Italiae
1273 2953 1453 3041 urbibus,
1469 2952 1614 3031 Medio·

211 3067 315 3158 lani,
328 3070 497 3144 Venetiis
509 3127 518 3160 ,
531 3070 693 3161 Patavii,
705 3069 903 3159 Bononiae,
918 3067 1140 3159 Florentiae,
1155 3070 1283 3143 Romae
1295 3069 1500 3174 etNeapoli
1510 3096 1612 3145 com-

209 3201 399 3276 moratus,
417 3213 497 3262 non
511 3186 637 3261 solum
659 3186 710 3261 ad
726 3186 818 3261 situs
831 3186 1005 3261 locorum
1022 3184 1303 3290 hominumque
1320 3210 1441 3261 mores
1458 3210 1612 3291 cognos-

210 3300 376 3393 cendos,
397 3302 598 3378 sedetiam
623 3302 675 3376 ad
694 3302 838 3377 artium
862 3317 1113 3377 monumenta
1136 3300 1344 3406 spectanda
1364 3318 1403 3379 et
1424 3302 1611 3406 antiquis·

207 3416 325 3491 simos
346 3418 492 3492 codices
510 3418 782 3493 examinandos
803 3419 928 3493 otium
946 3417 1075 3493 habui.
1109 3419 1181 3493 Sed
1201 3445 1251 3495 ne
1263 3418 1377 3495 nimis
1398 3417 1475 3495 alta
1497 3435 1536 3494 et
1549 3446 1610 3495 ar-

208 3532 291 3607 dua
315 3550 496 3636 appetens
518 3562 672 3611 omnem
702 3535 843 3610 laboris
863 3535 1035 3610 fructum
1061 3535 1280 3640 perderem,
1306 3533 1406 3611 nihil
1427 3534 1607 3640 quidem,

205 3648 318 3753 quod
335 3651 418 3724 visu
437 3651 600 3756 dignum
620 3668 731 3743 esset,
751 3651 939 3742 omittere,
964 3651 1031 3727 sed
1048 3652 1262 3755 plurimum
1277 3652 1396 3728 studii
1409 3651 1452 3729 in
1470 3652 1613 3728 codici·

208 3765 283 3839 bus
313 3765 536 3843 salustianis
567 3768 807 3870 inquirendis
848 3784 886 3843 et
917 3766 1152 3843 excutiendis
1191 3794 1414 3844 consumere
1450 3766 1606 3871 placuit
1694 3804 1698 3811 ·

207 3881 309 3957 Nam
334 3882 383 3959 de
411 3884 546 3988 signis,
568 3884 701 3959 statuis
728 3883 936 3987 ceterisque
956 3884 1099 3960 artium
1130 3886 1390 3961 monumentis
1416 3910 1610 3960 commen·

209 3998 307 4089 tari,
330 3998 437 4102 quod
463 4016 592 4075 nostra
619 4016 729 4076 aetate
761 4001 875 4075 multi
911 4003 953 4077 in
983 4000 1165 4077 laudibus
1187 4002 1360 4092 ducunt,
1393 3999 1490 4078 mihi
1522 4001 1610 4105 qui·

207 4113 300 4189 dem
324 4116 442 4193 levius
469 4143 544 4193 esse
581 4117 759 4208 videtur,
783 4118 890 4221 quod
908 4119 1225 4222 paucissimorum
1250 4117 1324 4195 hac
1354 4116 1402 4195 de
1438 4146 1479 4194 re
1507 4118 1611 4224 judi-

205 4232 316 4309 cium
344 4248 408 4309 est
452 4234 609 4313 Accedit
644 4234 750 4340 quod
777 4235 901 4312 multa
927 4235 1132 4314 simulacra
1161 4236 1276 4319 nimis
1299 4260 1397 4341 taepe
1424 4250 1517 4321 sunt
1547 4234 1611 4311 de·

1111 4403 1130 4455 1
