4050 5009
1549 403 1625 474 31⁴1

216 591 331 658 rarior
357 587 392 659 r's
419 587 711 678 1711.Ρ7177.776.
752 595 819 660 Sed
839 594 1047 660 7777771777
1071 595 1217 681 regulae,
1242 615 1329 678 quas
1352 595 1517 660 ridiculas
1542 595 1627 660 dicit

218 697 471 783 7777171777
498 701 631 785 optimo
654 721 793 785 quoque
817 702 984 787 scriptore
1012 711 1045 766 et
1071 700 1255 785 euphoniae
1272 701 1407 786 legibus
1430 711 1464 766 ct
1485 721 1628 766 consue.-

217 802 335 870 rudini
365 807 672 892 postponebantur.
691 808 880 872 'Salustius
911 808 1021 894 igitur
1037 807 1093 871 rel
1113 804 1416 870 terminationibus
1433 829 1485 893 es,
1507 805 1575 884 eis,
1598 804 1629 872 is

219 909 413 976 orationem
433 913 594 993 variavit3
614 913 710 993 cujus
734 913 786 976 rei
808 913 965 994 exempla
994 911 1076 974 ride
1106 915 1198 996 apud
1230 911 1360 976 Charis.
1390 935 1414 996 p
1449 918 1518 978 773.
1539 919 1627 978 Non.
1729 943 1735 956 ·

218 1013 323 1083 Marc.
343 1017 373 1078 8.
395 1019 452 1098 ⁵03
473 1019 541 1083 alia
561 1019 707 1082 Ursinus
720 1038 762 1082 ex
780 1018 887 1081 Codd.
906 1018 1035 1084 laudat.
1057 1017 1119 1080 cir.
1133 1019 1250 1083 v01.1.
1263 1017 1362 1082 Praei.
1381 1043 1413 1103 p.
1431 1022 1487 1082 XL
1504 1030 1629 1083 notan-

218 1119 283 1184 dus
299 1122 404 1186 etiam
425 1142 494 1187 ace.
512 1121 603 1206 plur.
623 1119 674 1188 vis
697 1125 741 1186 H
757 1127 786 1188 3
811 1139 841 1200 4.

299 1224 387 1292 Aliae
406 1227 664 1296 terminationes
687 1229 803 1294 minus
820 1229 930 1296 solitae
954 1238 1050 1295 77717
1072 1231 1159 1294 Gen.
1150 1229 1263 1316 .sing.
1283 1228 1323 1294 in
1344 1251 1358 1294 7
1347 1225 1632 1299 Ariobarzane

219 1329 263 1392 H.
286 1331 344 1396 lv.
372 1349 418 1396 77.
444 1335 524 1397 Cod.
547 1336 622 1402 vat.
657 1355 687 1398 a.
713 1337 803 1400 adde
828 1337 913 1404 Gen.
936 1333 1046 1402 Persi
1062 1337 1105 1398 H.
1126 1338 1152 1398 Ι.
1176 1339 1207 1400 6.
1247 1339 1327 1399 Erat
1346 1336 1441 1401 enim
1460 1341 1630 1400 utendum

220 1433 388 1500 Prisciani
404 1445 469 1520 (77.
487 1455 535 1503 77.
555 1441 605 1504 86.
623 1441 683 1504 Ed.
703 1441 765 1523 Κ.)
786 1441 896 1506 Servii
922 1443 1085 1526 (adden.
1104 1444 1131 1508 1.
1154 1441 1225 1526 37.)
1252 1450 1286 1506 et
1302 1441 1435 1506 Valerii
1455 1442 1561 1506 Ρ77177
1575 1446 1629 1529 (p

144 1736 150 1746 .
220 1655 285 1732 est,
306 1669 384 1712 cunr
403 1651 571 1718 Salustius
588 1655 736 1718 Persen.
757 1657 801 1718 H.
822 1657 875 1718 IV.
897 1671 963 1739 77.,
983 1653 1174 1717 ablativum
1189 1656 1302 1718 Perse
1323 1653 1540 1737 formaverit,
1560 1655 1630 1714 Cat.

219 1755 441 1833 6777771777
467 1758 554 1827 Gen.
583 1760 694 1824 Persi
725 1781 766 1824 ex
796 1764 945 1824 secunda
972 1757 1206 1824 declinatione
1230 1758 1417 1844 repetiisse.
1447 1758 1505 1822 cir.
1524 1759 1630 1822 Prisc.

220 1862 278 1921 v1.
299 1882 328 1924 c.
346 1863 405 1926 XI.
424 1887 460 1948 p.
480 1867 550 1945 769.
571 1867 633 1930 Ε71.
653 1869 713 1930 Κ7.
739 1876 772 1956 71
791 1867 953 1932 Schneid.
973 1887 1009 1951 p.
1039 1869 1111 1929 377.
1130 1865 1192 1948 qui
1216 1886 1338 1950 parum
1360 1866 1548 1952 diligenter
1568 1868 1632 1929 Vn-

219 1964 301 2029 17711
320 1967 428 2031 Probi
450 1969 625 2048 judicium
659 1975 748 2050 7786.
776 1972 1004 2058 impugnavit.
1048 1975 1146 2047 Adde
1177 1993 1256 2059 gen.
1287 1972 1378 2058 plur.
1411 1967 1631 2062 Seguntium

221 2093 324 2154 quern
342 2073 423 2138 ride
442 2073 509 2138 inc.
529 2077 576 2140 78.
597 2075 652 2140 771
668 2080 850 2162 respondet
870 2078 980 2140 forma
996 2077 1163 2140 nominat.
1184 2077 1370 2162 singularis
1394 2080 1544 2163 Taguns
1560 2076 1629 2143 inc.

225 2194 294 2254 747.
311 2187 345 2242 71
365 2178 562 2246 Acheruns
585 2202 639 2267 ap.
663 2183 763 2247 Plaut
779 2185 873 2268 Capt.
893 2187 921 2246 5.
939 2198 969 2259 4.
985 2199 1032 2260 7.;
1052 2180 1250 2243 8717771711.
1269 2181 1292 2242 l.
1311 2202 1345 2262 p.
1363 2195 1433 2242 777.
1450 2181 1517 2241 783.
1538 2181 1631 2248 Prae·

223 2293 316 2350 terea
337 2305 416 2372 gen.
437 2288 532 2373 plur.
559 2285 801 2373 Voleucionis,
828 2283 1138 2354 Volcanoliorum
1173 2287 1216 2348 Η.
1247 2289 1277 2348 3.
1308 2290 1355 2347 73.
1382 2302 1430 2362 74.
1471 2286 1514 2348 17
1538 2303 1630 2348 nom.
1732 2374 1735 2379 y

220 2391 311 2477 sing.
336 2393 461 2478 sepius
481 2392 1037 2481 777777771171777171777177117
1058 2402 1107 2458 est
1129 2391 1206 2456 Val.
1224 2391 1327 2458 Prob.
1349 2393 1445 2472 14673
1465 2399 1499 2455 et
1518 2389 1631 2474 labos,

221 2497 353 2582 honos,
386 2501 506 2582 colos,
535 2502 625 2566 odos
652 2503 756 2566 Codd.
779 2501 1001 2566 7778777717
1030 2498 1274 2582 antiquitatem
1297 2501 1474 2581 quandam
1496 2497 1631 2560 redolet

223 2601 326 2668 etiam
354 2627 447 2672 nom.
478 2607 518 2672 17
546 2609 630 2675 udo.
662 2605 850 2676 claritudo
875 2610 906 2671 1.
930 2625 959 2672 7.
978 2606 1061 2672 ride
1089 2609 1281 2672 Comment.
1299 2629 1334 2691 p.
1360 2603 1633 2668 776117711777

222 2707 448 2778 necessitudo
468 2735 533 2798 pro
554 2715 753 2782 necessitate
773 2715 904 2780 dictum
928 2717 963 2778 C.
987 2738 1034 2796 77.
1053 2734 1103 2780 77.
1119 2717 1150 2778 1.
1174 2737 1220 2796 79.
1239 2712 1361 2798 plebes
1379 2722 1413 2776 et
1430 2706 1553 2795 plebei
1567 2729 1632 2794 pro

215 2813 336 2897 plebs,
346 2815 482 2897 plebis,
501 2818 602 2900 plebi
612 2839 632 2878 a
646 2821 795 2882 salustio
812 2822 945 2880 dictum
960 2820 1068 2880 tuisse
1085 2828 1119 2880 et
1132 2818 1327 2880 Priscianus
1339 2816 1432 2878 testis
1444 2826 1494 2878 est
1506 2818 1565 2878 VI.
1582 2838 1630 2877 77.

224 2922 294 2986 766.
303 2927 336 2984 et
352 2921 459 2985 Codd.
470 2919 675 2984 7771177771
682 2921 749 2988 abl.
754 2918 833 3006 fini
843 2922 875 2983 h.
887 2937 915 2983 7.
927 2919 975 2982 78.
991 2922 1128 3003 Quartae
1137 2918 1382 2984 declinationis
1393 2917 1575 2981 Genitivus
1593 2920 1630 2980 in

223 3024 236 3086 i
252 3024 401 3090 occurrit
418 3023 456 3087 17
469 3024 618 3088 formula
636 3022 759 3088 senati
769 3027 952 3091 decretum
961 3024 1023 3088 cir.
1035 3027 1073 3088 C.
1085 3026 1133 3088 63.
1145 3027 1188 3086 Η.
1204 3027 1236 3088 5.
1250 3046 1279 3104 9.
1300 3026 1479 3087 Donat.ad
1492 3026 1630 3088 Terent.
1720 3089 1724 3094 ,

222 3134 312 3196 And.
339 3147 368 3200 7.
388 3148 418 3195 7.
442 3135 490 3196 78.
512 3129 616 3194 etiarn
632 3127 787 3194 tumulti
807 3132 842 3194 C.
862 3136 912 3213 ⁵9·
933 3129 1066 3194 dictum
1086 3129 1191 3194 1171777
1208 3138 1328 3194 auctor
1348 3139 1396 3194 est
1422 3133 1511 3194 Non.
1527 3132 1630 3194 Marc.
1723 3213 1727 3218 .

222 3238 253 3300 8.
264 3240 312 3303 57.
326 3241 385 3302 7771
410 3238 448 3300 17
459 3238 632 3304 'Codicum
657 3235 796 3300 silentio
809 3238 911 3322 plura
926 3238 1083 3322 erempla
1096 3238 1224 3300 addere
1236 3235 1422 3299 lubricum.
1442 3237 1495 3299 De
1515 3238 1630 3299 dativo

225 3345 262 3406 in
281 3367 305 3408 u
326 3343 387 3410 cfr.
409 3347 450 3408 s:
464 3348 492 3408 6.
517 3346 609 3409 1777
632 3353 666 3408 71
685 3345 815 3412 Comm.
837 3367 870 3428 p.
892 3348 964 3412 773.
991 3354 1025 3409 71
1043 3347 1085 3407 Η.
1102 3325 1176 3406 inc.
1196 3347 1247 3407 66.
1272 3363 1351 3406 usu.
1375 3352 1562 3406 occurrunt
1583 3354 1638 3436 ta-¹

223 3471 305 3516 rnen
325 3454 410 3515 usui
434 3454 470 3515 C.
493 3455 541 3515 67.
565 3453 616 3514 37.
635 3451 685 3512 38.
708 3448 936 3532 9777717174.
961 3449 1206 3541 magistratui
1228 3467 1279 3531 79.
1300 3457 1333 3514 71
1353 3448 1457 3513 Prisc.
1476 3469 1507 3528 7.
1527 3449 1574 3514 78.
1596 3471 1632 3531 p.

191 3550 193 3558 ’
224 3561 295 3628 367.
316 3558 399 3622 77117
423 3556 535 3641 poetis
559 3556 659 3621 metri
682 3575 781 3620 causa
803 3559 891 3620 hanc
916 3557 1193 3622 terminationem
1215 3563 1415 3639 usurpatam
1440 3552 1633 3618 171777717-

224 3663 300 3730 tuit.
341 3667 382 3726 In
410 3663 531 3744 quinta
554 3663 640 3728 decl.
662 3662 861 3728 Genitivum
893 3663 974 3728 ine
1001 3661 1106 3726 fuisse
1131 3669 1340 3744 conpactum
1368 3659 1528 3744 exemplo
1553 3671 1633 3723 sunt

225 3769 282 3835 die
298 3771 328 3834 J.
347 3791 398 3853 97.
415 3772 465 3834 67.
488 3767 567 3834 acie
588 3771 632 3831 H.
651 3772 681 3831 1.
693 3766 745 3850 67.
768 3790 844 3851 quae
859 3772 966 3833 Codd.
983 3767 1185 3832 auctoritate
1204 3764 1453 3830 confirmantur
1472 3777 1505 3830 et
1525 3767 1634 3831 Gellii

223 3875 421 3942 testimonio
450 3897 480 3956 9.
513 3890 558 3950 74.
600 3877 702 3960 ..Ego
725 3895 864 3957 quoque
892 3875 930 3938 in
956 3875 1127 3960 iugurtha
1155 3872 1295 3936 Salustii
1320 3891 1463 3938 summae
1486 3871 1570 3937 fidei
1598 3884 1631 3936 et

223 3985 419 4048 reverendae
435 3980 612 4048 vetustatis
634 3980 727 4044 libro
752 3975 810 4043 die
831 3999 909 4042 casu
928 3979 1044 4064 patrio
1061 3978 1395 4063 1777717771717777.1
1412 3981 1480 4043 Sed
1500 3999 1545 4043 ne
1558 3982 1631 4044 brec
1653 3986 1657 3995 ‘

223 4088 366 4170 quidem
387 4085 583 4152 terminatio
606 4085 822 4172 recipienda,
842 4086 905 4149 ubi
928 4088 1036 4150 Codd.
1056 4085 1332 4170 nonaddicnnt3
1354 4103 1430 4167 quae
1448 4083 1542 4148 enim
1566 4083 1629 4146 alii

221 4195 302 4260 loco
320 4193 547 4277 conveniunt,
567 4193 611 4254 ab
631 4190 702 4254 alio
724 4192 839 4256 aliena
852 4201 942 4256 sunt.
963 4192 1123 4275 Denique
1139 4195 1291 4257 notanda
1304 4189 1472 4255 defectiva
1485 4185 1631 4255 incultu

224 4299 358 4386 6,,563.
368 4313 396 4360 a.
409 4307 443 4362 et
454 4295 516 4362 diu
527 4299 756 4380 noetuqueh.
768 4321 797 4364 2.
812 4318 860 4384 77.
875 4298 936 4362 cfr.
948 4299 979 4361 1.
991 4314 1042 4375 44.
1053 4321 1104 4384 7ο.
1125 4294 1631 4378 Praetereaaliquotnominairt

1252 4422 1256 4455 l
