4050 5009
1590 422 1639 531 7⁹

230 588 397 654 detectam
425 588 580 669 spectare
604 578 809 667 opinantur,
838 598 945 664 quare
964 577 1152 665 legendum
1179 592 1251 643 etse
1270 578 1424 649 videtur:
1455 606 1503 651 ne
1524 580 1594 655 itta
1615 614 1644 663 a

229 698 340 757 tauro
355 698 471 774 parta
494 685 594 755 sit.-
576 710 677 769 -.r7-
659 687 816 769 -Quem
834 708 880 751 ea
901 682 1147 752 Mauretania
1164 706 1232 749 rea·
1250 688 1446 773 Leptasta,
1465 699 1561 777 quod
1578 718 1642 765 na·

227 816 309 863 meu
325 796 461 862 Debr.'
450 818 488 861 ιιι
505 794 730 880 Ascalisipbta
742 792 904 901 mutarit,
924 814 1004 857 cum
1024 793 1228 857 Plutarchus
1244 815 1272 857 c
1294 816 1314 877 9
1333 798 1523 865 Sertorium
1540 806 1642 873 Mau·

227 901 276 969 ris
293 925 393 989 opem
416 904 535 969 tulisse
553 910 669 969 narret
690 910 811 965 contra
826 864 1010 959 dmm
1030 912 1083 955 τον
1097 872 1235 981 Ιφθα
1224 921 1357 983 quem
1381 906 1478 971 Sulla
1501 911 1642 981 auxiliis

225 1008 413 1089 adjuverat.
432 1012 500 1075 Sed
509 1012 583 1075 hac
594 1007 739 1075 nomina
757 1006 862 1089 plane
880 1004 1014 1069 diversa
1027 1026 1097 1071 esse
1113 1006 1291 1090 ridentum
1304 1019 1418 1075 utrum
1435 1016 1640 1087 Plutarchus

223 1132 269 1180 un
290 1116 460 1179 Salustius
479 1114 625 1200 propius
659 1114 704 1177 ad
726 1132 845 1176 verum
867 1114 1025 1198 accedat,
1057 1116 1222 1179 incertum
1243 1126 1303 1179 est.
1329 1120 1426 1181 -18.·
1450 1122 1552 1204 Quos
1573 1125 1640 1190 ud-

149 1257 151 1260 ·
223 1240 369 1285 vorsum
380 1218 492 1285 multi
507 1241 552 1283 ea·
566 1212 743 1306 Bithynia
756 1219 918 1280 uolentes
935 1238 1140 1296 occurrere,
1146 1216 1422 1309 salsumfilium
1438 1224 1638 1317 arguiturt'.

221 1325 377 1401 ‘Mirum
394 1327 432 1389 ni
449 1309 523 1390 baec
544 1328 585 1388 ad
604 1330 747 1409 Nasam,
769 1322 968 1389 Nicomedis
990 1324 1121 1403 filium,
1142 1326 1344 1406 reserunda,
1365 1352 1468 1412 quem
1492 1334 1565 1419 regi
1582 1335 1639 1401 illi

220 1432 316 1495 haud
339 1430 601 1514 subterratum,
622 1432 689 1493 hoc
713 1438 763 1495 est
785 1431 880 1495 baud
904 1430 993 1495 vitio
1015 1438 1073 1494 aut
1091 1432 1275 1517 illegitime
1294 1446 1497 1523 conceptum
1518 1438 1638 1521 luisse,

220 1535 373 1621 epistola¹
389 1536 603 1600 Mithridatis
621 1536 811 1602 testabitur.
830 1540 934 1623 Quod
955 1547 1068 1601 tamen
1088 1538 1281 1623 Bithynos
1271 1550 1371 1625 utos,
1393 1544 1455 1625 qui
1472 1566 1492 1609 a
1511 1548 1639 1611 Roma·

219 1642 276 1705 nis
294 1641 334 1704 in
352 1664 497 1729 regnum
510 1644 618 1723 illud,
640 1653 780 1709 mortuo
795 1644 1001 1728 Nicomede,
1022 1645 1120 1727 quasi
1142 1645 1180 1708 iu
1196 1666 1341 1709 vacuum
1359 1651 1580 1716 venientibus
1598 1670 1638 1717 ac

218 1749 470 1833 possessiouem
496 1752 767 1837 occupantibus,
797 1750 945 1837 gratiam
973 1770 1045 1815 sese
1079 1750 1170 1815 inire
1205 1754 1404 1838 studebant,
1432 1760 1637 1842 redarguere

219 1863 362 1919 conatos
393 1877 482 1942 csse,
516 1858 749 1945 fragmentum
787 1858 881 1922 istud
914 1858 1054 1941 liquido
1087 1856 1282 1943 significare
1310 1859 1479 1924 videtur.»
1508 1864 1635 1929 noum.

217 1982 324 2024 -an-
344 1971 539 2050 argentum
563 1974 731 2030 mutuum
751 1960 956 2047 arcessivit,
975 1965 1014 2027 in
1035 1963 1242 2045 quibusdam
1261 1976 1455 2053 argeutum
1477 1970 1635 2033 multum

219 2062 407 2149 arcessivi,
426 2068 464 2131 in
479 2070 726 2135 vcstustissimo
752 2069 955 2134 Coloniensi
975 2079 1169 2157 argentum
1185 2078 1327 2131 mutum
1348 2066 1536 2135 arcessivit
1556 2092 1637 2135 cum

222 2168 455 2250 superlineari
473 2173 675 2252 glossemate
695 2174 721 2233 i.
740 2194 769 2233 e.
794 2174 1032 2235 simulacrum.
1061 2174 1114 2233 Ad
1139 2172 1287 2233 bellicos
1308 2182 1492 2252 apparatus
1514 2173 1640 2253 Lepidi

214 2264 291 2337 'hoc
311 2270 476 2335 referunt.
509 2289 616 2339 -aa-
634 2274 733 2355 Eam
761 2267 983 2334 deditionem
1007 2270 1207 2351 videsupra
1232 2270 1393 2331 debello
1415 2272 1641 2343 Macedonico

216 2401 251 2465 p.
268 2400 299 2459 7.
319 2412 339 2427 -
350 2383 426 2441 aa·
443 2373 520 2441 nisi
535 2374 761 2463 quaflumen
778 2374 926 2441 Darda.
947 2372 1090 2441 Clurda
1109 2384 1158 2437 est
1178 2372 1216 2435 in
1238 2373 1357 2437 multis
1375 2378 1482 2443 Codd.
1502 2377 1542 2441 in
1559 2380 1640 2449 aliie

216 2484 363 2568 lurda,
385 2486 446 2549 sed
462 2482 599 2547 nullum
620 2484 747 2547 horum
759 2480 941 2545 nominum
955 2480 1049 2563 apud
1061 2480 1423 2565 Geographosinveni.
1442 2518 1458 2531 -
1470 2484 1542 2549 ab·
1562 2488 1640 2555 Ne-

223 2612 294 2673 que
310 2588 471 2678 uirgines
488 2598 644 2673 nuptum
664 2589 704 2652 in
724 2587 960 2674 Hispanorum
979 2585 1136 2651 moribus
1154 2585 1390 2651 describendis
1407 2590 1475 2653 hoc
1488 2610 1637 2661 comme·

217 2705 389 2762 moratum
411 2695 515 2761 fuisse
534 2695 683 2761 videtur.
710 2698 819 2759 ·.-26
839 2694 1031 2760 Modestus
1051 2692 1248 2761 adomnia
1271 2691 1350 2760 alia
1370 2706 1461 2761 recte
1484 2698 1540 2761 his
1558 2717 1637 2765 ven·

217 2802 275 2865 bis
303 2802 509 2866 Debrossius
531 2801 666 2880 judicat
679 2801 854 2920 Pompeji
881 2820 995 2863 mores
1022 2820 1043 2863 a
1062 2802 1212 2865 Salustio
1236 2802 1423 2882 descriptos
1447 2803 1552 2871 fuisse
1573 2807 1635 2873 cir.

219 2908 311 2969 Plut.
334 2909 453 2989 Pomp.
477 2928 505 2968 1.
526 2884 722 2993 σωφροσύνη
743 2924 817 2991 περι
804 2892 972 2969 dianas.
1002 2906 1108 2963 -.28-
1126 2905 1182 2964 Ae
1208 2904 1406 2963 Lucullum
1427 2906 1525 2991 regis
1542 2928 1636 2975 cura

220 3025 286 3083 etc.
316 3016 376 3079 cir.
409 3018 498 3079 Plut.
525 3016 746 3089 Lucull.143
777 3021 811 3073 et
842 3012 986 3093 Appian
1020 3012 1122 3075 deB.
1149 3011 1355 3080 Mithrida.
1374 3018 1429 3098 θος
1456 2998 1528 3075 tt’xo
1529 2996 1637 3099 etuti

217 3128 353 3227 αἰγιρᾶς
371 3139 406 3196 et
425 3134 476 3193 81.
493 3115 611 3199 uui
572 3154 608 3197 ro
627 3149 692 3224 μιν
711 3106 1025 3221 itiiunua'ptsya
1034 3108 1282 3207 neumasensium
1291 3128 1415 3224 τροφῶν
1424 3116 1633 3209 Ammoniou.
1735 3158 1746 3169 ·

216 3288 236 3306 .
246 3271 297 3335 ²9·
307 3288 324 3301 -
350 3255 574 3318 Tartessum.
594 3247 745 3333 pertinet
759 3248 826 3309 hoc
845 3246 890 3307 ad
905 3244 1027 3308 foedus
1041 3244 1127 3309 olim
1143 3268 1221 3311 cum
1236 3247 1416 3312 Gaditanis
1428 3272 1639 3334 percussum,

218 3367 255 3429 et
271 3360 403 3444 Lepido
418 3358 609 3438 Catuloque
623 3356 715 3418 Coss.
737 3351 987 3417 confirmatum.
1009 3351 1069 3415 cir.
1085 3352 1177 3416 Plin.
1197 3368 1226 3429 4.
1249 3370 1326 3417 aaa:
1345 3356 1516 3430 ..Timaeus
1540 3358 1637 3423 Coti·

220 3487 360 3532 nussam
376 3468 468 3549 apud
487 3484 552 3545 *eos
569 3470 724 3525 vocatam
742 3459 813 3535 ait,
836 3457 946 3522 nostri
966 3460 1160 3523 Tartessum
1182 3461 1376 3546 appellant,
1398 3464 1495 3527 Poeni
1514 3464 1630 3549 Gadis,

220 3574 273 3639 ita
295 3572 425 3634 Punica
447 3570 567 3653 lingua
593 3588 708 3653 sepem
730 3564 972 3652 significante*
1001 3564 1062 3628 cir.
1080 3566 1199 3631 Avien.
1223 3568 1315 3630 Fest:
1340 3568 1496 3643 «Gaddir
1519 3571 1633 3656 prima

218 3678 349 3743 fretum
369 3674 479 3738 solida
490 3676 718 3758 supereminet
740 3692 817 3735 arce
833 3671 1040 3753 adtollitquc
1059 3680 1177 3755 caput,
1198 3672 1346 3757 geminis
1359 3674 1486 3740 inserta
1501 3678 1635 3743 colum·

220 3784 294 3849 nis:
315 3782 383 3845 liic
404 3780 568 3843 Cotinusa
593 3782 690 3865 prius
709 3778 823 3844 suerat
844 3779 906 3842 sub
928 3775 1070 3841 nomine
1092 3778 1205 3862 priseo
1228 3782 1487 3866 Tartessumque
1507 3784 1636 3851 dehinc

219 3887 322 3976 'l'yrii
352 3887 471 3952 dixere
499 3885 616 3950 coloni
645 3890 793 3951 Barbara
822 3887 910 3968 quin
947 3884 1051 3949 ctiam
1084 3886 1195 3949 Gades
1222 3887 1295 3951 hac
1325 3888 1443 3976 lingua
1471 3899 1628 3974 usurpat,

220 3998 347 4060 Ptenus
366 3996 496 4079 quippe
515 3994 631 4056 locum
659 4004 758 4058 vocat
786 3994 943 4077 undique
966 3994 1154 4057 clausum.»
1179 3998 1281 4057 -δα-
1300 3996 1428 4081 Neque
1444 3993 1629 4078 subsidiis,

224 4096 285 4179 uti
300 4092 484 4177 soluerat,
505 4095 715 4182 compositis
733 4123 818 4185 ..pro
832 4100 954 4165 solitus
970 4110 1052 4165 erat.
1071 4104 1179 4166 Varro
1197 4102 1284 4167 vlu.
1297 4104 1335 4167 L.
1349 4106 1384 4166 l.
1407 4106 1535 4167 contra
1543 4116 1631 4178 quo·

223 4208 322 4272 niam
340 4214 390 4270 est
410 4206 524 4290 soleo,
542 4214 679 4290 oportet
698 4207 766 4269 dici
789 4204 903 4285 solui,
929 4215 968 4270 ut
991 4210 1072 4271 Cato
1091 4218 1124 4272 et
1142 4208 1274 4273 Ennius
1294 4209 1468 4290 scribunt,
1502 4222 1573 4266 non
1591 4210 1630 4269 ut

224 4314 310 4380 dicit
325 4314 465 4402 vulgus:
485 4308 618 4379 solitus
639 4333 730 4377 sum.
754 4313 859 4380 Plura
876 4313 1040 4381 Priscian.
1057 4318 1113 4387 lli.
1130 4338 1167 4403 p.-
1189 4316 1261 4399 872.
1281 4324 1316 4383 et
1331 4316 1422 4387 Vlll.
1437 4334 1473 4399 p.
1489 4312 1566 4395 8283
1586 4313 1634 4379 ds
