4050 5009
396 407 470 486 530

392 602 456 668 ubi
494 601 592 668 verbi
630 597 839 688 significatio
877 614 941 684 pro
980 600 1157 662 structura.
1188 598 1342 662 mutatur
1367 607 1401 665 J.
1431 601 1481 664 38.
1520 599 1611 667 iame
1646 603 1805 690 ferroque

392 709 525 773 clausos
543 716 600 787 42:
613 708 705 772 ferro
733 714 793 770 aut
815 703 899 791 fuga
934 701 1095 769 exstinxit
1123 720 1173 786 49.
1204 703 1352 789 pecunia
1385 713 1446 768 aut
1477 707 1613 774 honore
1640 713 1805 780 extulerat

395 832 465 877 soa.
488 835 562 879 non
581 833 646 898 pro
673 811 772 876 vanis
799 811 957 876 hostibus
974 813 1036 876 sed
1064 810 1259 877 liberaliter
1278 810 1403 876 habuit
1428 831 1480 898 49.
1508 815 1643 882 labores
1671 826 1704 884 et
1732 821 1805 886 vie·

391 921 498 985 toria's
514 919 718 983 confirmare
724 944 734 995 3
750 918 889 999 (rectius
898 926 1014 981 tamen
1030 919 1120 980 hanc
1132 917 1301 1002 syllepsin
1312 937 1384 984 esse
1401 925 1512 1005 putes)
1532 929 1598 989 105.
1621 943 1804 992 numerum

390 1025 597 1110 ampliorem
628 1043 713 1089 vero
734 1033 768 1090 et
791 1023 954 1089 hostilem
976 1031 1107 1087 metum
1130 1019 1334 1089 efficiebant.
1377 1027 1675 1111 Quemadmodum
1693 1032 1804 1117 igitur

389 1151 531 1196 casuum
544 1131 719 1218 enallage,
738 1151 845 1214 quam
863 1129 994 1215 dieunt,
1016 1150 1088 1194 non
1112 1149 1151 1194 eo
1171 1139 1309 1216 spectat,
1332 1141 1369 1194 ut
1386 1129 1619 1200 differentiam
1639 1137 1730 1203 inter
1746 1159 1803 1202 ca-

389 1257 445 1303 sus
464 1239 578 1324 tollat,
592 1240 652 1304 aed
668 1238 784 1323 potius
802 1237 997 1303 orationem
1011 1241 1057 1300 ad
1075 1257 1236 1302 sensuum
1253 1238 1488 1304 diversitatem
1503 1241 1613 1328 fingat
1627 1253 1729 1325 atque
1744 1265 1802 1308 ac-

389 1347 566 1430 comodet,
586 1344 633 1409 ita
643 1365 688 1410 ne
700 1353 856 1429 tempora
869 1343 1011 1427 quidem
1026 1343 1222 1428 promiscue
1238 1354 1462 1431 usurpantur,
1481 1350 1540 1411 sed
1551 1348 1698 1412 consilio
1717 1351 1802 1414 altc-

388 1471 467 1514 rum
478 1472 542 1537 pro
557 1451 665 1516 altero
680 1451 845 1537 ponitur,
864 1451 937 1516 sive
950 1459 988 1514 ut
1002 1451 1128 1516 rectius
1139 1451 1272 1533 dicam,
1295 1472 1316 1517 a
1329 1453 1464 1539 vulgari
1479 1473 1542 1517 usu
1554 1455 1737 1523 receditur.
1758 1457 1801 1518 Id

388 1561 485 1640 quod
510 1557 710 1643 nuperrime
735 1559 844 1622 homo
866 1557 1005 1643 ineptus
1022 1557 1177 1642 primum
1197 1557 1266 1621 sibi
1293 1559 1465 1624 invenisse
1488 1560 1581 1624 visus
1612 1570 1679 1638 est,
1700 1561 1800 1644 quasi

387 1664 560 1750 Autiptosi
580 1665 645 1728 illa
667 1671 702 1730 et
725 1672 919 1748 temporum
942 1665 1118 1750 enallage,
1140 1685 1244 1748 quam
1266 1666 1403 1748 antiqui
1426 1665 1649 1730 Grammatici
1675 1676 1800 1732 statue·

386 1780 488 1851 runt,
508 1771 560 1835 nil
581 1771 651 1836 nisi
672 1771 892 1836 inscientiam
912 1779 946 1836 ct
964 1771 1159 1837 socordiam
1180 1782 1293 1857 tegere
1311 1772 1511 1838 voluissent.
1532 1773 1599 1841 Sed
1617 1775 1684 1838 hoc
1697 1767 1800 1836 diffc-

386 1886 469 1942 runt
498 1898 519 1940 a
540 1873 742 1963 juniorum,
768 1878 831 1960 qui
855 1877 938 1943 illos
961 1877 1171 1962 contemptui
1189 1878 1339 1952 habent,
1369 1877 1578 1966 arrogantia,
1609 1883 1703 1962 quod
1728 1899 1799 1942 non

386 1983 660 2069 philosophicis,
674 2003 751 2067 qua
760 1985 869 2048 nostri
876 1983 1252 2085 jactanuargumeutis,
1269 1988 1329 2052 sed
1342 2005 1405 2049 usu
1416 1984 1587 2069 loquendi
1596 1982 1799 2051 difficiliora

386 2089 616 2153 illustrabant.
635 2088 1078 2175 Antiquorumscriptorum
1090 2091 1386 2175 auctoritasquam
1395 2092 1549 2178 ipsorum
1565 2090 1704 2157 inventa
1716 2091 1798 2176 plus

386 2198 480 2281 apud
497 2195 737 2262 cosvalcbant.
747 2231 790 2250 -
807 2197 875 2262 Sed
892 2199 936 2262 de
951 2197 1094 2262 Salustii
1113 2198 1259 2264 artificio
1277 2199 1316 2262 in
1336 2207 1531 2284 temporum
1546 2197 1797 2284 compositione

385 2321 489 2387 supra
515 2292 694 2390 eguimus,
719 2322 835 2388 neque
858 2303 898 2370 in
921 2304 986 2391 iis,
1010 2325 1088 2388 quae
1111 2307 1219 2392 vulgo
1246 2306 1448 2391 laudantur,
1468 2305 1570 2387 locis,
1591 2303 1692 2368 facile
1720 2303 1798 2386 quis

355 2409 360 2418 ‘
386 2416 583 2495 temporum
605 2411 848 2498 mutationem,
874 2413 935 2478 sed
960 2412 1075 2496 potius
1094 2431 1190 2476 suam
1213 2395 1377 2495 cujusque
1405 2410 1479 2475 vim
1501 2411 1655 2476 inveniat
1685 2410 1745 2475 cir.
1765 2421 1796 2478 J.

389 2519 438 2582 ι3.
455 2518 505 2579 26.
527 2518 577 2598 76.
594 2516 656 2582 fin.
678 2519 729 2599 89.
749 2537 865 2601 neque
886 2514 1083 2602 quivissent
1103 2555 1146 2572 -
1165 2513 1406 2607 nifaeerent,
1426 2518 1506 2581 vide
1526 2519 1717 2582 comment.
1737 2516 1797 2580 cb.

389 2639 438 2686 ra.
456 2643 506 2704 ²9·
525 2627 576 2698 34.
594 2646 645 2705 7ι.
666 2627 788 2690 cadem
809 2634 859 2690 est
876 2625 968 2688 ratio
989 2632 1119 2707 tempp.
1138 2623 1457 2706 conditionalium,
1478 2621 1538 2688 cfr.
1556 2634 1588 2687 J.
1612 2644 1659 2705 27.
1671 2625 1722 2686 85.
1735 2621 1798 2685 fin.

384 2727 473 2790 lus.
494 2748 544 2792 aa.
565 2731 655 2793 med.
666 2723 823 2819 frustra
847 2734 1049 2818 agerentur
1068 2765 1111 2782 -
1129 2724 1165 2791 si
1176 2723 1334 2818 facturi
1356 2735 1466 2792 erunt
1485 2726 1533 2789 ib.
1552 2725 1656 2791 initio
1679 2721 1716 2790 ai
1726 2749 1798 2812 pst

385 2853 470 2898 rum
494 2832 758 2901 aaebtimaretis
776 2873 819 2890 -
839 2831 1087 2902 disserendum
1099 2828 1198 2926 suit.
1230 2831 1289 2897 cir.
1312 2843 1475 2918 preterea
1494 2834 1530 2894 G.
1557 2855 1606 2895 αι.
1626 2843 1659 2900 J.
1681 2837 1730 2907 43.
1745 2857 1795 2917 97.

383 2947 470 3004 extr.
488 2943 539 3022 67.
561 2944 612 3006 82.
632 2961 710 3024 quaa
731 2942 852 3007 omnia
870 2943 919 3008 ita
942 2950 1139 3028 comparata
1157 2948 1259 3025 sunt,
1281 2949 1320 3004 ut
1340 2943 1433 3027 apud
1454 2939 1654 3024 scriptorem
1672 2959 1795 3025 parum

384 3045 590 3131 diligentem
611 3048 712 3112 aliter
737 3047 886 3132 exprimi
914 3048 1112 3133 potuerint,
1133 3051 1194 3112 sed
1218 3047 1257 3112 in
1278 3047 1474 3111 Salustiano
1503 3045 1642 3111 dicendi
1670 3067 1795 3131 genere

384 3150 486 3214 unice
504 3173 585 3218 vera
602 3155 683 3218 sint.
700 3191 742 3208 -
763 3158 892 3223 Ceterae
912 3154 1125 3238 locutiones,
1146 3174 1223 3237 quae
1251 3153 1356 3218 variis
1379 3141 1568 3239 figurarum
1595 3151 1795 3217 nominibus

383 3259 490 3345 vulgo
517 3262 877 3344 comprehenduntur,
904 3279 968 3322 suo
994 3281 1140 3342 queque
1169 3260 1249 3322 loco
1276 3267 1357 3322 sunt
1385 3259 1569 3344 explicitae3
1596 3268 1727 3324 tantum
1751 3261 1795 3322 de

382 3362 521 3450 Ellipsi
541 3385 651 3450 pauca
674 3368 810 3428 addam.
835 3367 866 3425 3.
899 3383 968 3426 roo.
994 3367 1034 3427 in
1061 3361 1232 3428 hiberna:
1262 3365 1336 3426 scil.
1363 3364 1601 3448 proficiscitur.
1632 3365 1692 3429 cfr.
1717 3367 1794 3428 Ter.

355 3551 358 3555 ¹
382 3470 525 3536 Andria.
551 3496 577 3536 ι.
595 3475 626 3535 3.
641 3488 691 3534 aa.
713 3478 747 3536 ct
765 3469 907 3534 Ruhuk.
928 3470 1028 3532 adh.
1048 3467 1073 3542 l.
1096 3487 1162 3552 ¹09·
1185 3462 1303 3559 agitur
1319 3471 1446 3534 Sulla:
1465 3489 1510 3535 sc.
1534 3471 1722 3556 respondit.
1744 3486 1794 3547 aa.

383 3575 483 3641 nihil
496 3578 548 3643 ud
563 3598 624 3644 vos
641 3597 686 3642 se.
707 3576 1001 3664 pertinentem.
1017 3582 1245 3662 potestatam
1256 3571 1481 3668 faciundam
1502 3577 1584 3660 (uhi
1600 3597 1641 3642 ex
1658 3587 1794 3642 antece·

385 3683 546 3749 dentibus
564 3680 755 3752 indicandi
764 3685 1025 3772 supplendum.)
1046 3689 1105 3747 etr.
1117 3686 1153 3752 C.
1170 3687 1222 3746 3ο.
1241 3684 1336 3748 solet
1350 3679 1631 3776 saepius(fuccre
1643 3684 1698 3748 vel
1706 3679 1797 3766 fieri

385 3789 537 3874 omissis)
556 3793 708 3877 positum
732 3792 795 3855 cfr.
821 3793 857 3854 C.
880 3797 930 3855 3ο.
955 3791 987 3857 3.
1008 3793 1058 3870 96.
1089 3792 1168 3853 Non
1191 3797 1418 3853 numerantur
1438 3788 1530 3854 inter
1554 3790 1712 3874 ellipses,
1732 3789 1793 3852 ubi

361 3959 364 3969 ,
384 3917 426 3962 ex
443 3897 562 3974 verbo,
580 3897 675 3980 quod
694 3896 893 3982 antecessit,
913 3895 1028 3960 simile
1039 3897 1215 3978 quoddam
1233 3894 1502 3980 intelligendum
1520 3905 1589 3974 est,
1609 3895 1670 3962 cfr.
1690 3899 1726 3960 C.
1744 3919 1792 3961 ιι.

381 4006 472 4068 med.
489 4005 521 4066 J'.
544 4025 592 4088 ¹7·
613 4005 663 4066 ab.
682 4023 733 4084 71.
751 4002 811 4066 fin.
831 4003 882 4066 da.
903 4023 969 4085 109.
989 3999 1113 4067 redire
1119 3999 1245 4094 jubet,
1267 4002 1311 4066 de
1339 4023 1408 4084 qua
1427 4001 1568 4068 dicendi
1587 4001 1723 4067 ratione
1740 4001 1793 4064 lu-

382 4110 539 4176 culenter
559 4119 703 4195 egerunt
724 4110 925 4192 interpretes
944 4113 990 4173 ad
1009 4110 1087 4173 Tcr.
1107 4109 1273 4172 Andriam
1290 4110 1347 4173 IV.
1365 4111 1392 4170 6.
1413 4111 1460 4172 18.

464 4216 577 4278 Multa
599 4235 640 4281 ex
663 4211 791 4280 Graecis
815 4213 968 4279 hausisse
987 4214 1174 4280 Salustium
1194 4223 1228 4278 et
1245 4223 1398 4280 veterum
1422 4213 1629 4278 criticorum
1652 4213 1718 4278 fuit
1737 4213 1795 4292 ju-

382 4319 512 4385 dicium
528 4321 729 4408 (Quinctii,
739 4321 797 4386 lx.
809 4322 848 4402 3.)
861 4331 894 4386 et
908 4321 1142 4405 plurimorum
1153 4322 1311 4387 locorum
1328 4320 1584 4406 comparatione
1604 4319 1794 4386 docuimus.
