4050 5009
1252 299 1264 332 Ι

356 395 430 492 378

355 592 528 653 adulescens
545 622 564 639 -
590 587 755 652 decembris
773 622 790 638 -
815 588 866 654 Kl.
885 622 903 637 -
930 587 998 651 ian.
1017 621 1034 636 -
1061 585 1240 669 optinendas
1261 621 1278 635 -
1304 589 1337 650 in
1358 587 1438 651 Non.
1459 591 1620 654 februarias
1639 624 1659 642 ·
1686 603 1729 656 set
1747 625 1767 644 -

361 718 407 777 ¹9·
428 717 485 780 pro
504 708 627 779 pretore
648 697 701 777 (m.
722 695 792 773 seo.)
813 704 933 777 qnestor
950 695 1059 769 -boni
1081 695 1250 777 praesidinm
1272 699 1440 777 complores
1459 700 1583 760 -etiam
1605 699 1679 760 dnm
1699 733 1711 748 ·
1730 703 1764 762 in

355 805 510 887 provincia
531 825 592 884 qno
611 806 676 862 sine
696 801 824 862 exercita
837 833 857 850 ·
875 804 933 862 tale
955 801 1082 880 (lacinus
1104 821 1144 861 m.
1165 781 1235 879 sec.)
1257 801 1355 861 iecisse
1367 803 1439 862 -in
1460 803 1559 866 madio
1579 804 1781 888 derelinqui·-

357 910 520 971 mus-satis
529 908 656 968 dictum.
668 908 732 986 (est.
743 928 784 970 m.
795 907 893 985 see.)-
905 923 954 967 ao.
967 909 1129 969 memoravi
1139 906 1257 968 addidit
1266 929 1308 968 m.
1320 928 1376 970 see.
1386 929 1459 990 saepe
1469 931 1509 974 m.
1518 931 1541 976 s.
1554 910 1679 974 delerit·
1687 909 1764 973 hue·

353 1015 409 1074 tori
418 1046 434 1059 -
444 1015 475 1073 in
489 1010 643 1074 habditam
652 1045 670 1061 ·
679 1011 793 1074 Orocio
804 1011 933 1074 Catilina
944 1045 959 1062 ·
972 1016 1071 1074 iorent
1081 1047 1098 1060 -
1110 994 1282 1093 (mimsssec.
1293 1015 1427 1096 addidit)
1439 1016 1514 1077 mihi
1526 1017 1763 1082 cecidisset-do-

353 1122 572 1203 minacioqne-
588 1140 642 1202 pes
654 1121 754 1202 ignor.
769 1140 802 1180 os
818 1142 860 1180 m.
873 1141 931 1181 sec.
947 1153 963 1166 ·
980 1119 1057 1180 mihi
1073 1139 1131 1181 esse
1141 1155 1154 1168 -
1170 1120 1271 1181 eadem
1285 1117 1366 1204 (quse
1384 1143 1424 1184 m.
1439 1122 1509 1201 seo.)
1524 1123 1668 1185 mihi-sa
1682 1123 1762 1185 dem.

352 1245 418 1306 snp.
439 1228 493 1287 lin.
513 1248 564 1286 nm
584 1248 626 1313 m.
646 1248 734 1287 sec·
753 1227 862 1310 agitari
882 1247 947 1304 sup.
967 1227 1023 1286 lin.
1044 1247 1090 1295 co.
1113 1247 1152 1285 nr.
1174 1205 1261 1288 sec.-
1274 1227 1413 1289 condicio
1425 1263 1442 1274 -
1461 1228 1624 1288 dictionem
1645 1229 1675 1290 d.
1690 1249 1762 1290 con·

315 1407 319 1414 Ι
353 1332 438 1392 cessit
455 1363 472 1379 ·
492 1342 573 1392 terre
593 1351 674 1414 reges
694 1331 865 1411 (tetrarchas
884 1353 925 1392 m.
946 1332 1016 1411 sec.)
1036 1363 1052 1376 -
1072 1334 1207 1394 amittere
1227 1353 1281 1415 per
1301 1333 1452 1394 dedecus?
1472 1333 1505 1394 in
1527 1333 1666 1397 manibus
1687 1346 1729 1396 est
1742 1367 1758 1383 ·

351 1447 475 1519 emunt,
495 1436 623 1498 diruunt
646 1469 667 1486 -
694 1459 746 1499 vos
767 1436 903 1499 hortetur
927 1469 947 1486 -
976 1437 1097 1501 avobis
1124 1439 1193 1520 (erit
1213 1461 1254 1499 m.
1274 1459 1331 1500 sec.
1352 1437 1490 1518 addidit.)
1514 1437 1620 1520 parati
1644 1461 1684 1499 m.
1704 1459 1760 1501 sec.

351 1543 470 1604 addidit
501 1575 521 1593 ·
551 1564 600 1609 aa.
632 1547 764 1626 quietam
792 1544 1010 1626 rempublicam
1038 1581 1054 1594 -
1085 1567 1193 1628 magna
1220 1567 1260 1605 m.
1290 1566 1347 1605 sec.
1378 1563 1487 1606 merces
1520 1576 1539 1592 ·
1569 1565 1633 1626 que
1668 1546 1756 1605 armis

351 1650 472 1729 praemia
491 1685 508 1698 -
526 1649 601 1731 (spei
622 1672 663 1710 m.
682 1669 739 1717 see.
762 1651 902 1730 addidit.)
914 1683 934 1698 -
953 1652 1175 1733 loqunpletinm
1192 1684 1208 1699 ·
1227 1653 1374 1712 victorum
1397 1671 1440 1711 m.
1459 1671 1518 1723 sec.
1538 1649 1655 1711 addidit
1673 1681 1691 1697 -
1709 1649 1764 1710 die

350 1753 436 1814 cebet
454 1775 515 1815 esse
534 1785 550 1799 ·
569 1755 674 1817 adbec.
694 1755 754 1818 hoe
774 1778 841 1838 sup.
860 1761 917 1823 lin.
937 1769 1036 1837 petere
1058 1779 1099 1818 m.
1119 1777 1176 1817 sec.
1197 1769 1330 1834 tempore
1350 1787 1369 1802 ·
1396 1764 1524 1834 speraret
1543 1752 1610 1836 s'up.
1631 1757 1687 1816 lin.
1706 1753 1761 1815 bet

351 1881 391 1924 m.
411 1846 470 1920 sec.
491 1880 560 1920 carn
582 1880 619 1920 eo
637 1880 668 1921 se
689 1865 815 1921 console-
829 1893 846 1908 ·
863 1863 1045 1922 admonebat
1065 1893 1082 1906 ·
1102 1862 1209 1933 sitlans
1228 1889 1247 1908 -
1270 1877 1318 1921 aa.
1339 1863 1498 1940 populares
1518 1861 1674 1921 consocios
1694 1859 1761 1920 adi·

348 1977 428 2027 ceret
454 1999 471 2012 -
490 1967 602 2026 conscii
628 1997 646 2012 ·
679 1966 727 2027 ab.
748 1987 766 2024 a
785 1977 888 2026 senatu
915 1999 933 2012 ·
960 1976 1133 2026 amoverant
1157 1995 1176 2012 ·
1206 1975 1236 2026 et
1257 1966 1321 2047 ipsa
1340 1985 1407 2045 sup.
1428 1965 1482 2025 lin.
1504 1969 1615 2025 na'sua
1638 1987 1679 2055 sn:
1700 1987 1758 2028 sec.

348 2074 456 2132 seelera
485 2103 502 2117 ω
532 2080 562 2131 et
582 2072 690 2131 minari
718 2105 733 2116 -
759 2091 794 2130 ex
814 2071 974 2131 insolentia
1001 2104 1019 2118 ·
1046 2072 1103 2135 viri
1134 2069 1179 2152 (in
1201 2070 1302 2131 medio
1322 2072 1417 2151 spatio
1438 2073 1512 2152 aliq.
1533 2076 1662 2148 erasnm)
1693 2091 1759 2153 qun

349 2175 566 2257 quoquomodo
590 2209 607 2222 -
634 2175 794 2237 eredebant
819 2211 836 2223 -
860 2174 954 2237 bomo
974 2177 1120 2260 ignobilis
1139 2198 1235 2242 novus
1254 2211 1272 2224 ·
1304 2177 1353 2248 al.
1373 2209 1416 2224 -
1437 2175 1485 2237 ai.
1507 2187 1597 2258 atque
1617 2177 1721 2237 latinis
1738 2207 1758 2225 ·

348 2274 532 2358 discernere,
552 2313 569 2326 -
600 2281 727 2366 libidine
759 2315 777 2330 ·
807 2294 842 2343 nt
860 2293 973 2364 peteret
992 2285 1072 2345 viros
1092 2305 1183 2365 quam
1204 2285 1352 2364 peteretur
1379 2315 1396 2330 -
1422 2300 1558 2343 sermone
1579 2283 1648 2342 utili
1669 2315 1687 2330 ·
1707 2283 1756 2343 26.
1862 2333 1864 2336 .

347 2398 568 2469 qnestnserat·
589 2387 623 2446 id
642 2387 833 2450 carendum-
853 2391 1101 2470 prcpnleratsup.
1113 2390 1169 2449 lin.
1190 2421 1206 2435 -
1228 2390 1333 2452 vinciae
1353 2408 1407 2470 per
1426 2408 1468 2448 m.
1488 2408 1571 2450 sec.-
1590 2408 1687 2470 neque
1701 2408 1757 2469 pe-

348 2494 463 2554 titionis
473 2526 491 2541 ·
504 2491 703 2554 consulibus·
716 2513 765 2572 ²7·
776 2496 958 2554 semtimium
973 2525 988 2540 ·
1007 2493 1123 2554 dimisit
1131 2493 1262 2554 Catilina
1276 2528 1283 2539 ·
1303 2497 1415 2554 multas
1431 2495 1532 2554 simul.
1551 2503 1623 2554 lates
1639 2513 1681 2552 m.
1694 2513 1754 2556 sec.

347 2599 450 2656 moliri
463 2627 478 2642 ·
497 2603 620 2657 armatis
641 2598 786 2656 militibus
803 2629 822 2646 -
842 2600 988 2657 insomnis
1008 2631 1025 2644 -
1045 2601 1140 2678 legam
1161 2630 1181 2647 ·
1200 2599 1379 2678 ignominia.
1399 2601 1486 2660 naria
1507 2619 1571 2680 sup.
1593 2600 1648 2659 lin.
1667 2631 1684 2646 ·
1704 2597 1752 2660 ab·

347 2701 633 2780 sede-intellegit·
652 2697 846 2778 impendebat
858 2727 875 2742 ·
894 2718 930 2756 eo
944 2700 1027 2778 quod
1044 2702 1116 2756 sillae
1129 2731 1146 2744 -
1164 2703 1281 2758 colonis
1300 2701 1506 2762 sollicitabat·
1529 2723 1574 2784 ²9·
1595 2713 1756 2784 potuerat-

347 2805 465 2866 mnnilii
477 2835 497 2852 ·
516 2815 631 2886 quanto
642 2824 712 2865 con.
723 2835 742 2852 -
760 2800 869 2862 habeat
881 2834 901 2850 -
920 2803 1043 2882 neqnic.
1062 2801 1129 2862 lies.
1141 2804 1280 2863 ·nnllius
1299 2802 1407 2865 harum
1419 2838 1439 2856 ·
1459 2806 1508 2868 30.
1530 2807 1669 2870 ablatas·-
1688 2809 1753 2870 fieri

344 2914 445 2974 solet·
465 2909 597 2971 modesta
617 2921 735 2990 atque-
753 2927 837 2970 servo
856 2907 1041 2980 libertatem,
1062 2907 1158 2968 libero
1179 2913 1474 2974 etc-maeniorum
1495 2912 1625 2974 ducenta
1646 2916 1755 2975 milia·

345 3016 396 3077 31.
409 2998 462 3076 sint
477 3018 523 3077 sui
546 3015 727 3096 expurgandi
748 3047 765 3062 ·
796 3013 922 3092 (sceleris
943 3034 985 3072 m.
1005 3013 1077 3092 seo.)
1097 3013 1233 3095 patribus
1253 3036 1270 3075 a
1292 3037 1333 3076 m.
1353 3039 1411 3079 seo.
1431 3051 1450 3068 ·
1474 3011 1520 3080 'ne
1539 3020 1718 3081 estimarent
1736 3053 1753 3070 ··

343 3124 435 3180 ruina·
460 3123 581 3180 alterins
612 3121 795 3202 exstinguam
824 3151 842 3166 ·
875 3123 926 3182 32.
948 3119 1139 3203 intellegebat
1168 3154 1187 3170 ·
1218 3125 1369 3205 optimam
1404 3127 1484 3185 lactu
1505 3157 1524 3174 ·
1547 3125 1715 3186 maniliana
1732 3157 1752 3174 ·

342 3236 480 3306 proptam
500 3257 520 3272 -
538 3225 588 3286 53.
609 3225 742 3306 Epistola
762 3224 852 3285 Melit
870 3258 888 3273 ·
909 3227 1102 3316 matrimqnio
1114 3261 1130 3274 -
1150 3231 1236 3310 pleps
1255 3259 1271 3272 -
1291 3231 1352 3290 nisi
1372 3232 1473 3290 anima
1494 3231 1584 3291 simul
1604 3263 1621 3277 -
1640 3229 1690 3303 34.
1711 3229 1749 3291 ab

342 3341 444 3389 senato
462 3359 482 3378 ·
501 3341 537 3392 nt
549 3350 639 3389 nemo
652 3351 785 3411 unquam
806 3342 836 3390 et
856 3352 893 3391 eo
914 3333 1020 3391 frustra
1040 3333 1207 3411 petiverit-
1226 3337 1351 3396 literae·
1371 3356 1433 3396 non
1454 3354 1516 3416 qno
1535 3357 1601 3418 sup.
1628 3338 1684 3396 lin.
1705 3335 1748 3415 (d.

343 3456 384 3494 m.
400 3435 471 3514 sec.)
489 3436 549 3496 sibi
571 3467 587 3480 -
617 3436 715 3495 literas
741 3468 757 3480 -
782 3435 914 3515 Epistola
935 3435 1072 3496 Catilina
1089 3470 1107 3484 ·
1132 3437 1341 3500 diffensionem
1363 3471 1379 3484 ·
1398 3457 1510 3526 parare.
1530 3460 1596 3520 sup.
1618 3442 1674 3502 lin.
1693 3455 1749 3500 a·-

343 3539 681 3620 nominibnssumptum
695 3572 714 3588 ··
732 3549 777 3601 set
795 3542 979 3602 comalienis
999 3575 1016 3589 -
1036 3519 1208 3623 persolverit
1221 3576 1240 3592 ·
1260 3563 1357 3624 neque
1376 3575 1396 3591 ·
1414 3541 1586 3606 Orestillam
1607 3577 1626 3596 -
1645 3557 1748 3628 aput-

342 3644 392 3703 56.
406 3649 521 3707 reatino
542 3679 558 3692 -
580 3648 737 3707 manilium
757 3679 774 3694 ·
793 3667 862 3707 cum
877 3669 1013 3708 occasum
1034 3680 1054 3697 ·
1074 3651 1209 3712 tantaris
1222 3632 1319 3708 morbi
1332 3649 1377 3709 uti
1387 3651 1458 3710 tales
1472 3670 1536 3732 sup.
1557 3653 1609 3711 lin.
1630 3649 1747 3726 Μυη-

341 3748 394 3808 dio
414 3752 510 3830 spatio
529 3753 602 3831 aliq.
626 3751 753 3830 erasnm)
779 3757 827 3832 37.
849 3756 933 3833 pleps
952 3787 968 3800 ·
997 3757 1083 3835 pleps
1104 3787 1123 3802 -
1150 3773 1276 3837 preceps
1297 3765 1358 3815 erat
1376 3786 1395 3804 ·
1414 3755 1452 3816 de
1472 3757 1574 3817 multis
1593 3791 1611 3803 -
1629 3775 1663 3816 ex
1682 3757 1748 3818 rio-

342 3857 417 3915 toria
437 3872 503 3933 snp.
524 3853 579 3910 lin.
598 3866 723 3914 venture
743 3887 760 3900 -
778 3857 826 3917 38.
848 3857 1048 3919 adulescentes
1066 3895 1083 3906 -
1113 3860 1163 3941 59.
1184 3870 1301 3921 senatus
1320 3861 1372 3946 alii
1392 3859 1447 3920 sub
1467 3863 1564 3941 specie
1585 3859 1659 3942 (snb
1678 3880 1746 3921 ers-

341 3958 426 4039 snm)
445 3959 516 4040 quia
536 3956 655 4019 defessis
673 3991 691 4003 -
711 3961 808 4022 Isdem
830 3964 880 4034 lo.
901 3965 1060 4045 impetat·
1080 3965 1164 4046 queri
1185 3966 1254 4025 illos
1273 3965 1356 4028 videt
1374 4001 1390 4012 -
1409 3977 1586 4048 expectare-
1606 3987 1662 4048 pro
1681 3985 1745 4028 cer·

337 4078 367 4126 ta
377 4065 560 4148 spe-isdem
569 4099 584 4112 ·
594 4069 644 4139 ἠδ.
658 4066 875 4128 utridebantur
885 4070 922 4136 (n
931 4069 987 4129 del.
997 4073 1115 4149 masc.)
1124 4103 1141 4118 -
1156 4072 1200 4130 ali
1210 4091 1278 4130 cum
1286 4072 1407 4133 catilina
1414 4053 1524 4132 -snum
1536 4093 1745 4154 quemqnene·

339 4178 454 4254 gotium
475 4209 492 4221 ·
510 4177 574 4236 loca
595 4173 677 4234 urbis
697 4174 891 4234 accenderent
909 4209 923 4223 ·
944 4197 1006 4235 non
1028 4175 1228 4238 consultando
1249 4211 1268 4226 ·
1288 4177 1409 4239 Curiam
1430 4179 1596 4239 citeriorem
1618 4189 1648 4239 et
1667 4180 1744 4240 ulle·

338 4280 445 4340 riorem
465 4314 482 4329 -
511 4293 561 4356 tq.
580 4281 788 4361 jusjurandum
809 4283 958 4364 signatum
979 4313 998 4331 ·
1022 4276 1180 4346 venturam
1200 4296 1293 4346 semet
1314 4316 1331 4332 ·
1350 4282 1452 4346 EPTA.
1473 4281 1609 4348 LENTvli
1628 4314 1648 4334 ι-
1667 4284 1742 4365 Quis
