4050 5009
1473 344 1543 443 ¹95

122 538 159 591 se
197 516 460 629 intellegitur.
508 522 582 599 Sed
612 522 704 627 quia
731 520 870 601 divorsi
900 522 1121 613 mdcuntea,
1134 520 1234 597 alius
1257 522 1308 597 ab
1328 522 1405 598 alia
1424 538 1536 629 parte

118 654 243 744 atque
267 672 409 723 omncs
425 647 527 724 idem
541 646 827 753 significabant3
852 647 992 725 Consul
1011 648 1204 736 incertus,
1227 672 1399 749 quonam
1426 646 1541 723 modo

117 764 247 843 aciem
274 770 516 862 instrueret,
537 771 648 847 nullo
670 770 805 847 ordine
829 786 1084 859 commutato,
1107 768 1309 845 advorsum
1324 772 1454 846 omnia
1474 798 1542 876 pa-

118 907 253 983 ratus,
280 894 431 973 ibidem
450 895 656 1000 opperitur.
707 898 766 969 Ita
781 892 1100 995 Iugurthamspes
1114 892 1310 984 maana,
1330 894 1399 996 qui
1415 894 1543 999 copias

119 1013 163 1091 iu
182 1036 372 1121 quatuor
389 1038 516 1125 partes
531 1018 793 1107 distribuerat,
819 1032 921 1093 ratus
946 1042 993 1091 ex
1009 1016 1188 1093 omnibus
1201 1038 1310 1119 aeque
1325 1016 1474 1121 aliquos
1493 1019 1543 1093 ab

25 1210 26 1241 3
120 1153 234 1244 tergo
272 1140 451 1221 hostibus
482 1156 668 1219 venturos.
726 1138 887 1216 Interim
913 1138 1050 1229 Sulla,
1074 1164 1190 1240 quem
1216 1139 1388 1241 primum
1419 1138 1543 1217 hostes

25 1324 26 1331 ,
120 1263 375 1371 adtigerant,
399 1264 618 1342 cohortatus
639 1288 741 1345 suos,
758 1262 956 1337 turmatim
975 1278 1013 1338 ct
1031 1287 1149 1363 quam
1163 1287 1340 1337 maxume
1363 1261 1542 1338 confertis

120 1388 237 1488 equis
255 1390 343 1493 ipse
365 1388 507 1491 aliique
537 1387 691 1462 Mauros
716 1384 927 1460 invadunt:
953 1385 1067 1459 ceteri
1092 1383 1134 1457 in
1163 1384 1248 1457 loco
1270 1402 1465 1461 manentes
1490 1386 1540 1459 ab

25 1518 26 1533 ¹
126 1512 274 1587 iaculis
294 1514 445 1587 eminus
464 1512 603 1586 emissis
619 1534 776 1613 corpora
794 1524 915 1611 tegere
931 1524 987 1597 et,
1007 1508 1037 1579 si
1052 1508 1120 1609 qui
1141 1506 1183 1580 in
1196 1534 1333 1582 manus
1348 1527 1540 1599 venerant,

127 1636 381 1711 obtruncare.
429 1638 536 1710 Dum
558 1660 602 1709 co
621 1631 734 1707 modo
753 1632 896 1734 equites
918 1631 1162 1733 praeliantur,
1187 1631 1356 1708 Bocchau
1372 1660 1462 1708 cum
1475 1660 1540 1736 pe-

25 1822 27 1847 ,
127 1759 306 1849 ditibus,
319 1784 414 1863 quos
427 1758 559 1835 Volux
578 1756 678 1831 lilius
696 1755 776 1830 eius
796 1752 1021 1843 adduxerat,
1043 1752 1240 1854 (usquein
1257 1756 1540 1861 priorepugna,

25 1870 27 1951 l
131 1882 171 1957 in
191 1884 340 1961 itinere
359 1882 518 1971 morati,
544 1878 782 1976 adfuerant,)
806 1893 1035 1981 postremam
1059 1878 1319 1952 Romanorum
1335 1881 1455 1955 aciem
1481 1881 1540 1953 in.

25 2085 26 2097 χ
130 2008 299 2083 radunt.
334 2010 438 2081 Tum
453 2004 597 2081 Marius
614 2001 717 2106 apud
736 2000 878 2106 primos
895 2000 1050 2103 agebat,
1067 1999 1172 2101 quod
1186 2000 1241 2073 ibi
1252 2002 1437 2105 Iugurtha
1450 2030 1540 2079 cum

134 2132 321 2235 plurimis
340 2146 429 2207 erat.
479 2127 580 2203 Dein
597 2124 783 2215 Numida,
801 2122 952 2227 cognito
971 2120 1109 2197 Bocchi
1124 2122 1306 2213 adventu,
1332 2124 1432 2199 clam
1450 2152 1539 2200 cum

140 2258 275 2358 paucis
296 2256 347 2331 ad
367 2253 511 2359 pedites
525 2250 715 2325 convortit
738 2280 746 2321 ε
772 2246 826 2321 ibi
851 2246 985 2321 Latine
1018 2246 1140 2342 (uam
1159 2247 1264 2349 apud
1292 2249 1539 2325 Numantiam

137 2380 250 2483 loqui
268 2360 477 2475 didicerat)
502 2374 708 2449 exclamat:
738 2384 909 2461 „nostros
925 2367 1064 2443 frastra
1086 2395 1278 2475 pugnare,
1298 2371 1431 2474 paullo
1451 2389 1541 2449 ante

139 2501 313 2581 Marium
341 2528 409 2577 sua
439 2526 560 2575 manu
587 2496 875 2584 interfectum;”¹
898 2491 1013 2567 simul
1041 2491 1213 2595 gladium
1237 2496 1422 2597 sauguine
1435 2496 1542 2571 obli·

147 2644 229 2704 tum
265 2626 477 2713 ostendere,
513 2646 628 2723 quem
653 2618 692 2691 in
715 2642 862 2723 pugna,
889 2616 976 2690 satis
1001 2616 1161 2719 impigre
1182 2616 1304 2692 occiso
1324 2619 1452 2722 pedite
1474 2648 1543 2695 no·

142 2876 212 2931 pars
225 2858 268 2917 ita
278 2860 447 2915 consuetum
458 2845 589 2907 habuisse
600 2844 697 2903 Guell’.
710 2843 737 2903 ὅ.
758 2838 860 2901 omnia
873 2836 1035 2917 reipublice
1055 2841 1141 2899 multi
1150 2839 1382 2903 exdaterioribus
1391 2842 1482 2903 libris.
1501 2843 1546 2904 rei

145 2981 171 3036 ρ.
184 2964 274 3023 etiam
288 2961 351 3019 Bas.
368 2978 394 3015 1·

229 3088 302 3170 Cap.
331 3107 395 3146 101.
426 3084 462 3142 ab
480 3082 585 3163 oppido
606 3096 727 3159 praepos.
754 3095 814 3135 om.
835 3072 903 3155 Τις.
925 3071 1007 3134 Fabr.
1028 3070 1096 3130 Tur.
1116 3070 1293 3152 intellegitur
1311 3074 1378 3134 Seu.
1392 3096 1418 3133 1.
1443 3074 1543 3155 igilur.

152 3194 326 3276 Iugurtham
348 3190 501 3249 deteriores
520 3186 596 3245 libri.
619 3185 660 3243 ila
682 3178 746 3258 lug.
768 3180 909 3241 meliores.
937 3196 1016 3254 cuque
1032 3176 1101 3254 aliq.
1127 3197 1206 3255 aque
1224 3198 1284 3243 om.
1305 3178 1389 3237 Rem.
1411 3199 1437 3237 1.
1458 3178 1540 3239 Acad

152 3302 224 3363 alios
247 3300 309 3359 llas.
324 3319 348 3361 ι.
370 3294 473 3354 Franc.
495 3292 588 3351 lwstes
602 3288 771 3365 attigerant.
801 3284 894 3345 hostes
908 3303 967 3339 om.
981 3279 1065 3340 Fabr.
1082 3302 1138 3359 pro
1155 3283 1307 3342 turmatim
1326 3282 1388 3343 Bas.
1400 3304 1425 3347 ι.
1445 3293 1544 3343 cataas-

154 3408 239 3466 aatim
251 3404 350 3465 habat.
371 3398 482 3459 eminus
496 3392 587 3455 missis
608 3390 719 3453 Fabric.
739 3388 807 3469 Teg.
829 3396 856 3445 et
874 3386 900 3446 si
912 3406 967 3465 qaeu
983 3384 1043 3443 Bas.
1057 3407 1082 3444 1.
1098 3386 1308 3465 praeliarentur
1327 3387 1387 3447 Bas.
1400 3410 1425 3453 ι.
1445 3388 1542 3448 Sonat.

27 3490 28 3499 ,
157 3534 180 3577 ι,
201 3512 288 3573 dead.
307 3508 408 3569 Vinar.
421 3525 448 3563 2.
469 3500 566 3559 Gucll.
582 3518 626 3555 12.
648 3493 727 3553 Laid.
740 3494 759 3557 i.
774 3494 794 3550 l.
815 3490 936 3551 llam.3.
958 3489 1061 3550 itinere
1078 3492 1189 3551 morali
1208 3494 1287 3571 (siue
1306 3494 1449 3574 papae)
1469 3497 1542 3560 Vin·

159 3640 182 3676 ι.
200 3620 305 3678 Frena.
326 3613 408 3693 berg.
429 3606 625 3685 Gucll.7.12.
647 3597 726 3658 Laid.
739 3620 764 3656 c.
778 3618 817 3659 nr.
840 3596 928 3655 Palat.
944 3596 971 3654 5.
993 3616 1033 3654 m.
1045 3617 1089 3675 pr.
1114 3618 1140 3660 r.
1160 3616 1264 3661 m.sec.
1285 3596 1369 3658 Bcrn.
1384 3622 1409 3657 ι.
1430 3599 1544 3659 invadit

156 3723 320 3785 Lcidlam.
333 3740 362 3781 n.
385 3714 484 3781 Baal.
508 3709 604 3768 Turis.
626 3726 681 3787 pro
695 3704 773 3765 varia
790 3703 933 3774 lectione,
953 3699 1038 3757 Bam.
1058 3722 1082 3758 ι.
1110 3704 1190 3780 apud
1204 3703 1315 3782 primos
1334 3706 1437 3782 agebat
1450 3706 1544 3783 7210,

159 3828 235 3889 rimis
253 3832 317 3885 erat
337 3824 376 3880 ila
391 3818 522 3899 plerique
536 3811 631 3871 Codd.
660 3806 912 3888 opprimamur
939 3808 976 3864 ita
993 3803 1104 3863 Grnkr.
1127 3804 1239 3867 Fabric.
1259 3808 1327 3889 leg.
1348 3808 1415 3869 Tur.
1435 3809 1503 3869 Seu.
1518 3832 1543 3876 r.

157 3932 220 3994 lia.
234 3955 257 3992 1.
271 3926 368 3987 Guell.
385 3946 409 3983 ι.
424 3942 449 3985 2.
464 3920 492 3978 6.
512 3917 592 3975 Leid.
605 3914 741 3983 hocloco
752 3910 898 3973 verboru.
911 3910 977 3967 Sen.
991 3929 1017 3967 a.
1040 3908 1137 3971 lleuss.
1154 3912 1289 3990 plurimrs
1298 3914 1402 3991 agebat
1420 3913 1500 3973 leid.
1513 3915 1543 3998 b·

160 4038 186 4099 d.
198 4064 224 4123 g.
235 4060 261 4097 e.
274 4036 294 4095 l.
305 4034 332 4096 k.
342 4036 363 4091 l.
385 4026 501 4087 Grutcri
516 4026 576 4083 eius
592 4025 659 4081 loco
673 4038 706 4077 cx
723 4018 823 4097 paucis
838 4014 918 4073 libris
938 4014 1065 4072 instabat
1082 4018 1247 4098 legiiuai13
1269 4020 1308 4077 im
1325 4018 1384 4077 Er),
1403 4021 1505 4079 inem,
1515 4040 1543 4079 2,

159 4144 215 4205 Β...
227 4144 257 4214 A.
278 4136 410 4219 agitabat
436 4132 520 4191 llem.
534 4140 560 4187 α’.
582 4128 686 4207 Vinar.
700 4144 727 4183 2.
755 4122 840 4179 Paris.
853 4119 882 4179 d.
905 4120 988 4178 Bcrn.
1002 4118 1031 4177 3.
1058 4118 1097 4177 ad
1110 4120 1254 4184 Namara,
1274 4120 1385 4180 Fronto
1405 4122 1456 4180 Ex,
1473 4123 1545 4181 1310.

161 4263 215 4313 eat.
236 4271 258 4307 s.
269 4270 299 4308 r.
320 4245 405 4301 at.-.
416 4237 536 4298 oblitum
549 4239 696 4292 ostentans
715 4226 848 4285 Priscian.
866 4244 910 4282 ιο.
925 4244 953 4304 7.
972 4224 1039 4281 501.
1059 4224 1153 4284 acrius
1170 4224 1321 4285 intendere
1341 4228 1428 4287 Palat.
1442 4248 1468 4285 a.
1488 4246 1544 4307 pro

1116 4350 1137 4405 t=
