4050 5009
939 320 963 353 N

327 438 330 445 ,
382 352 437 443 64

361 548 462 612 ’ίίεεε
485 545 642 630 videtur,
662 549 705 609 de
726 546 898 611 Mamerco
923 544 983 614 cfr.
1015 546 1134 635 Sigon.
1162 551 1352 617 comment.
1377 551 1415 618 in
1442 558 1527 621 Fast.
1554 568 1588 623 et
1608 563 1789 654 Triumph.

336 664 338 673 '
381 675 417 738 p.
439 653 515 734 2785
535 653 694 717 Debross.
707 653 752 714 H.
770 656 811 715 R.
831 654 856 715 1.
870 675 904 737 p.
918 655 990 728 425.
1009 662 1045 717 et
1064 656 1141 721 Val.
1157 656 1333 723 Max.v11.
1353 682 1383 741 7.
1403 664 1443 739 63
1466 671 1631 731 etAscon.
1645 672 1787 742 Pedian.

382 764 514 824 Comm.
535 759 572 822 in
596 760 730 822 Corncl.
753 781 788 842 p.
819 761 889 833 ula.
919 761 1017 822 -18.·
1043 757 1237 845 Philippus
1264 761 1331 846 qui
1352 764 1475 846 oetati,
1495 770 1569 835 haec
1591 775 1697 837 verba
1714 800 1786 843 non

380 869 485 931 modo
500 869 543 928 ad
554 865 762 949 Philippum,
780 866 876 947 cnjus
896 864 1007 929 oratio
1026 872 1142 943 exstat,
1161 874 1328 953 spectant,
1340 873 1409 945 ‘sed
1427 873 1530 937 etiam
1550 896 1591 941 eo
1604 878 1678 964 ipso
1696 884 1786 970 loeo,

379 993 449 1056 quo
475 993 568 1035 nune
587 971 697 1055 positu
721 978 817 1054 sunt,
838 970 929 1033 dicta
946 990 1018 1033 esse
1040 970 1212 1035 videntur.
1254 975 1458 1041 Debrossius
1479 980 1665 1064 saepissime
1685 988 1723 1051 in
1743 1008 1785 1053 eo

372 1078 521 1162 erravit,
540 1079 635 1159 quod
666 1076 761 1139 idem
785 1076 1016 1161 fragmentum
1043 1079 1088 1140 ad
1111 1080 1181 1143 duo
1209 1078 1287 1141 loca
1310 1081 1541 1150 diversissima
1574 1090 1696 1176 traxit,
1727 1095 1784 1159 vel

378 1185 495 1249 alieno
509 1180 771 1257 locolaudavit3
793 1185 886 1245 hunc
905 1181 1047 1265 quidem
1069 1183 1108 1245 in
1128 1183 1264 1248 Sullani
1281 1183 1415 1253 funeris
1436 1191 1666 1277 descriptione
1691 1198 1784 1281 posi-

381 1298 454 1353 tum
477 1288 579 1351 luisse
598 1285 736 1364 statuit,
763 1294 802 1349 ut
824 1286 1066 1373 explicaretur,
1094 1308 1155 1353 eur
1171 1289 1353 1376 Philippus
1370 1295 1589 1376 potissimum
1610 1300 1783 1370 laudatio-

378 1416 456 1461 nem
473 1395 655 1458 funebrem
678 1392 850 1457 habuerit.
1822 1400 1829 1407 ’

460 1537 479 1552 -
495 1522 564 1583 19.·
586 1500 654 1565 Or.
673 1494 839 1584 Philippi
853 1496 893 1565 in
908 1502 987 1567 Seu.
1005 1504 1055 1568 ita
1069 1506 1178 1571 Vatic.
1195 1528 1223 1568 r.
1244 1505 1365 1571 Oratio
1385 1507 1424 1569 L.
1438 1505 1601 1594 Philippi.
1615 1512 1723 1577 Vatie.
1737 1516 1782 1580 11.

377 1608 425 1671 Dc
438 1608 602 1691 Philippo
620 1605 680 1670 cir.
695 1604 829 1671 Ernesti
848 1608 940 1671 Clau.
961 1610 1032 1675 Cic.
1050 1615 1083 1673 et
1098 1610 1259 1695 inprimis
1274 1613 1318 1674 de
1333 1612 1392 1674 Or.
1409 1616 1438 1674 3.
1457 1611 1580 1693 initio;
1597 1615 1724 1697 quihus
1740 1638 1781 1685 ex

377 1712 464 1777 locis
484 1712 712 1798 intelligitur,
734 1733 814 1777 eum
840 1712 1004 1792 juvenem
1033 1716 1175 1797 quidem
1192 1735 1213 1778 a
1230 1716 1354 1801 populi
1373 1718 1530 1801 partibus
1547 1721 1699 1801 stetisse,
1728 1724 1782 1808 ip·

381 1836 521 1899 samque
540 1816 709 1903 agrariam
726 1820 838 1905 legem
854 1819 992 1917 tulisse,
1013 1822 1073 1885 scd
1095 1827 1210 1883 tamen
1234 1820 1337 1886 facile
1357 1843 1433 1889 eam
1451 1826 1625 1908 antiquari
1643 1848 1781 1914 passum

378 1943 460 1989 esse.
481 1928 604 1987 Contra
632 1924 814 2017 ingciunae
839 1924 1078 1993 dominatione
1104 1945 1199 1989 arma
1230 1947 1351 2012 capere
1380 1929 1513 2007 noluit,
1534 1938 1568 1994 et
1588 1952 1653 2015 per
1673 1940 1788 2011 totam·

376 2030 482 2093 vitam
515 2030 693 2095 hominem
723 2052 803 2095 vere
833 2032 1037 2115 popularem
1075 2049 1111 2096 se
1137 2033 1295 2116 praebuit.
1337 2036 1504 2100 caeterum
1529 2035 1680 2121 optimus
1711 2058 1783 2104 suae

376 2137 483 2201 aetatis
501 2146 617 2201 orator
637 2145 714 2222 post
735 2141 773 2200 L.
787 2140 943 2225 Crassum
958 2138 1051 2215 etM.
1072 2138 1263 2202 Antonium
1280 2148 1330 2203 est
1347 2140 1499 2205 habitus.
1518 2144 1632 2225 Ipsam
1651 2141 1783 2206 oratio·

373 2264 453 2309 nem
478 2265 570 2309 anno
591 2252 668 2329 post
691 2264 762 2309 esse
784 2244 956 2329 habitam,
983 2264 1054 2326 quo
1080 2251 1235 2329 tempore
1259 2243 1411 2329 lepidus
1430 2256 1588 2331 reparato
1611 2248 1780 2327 exercitu,

374 2350 499 2415 iterum
524 2358 644 2413 eontra
672 2352 794 2415 urbem
814 2351 928 2434 duxit,
948 2370 1027 2411 eum
1051 2369 1092 2413 ex
1110 2350 1186 2429 ipsa
1207 2348 1385 2427 oratione,
1406 2360 1480 2414 tum
1499 2371 1540 2414 ex
1559 2352 1622 2435 iis,
1643 2374 1720 2435 quae
1736 2356 1780 2418 de

372 2456 475 2536 hujus
498 2454 583 2519 anni
603 2458 702 2519 rebus
722 2472 824 2536 supra
850 2452 1087 2536 exposuimus,
1117 2450 1338 2515 manifestum
1362 2461 1420 2517 est.
1441 2455 1557 2520 Genus
1575 2457 1717 2524 dicendi
1736 2458 1779 2521 ab
1901 2524 1914 2545 .

374 2562 471 2626 omni
483 2562 633 2626 oratorio
643 2559 721 2623 suco
733 2556 896 2635 alienum,
906 2566 939 2621 et
950 2555 1065 2620 minus
1073 2555 1214 2639 quidem
1222 2558 1382 2641 politum,
1393 2568 1496 2641 atque
1507 2566 1719 2630 ornamentis
1726 2566 1782 2631 lo·

377 2667 493 2750 cisque
507 2666 746 2732 communibus
754 2663 972 2749 distinctum,
983 2668 1044 2729 sed
1057 2662 1253 2749 incitatum,
1266 2661 1453 2751 fervidum,
1474 2686 1569 2753 acre,
1583 2687 1778 2751 nervosum3

372 2792 489 2837 sensus
506 2775 609 2839 habet
630 2780 731 2857 atque
746 2773 901 2857 dolores,
919 2792 1157 2856 summamque
1176 2770 1451 2858 contentionem,
1474 2772 1524 2836 ita
1539 2781 1579 2836 ut
1593 2773 1694 2856 quasi
1708 2783 1781 2839 tor-

371 2900 449 2945 rens
478 2880 617 2947 feratur.
646 2886 764 2967 Neque
786 2890 976 2947 accuratam
1001 2887 1282 2969 argumentorum
1313 2877 1579 2966 dispositionem
1602 2879 1781 2961 inveniam

372 2990 448 3053 Non
469 2989 563 3051 enim
581 2990 772 3053 rationibus
791 2997 894 3074 atque
916 2987 1127 3076 argumentis
1143 2986 1355 3053 adversarios
1375 2992 1568 3073 oppugnat,
1581 2989 1642 3051 sed
1663 2986 1812 3070 potius„

374 3111 494 3155 eorum
525 3090 749 3159 stoliditatem
777 3106 880 3181 atquc
905 3098 1100 3161 socordiam
1127 3095 1269 3168 irridet3
1301 3093 1442 3171 ejusque
1469 3091 1666 3171 objurgatio
1694 3092 1775 3171 plus

371 3195 567 3263 acerbitatis
588 3209 621 3264 et
650 3200 838 3271 iracundiae
863 3220 968 3278 quam
986 3192 1181 3255 festivitatis
1208 3190 1323 3249 habet.
1354 3192 1474 3266 Itaque
1500 3188 1619 3250 omnia
1635 3188 1675 3251 in
1700 3210 1780 3257 eum

370 3306 575 3373 sententiam
600 3309 703 3386 dicit,
724 3314 762 3363 ut
789 3310 823 3361 er
846 3293 971 3373 Lepidi
989 3288 1265 3370 perversitatem,
1286 3296 1321 3351 et
1342 3296 1556 3370 senatorum,
1577 3292 1639 3374 qui
1658 3315 1779 3379 pacem

367 3414 573 3491 suadebant,
594 3404 768 3491 ignaviam
794 3392 992 3481 gravissime
1010 3391 1151 3477 castiget
1170 3399 1273 3475 atque
1294 3392 1462 3481 objurget.
1490 3399 1779 3492 copsnltoribus-

280 3486 291 3509 .
368 3518 565 3579 auctoribus
583 3512 644 3573 cfr.
671 3510 780 3571 Varro
796 3504 848 3565 Dc
867 3500 918 3564 Re
935 3499 1033 3563 Rust.
1052 3502 1083 3561 3.
1104 3520 1139 3579 ²3
1161 3499 1292 3563 malum
1313 3500 1499 3566 consilium
1518 3507 1707 3572 consultori
1726 3516 1777 3575 est

368 3622 557 3702 pessimum
572 3618 651 3679 Tac.
665 3610 788 3677 Annal.
805 3610 835 3673 6.
857 3627 911 3685 ¹⁰3
931 3624 992 3671 sue
1011 3606 1167 3691 exempla
1187 3605 1226 3669 iu
1245 3608 1458 3673 consultores
1469 3610 1654 3691 recidunt,
1674 3621 1710 3678 et
1728 3614 1774 3678 ab
1861 3673 1872 3691 ,

371 3719 428 3783 his
440 3744 530 3801 quos
544 3732 606 3785 etc.
626 3724 698 3785 haec
716 3736 796 3781 vera
812 3714 931 3802 lectio,
945 3732 1051 3797 quam
1070 3721 1104 3777 et
1117 3712 1218 3778 Editt.
1233 3722 1372 3778 vetustae
1389 3723 1423 3778 et
1442 3717 1548 3787 Codd
1560 3717 1775 3783 confirmant.

370 3822 580 3887 Cortinsvel
604 3824 771 3888 hocloco
796 3842 902 3908 pravo
932 3820 1140 3886 emendandi
1162 3821 1277 3885 studio
1309 3822 1485 3907 abreptus,
1512 3822 1558 3888 ab
1586 3820 1643 3886 lis
1662 3826 1774 3909 delet,

368 3928 495 4015 quibus
511 3930 623 3994 verbis
641 3930 788 3995 maxima
805 3927 858 3993 vis
881 3926 1086 3993 continetur.
1114 3922 1201 3994 Nisi
1215 3920 1327 4015 sorte
1347 3924 1410 3992 cui
1418 3948 1548 4012 pacem
1567 3937 1749 4010 praestare
1756 3952 1773 4005 ,·

369 4040 413 4103 de
427 4036 596 4100 sententia
608 4036 668 4100 elr.
684 4035 794 4099 infra:
814 4033 890 4111 «illi
911 4054 931 4097 a
947 4033 1047 4097 vobis
1060 4053 1198 4117 pacem,
1217 4031 1316 4095 vobis
1330 4032 1374 4095 ab
1394 4033 1458 4098 illo
1473 4032 1605 4098 bellum
1618 4038 1775 4118 suadet,⁹

368 4164 547 4235 perperam
568 4145 790 4226 Havercamp.
822 4136 907 4204 lule
926 4139 981 4203 vel
1000 4134 1035 4203 ei
1050 4138 1120 4224 legi
1133 4137 1243 4217 jubet.
1273 4134 1339 4220 qui
1356 4137 1452 4202 lanc
1471 4137 1613 4222 urbem,
1635 4135 1772 4203 omissa

369 4271 460 4315 cura
470 4296 480 4335 ,
502 4252 621 4317 adhuc
632 4247 811 4347 regitis-
824 4248 920 4313 locus
932 4246 1026 4313 varie
1038 4252 1200 4323 tentatus,
1222 4242 1286 4308 alii
1297 4243 1407 4322 enim]
1428 4245 1519 4326 quod
1533 4242 1667 4310 omr'ssa
1682 4264 1774 4309 cura
