<?xml version="1.0" encoding="UTF-8"?>
<!DOCTYPE html PUBLIC "-//W3C//DTD XHTML 1.0 Transitional//EN"
    "http://www.w3.org/TR/xhtml1/DTD/xhtml1-transitional.dtd">
<html xmlns="http://www.w3.org/1999/xhtml" xml:lang="en" lang="en">
 <head>
  <title>
</title>
<meta http-equiv="Content-Type" content="text/html;charset=utf-8" />
  <meta name='ocr-system' content='tesseract 3.04.00' />
  <meta name='ocr-capabilities' content='ocr_page ocr_carea ocr_par ocr_line ocrx_word'/>
</head>
<body>
  <div class='ocr_page' id='page_1' title='image "./salustiiquaeexs00sallgoog_0546.png"; bbox 0 0 4050 5009; ppageno 0'>
   <div class='ocr_carea' id='block_1_1' title="bbox 199 332 595 456">
    <p class='ocr_par' dir='ltr' id='par_1_1' title="bbox 199 332 595 456">
     <span class='ocr_line' id='line_1_1' title="bbox 199 332 595 456; baseline -0.005 1"><span class='ocrx_word' id='word_1_1' title='bbox 199 332 595 456; x_wconf 40' lang='lat'>¹·58*</span> 
     </span>
    </p>
   </div>
   <div class='ocr_carea' id='block_1_2' title="bbox 338 553 1819 1048">
    <p class='ocr_par' dir='ltr' id='par_1_2' title="bbox 338 553 1819 1048">
     <span class='ocr_line' id='line_1_2' title="bbox 418 553 1819 668; baseline 0.001 -34"><span class='ocrx_word' id='word_1_2' title='bbox 418 559 575 636; x_wconf 84' lang='lat' dir='ltr'><strong>tiverit.”</strong></span> <span class='ocrx_word' id='word_1_3' title='bbox 608 563 658 637; x_wconf 79' lang='lat' dir='ltr'><strong>At</strong></span> <span class='ocrx_word' id='word_1_4' title='bbox 680 563 847 638; x_wconf 86' lang='lat' dir='ltr'>Catilina</span> <span class='ocrx_word' id='word_1_5' title='bbox 876 591 922 639; x_wconf 81' lang='lat' dir='ltr'><strong>ex</strong></span> <span class='ocrx_word' id='word_1_6' title='bbox 950 565 1086 638; x_wconf 92' lang='lat' dir='ltr'><strong>itinere</strong></span> <span class='ocrx_word' id='word_1_7' title='bbox 1107 564 1298 668; x_wconf 87' lang='lat' dir='ltr'><strong>plerisque</strong></span> <span class='ocrx_word' id='word_1_8' title='bbox 1324 563 1611 651; x_wconf 82' lang='lat' dir='ltr'><strong>consularibus,</strong></span> <span class='ocrx_word' id='word_1_9' title='bbox 1637 553 1819 666; x_wconf 78' lang='lat' dir='ltr'><strong>praeterea</strong></span> 
     </span>
     <span class='ocr_line' id='line_1_3' title="bbox 338 686 1816 798; baseline 0 -39"><span class='ocrx_word' id='word_1_10' title='bbox 338 791 342 798; x_wconf 91' lang='lat'><strong>.</strong></span> <span class='ocrx_word' id='word_1_11' title='bbox 415 699 574 786; x_wconf 89' lang='lat' dir='ltr'><strong>optumo</strong></span> <span class='ocrx_word' id='word_1_12' title='bbox 602 686 768 788; x_wconf 89' lang='lat' dir='ltr'><strong>cuique,</strong></span> <span class='ocrx_word' id='word_1_13' title='bbox 806 687 948 762; x_wconf 78' lang='lat' dir='ltr'>litteras</span> <span class='ocrx_word' id='word_1_14' title='bbox 969 687 1118 761; x_wconf 88' lang='lat' dir='ltr'><strong>mittit:</strong></span> <span class='ocrx_word' id='word_1_15' title='bbox 1153 745 1173 777; x_wconf 91' lang='lat'>„</span> <span class='ocrx_word' id='word_1_16' title='bbox 1192 690 1238 763; x_wconf 87' lang='lat' dir='ltr'><strong>Se</strong></span> <span class='ocrx_word' id='word_1_17' title='bbox 1266 688 1367 762; x_wconf 79' lang='lat' dir='ltr'><strong>falsis</strong></span> <span class='ocrx_word' id='word_1_18' title='bbox 1398 687 1622 784; x_wconf 85' lang='lat' dir='ltr'><strong>criminibus</strong></span> <span class='ocrx_word' id='word_1_19' title='bbox 1653 687 1816 761; x_wconf 90' lang='lat' dir='ltr'><strong>circum-</strong></span> 
     </span>
     <span class='ocr_line' id='line_1_4' title="bbox 413 806 1816 914; baseline -0.001 -33"><span class='ocrx_word' id='word_1_20' title='bbox 413 823 588 899; x_wconf 89' lang='lat' dir='ltr'><strong>ventum,</strong></span> <span class='ocrx_word' id='word_1_21' title='bbox 613 809 798 911; x_wconf 89' lang='lat' dir='ltr'><strong>quoniam</strong></span> <span class='ocrx_word' id='word_1_22' title='bbox 828 809 987 884; x_wconf 84' lang='lat' dir='ltr'><strong>factioni</strong></span> <span class='ocrx_word' id='word_1_23' title='bbox 1017 809 1262 884; x_wconf 91' lang='lat' dir='ltr'><strong>inimicorum</strong></span> <span class='ocrx_word' id='word_1_24' title='bbox 1287 811 1456 886; x_wconf 84' lang='lat' dir='ltr'><strong>resistere</strong></span> <span class='ocrx_word' id='word_1_25' title='bbox 1483 809 1713 914; x_wconf 84' lang='lat' dir='ltr'><strong>nequiverit,</strong></span> <span class='ocrx_word' id='word_1_26' title='bbox 1738 806 1816 881; x_wconf 85' lang='lat' dir='ltr'><strong>for-</strong></span> 
     </span>
     <span class='ocr_line' id='line_1_5' title="bbox 413 929 1813 1048; baseline 0.001 -46"><span class='ocrx_word' id='word_1_27' title='bbox 413 945 518 1006; x_wconf 88' lang='lat' dir='ltr'><strong>tunae</strong></span> <span class='ocrx_word' id='word_1_28' title='bbox 538 930 687 1022; x_wconf 82' lang='lat' dir='ltr'><strong>cedere,</strong></span> <span class='ocrx_word' id='word_1_29' title='bbox 709 931 916 1006; x_wconf 86' lang='lat' dir='ltr'><strong>Massiliam</strong></span> <span class='ocrx_word' id='word_1_30' title='bbox 937 933 980 1007; x_wconf 92' lang='lat' dir='ltr'><strong>in</strong></span> <span class='ocrx_word' id='word_1_31' title='bbox 997 933 1155 1007; x_wconf 85' lang='lat' dir='ltr'><strong>exilium</strong></span> <span class='ocrx_word' id='word_1_32' title='bbox 1178 933 1386 1038; x_wconf 85' lang='lat' dir='ltr'><strong>proficisci:</strong></span> <span class='ocrx_word' id='word_1_33' title='bbox 1413 961 1493 1048; x_wconf 82' lang='lat' dir='ltr'><strong>non</strong></span> <span class='ocrx_word' id='word_1_34' title='bbox 1514 961 1592 1037; x_wconf 90' lang='lat' dir='ltr'><strong>quo</strong></span> <span class='ocrx_word' id='word_1_35' title='bbox 1614 931 1686 1008; x_wconf 84' lang='lat' dir='ltr'><strong>sibi</strong></span> <span class='ocrx_word' id='word_1_36' title='bbox 1715 929 1813 1005; x_wconf 83' lang='lat' dir='ltr'><strong>tanti</strong></span> 
     </span>
    </p>
   </div>
   <div class='ocr_carea' id='block_1_3' title="bbox 360 1052 1813 2147">
    <p class='ocr_par' dir='ltr' id='par_1_3' title="bbox 396 1052 1813 1530">
     <span class='ocr_line' id='line_1_6' title="bbox 410 1052 1813 1161; baseline -0.002 -32"><span class='ocrx_word' id='word_1_37' title='bbox 410 1052 559 1129; x_wconf 81' lang='lat' dir='ltr'><strong>sceleris</strong></span> <span class='ocrx_word' id='word_1_38' title='bbox 588 1054 759 1130; x_wconf 88' lang='lat' dir='ltr'><strong>conscius</strong></span> <span class='ocrx_word' id='word_1_39' title='bbox 790 1072 900 1146; x_wconf 86' lang='lat' dir='ltr'><strong>esset,</strong></span> <span class='ocrx_word' id='word_1_40' title='bbox 930 1055 995 1132; x_wconf 83' lang='lat' dir='ltr'><strong>sed</strong></span> <span class='ocrx_word' id='word_1_41' title='bbox 1017 1057 1077 1132; x_wconf 93' lang='lat' dir='ltr'><strong>uti</strong></span> <span class='ocrx_word' id='word_1_42' title='bbox 1113 1057 1325 1160; x_wconf 80' lang='lat' dir='ltr'><strong>respublica</strong></span> <span class='ocrx_word' id='word_1_43' title='bbox 1350 1057 1479 1161; x_wconf 89' lang='lat' dir='ltr'><strong>quieta</strong></span> <span class='ocrx_word' id='word_1_44' title='bbox 1501 1056 1619 1146; x_wconf 82' lang='lat' dir='ltr'><strong>foret3</strong></span> <span class='ocrx_word' id='word_1_45' title='bbox 1653 1081 1747 1132; x_wconf 82' lang='lat' dir='ltr'><strong>neve</strong></span> <span class='ocrx_word' id='word_1_46' title='bbox 1766 1080 1813 1128; x_wconf 82' lang='lat' dir='ltr'><strong>ex</strong></span> 
     </span>
     <span class='ocr_line' id='line_1_7' title="bbox 409 1176 1812 1285; baseline -0.002 -33"><span class='ocrx_word' id='word_1_47' title='bbox 409 1201 477 1252; x_wconf 88' lang='lat' dir='ltr'><strong>sua</strong></span> <span class='ocrx_word' id='word_1_48' title='bbox 499 1178 743 1254; x_wconf 70' lang='lat' dir='ltr'><strong>contemtlone</strong></span> <span class='ocrx_word' id='word_1_49' title='bbox 756 1179 889 1254; x_wconf 86' lang='lat' dir='ltr'><strong>seditio</strong></span> <span class='ocrx_word' id='word_1_50' title='bbox 912 1180 1109 1254; x_wconf 86' lang='lat' dir='ltr'><strong>oriretur.”</strong></span> <span class='ocrx_word' id='word_1_51' title='bbox 1141 1181 1199 1255; x_wconf 83' lang='lat' dir='ltr'><strong>Ab</strong></span> <span class='ocrx_word' id='word_1_52' title='bbox 1215 1181 1275 1256; x_wconf 88' lang='lat' dir='ltr'><strong>his</strong></span> <span class='ocrx_word' id='word_1_53' title='bbox 1293 1181 1405 1285; x_wconf 77' lang='lat' dir='ltr'><strong>longe</strong></span> <span class='ocrx_word' id='word_1_54' title='bbox 1425 1179 1588 1255; x_wconf 80' lang='lat' dir='ltr'><strong>divorsas</strong></span> <span class='ocrx_word' id='word_1_55' title='bbox 1606 1179 1734 1253; x_wconf 81' lang='lat' dir='ltr'><strong>literas</strong></span> <span class='ocrx_word' id='word_1_56' title='bbox 1763 1176 1812 1273; x_wconf 92' lang='lat' dir='ltr'>Q</span> 
     </span>
     <span class='ocr_line' id='line_1_8' title="bbox 396 1299 1810 1408; baseline 0 -32"><span class='ocrx_word' id='word_1_57' title='bbox 396 1302 568 1392; x_wconf 53' lang='lat' dir='ltr'><strong>,Catulus</strong></span> <span class='ocrx_word' id='word_1_58' title='bbox 590 1301 632 1377; x_wconf 94' lang='lat' dir='ltr'><strong>in</strong></span> <span class='ocrx_word' id='word_1_59' title='bbox 659 1303 802 1378; x_wconf 87' lang='lat' dir='ltr'><strong>Senatu</strong></span> <span class='ocrx_word' id='word_1_60' title='bbox 836 1303 1028 1394; x_wconf 87' lang='lat' dir='ltr'><strong>recitavit,</strong></span> <span class='ocrx_word' id='word_1_61' title='bbox 1052 1329 1146 1408; x_wconf 88' lang='lat' dir='ltr'><strong>quas</strong></span> <span class='ocrx_word' id='word_1_62' title='bbox 1167 1305 1239 1379; x_wconf 85' lang='lat' dir='ltr'><strong>sibi</strong></span> <span class='ocrx_word' id='word_1_63' title='bbox 1259 1304 1415 1379; x_wconf 90' lang='lat' dir='ltr'><strong>nomine</strong></span> <span class='ocrx_word' id='word_1_64' title='bbox 1436 1302 1609 1378; x_wconf 81' lang='lat' dir='ltr'><strong>Catilinae</strong></span> <span class='ocrx_word' id='word_1_65' title='bbox 1643 1299 1810 1376; x_wconf 80' lang='lat' dir='ltr'><strong>redditas</strong></span> 
     </span>
     <span class='ocr_line' id='line_1_9' title="bbox 408 1424 1519 1530; baseline -0.001 -30"><span class='ocrx_word' id='word_1_66' title='bbox 408 1424 581 1518; x_wconf 82' lang='lat' dir='ltr'><strong>dicebat3</strong></span> <span class='ocrx_word' id='word_1_67' title='bbox 605 1451 738 1500; x_wconf 89' lang='lat' dir='ltr'><strong>earum</strong></span> <span class='ocrx_word' id='word_1_68' title='bbox 750 1426 971 1529; x_wconf 85' lang='lat' dir='ltr'><strong>exemplum</strong></span> <span class='ocrx_word' id='word_1_69' title='bbox 989 1425 1089 1500; x_wconf 78' lang='lat' dir='ltr'><strong>infra</strong></span> <span class='ocrx_word' id='word_1_70' title='bbox 1111 1427 1296 1530; x_wconf 90' lang='lat' dir='ltr'><strong>scriptum</strong></span> <span class='ocrx_word' id='word_1_71' title='bbox 1314 1444 1376 1502; x_wconf 87' lang='lat' dir='ltr'><strong>est.</strong></span> <span class='ocrx_word' id='word_1_72' title='bbox 1516 1431 1519 1434; x_wconf 77' lang='grc'>’</span> 
     </span>
    </p>

    <p class='ocr_par' dir='ltr' id='par_1_4' title="bbox 360 1545 1808 2147">
     <span class='ocr_line' id='line_1_10' title="bbox 360 1545 1806 1654; baseline -0.002 -33"><span class='ocrx_word' id='word_1_73' title='bbox 360 1549 397 1612; x_wconf 77' lang='lat'><strong>35</strong></span> <span class='ocrx_word' id='word_1_74' title='bbox 487 1551 552 1637; x_wconf 88' lang='lat' dir='ltr'><strong>„L.</strong></span> <span class='ocrx_word' id='word_1_75' title='bbox 569 1547 734 1623; x_wconf 85' lang='lat' dir='ltr'><strong>Catilina</strong></span> <span class='ocrx_word' id='word_1_76' title='bbox 757 1548 802 1643; x_wconf 92' lang='lat' dir='ltr'><strong>Q.</strong></span> <span class='ocrx_word' id='word_1_77' title='bbox 823 1549 966 1623; x_wconf 90' lang='lat' dir='ltr'><strong>Catulo.</strong></span> <span class='ocrx_word' id='word_1_78' title='bbox 988 1550 1145 1654; x_wconf 80' lang='lat' dir='ltr'><strong>Egregia</strong></span> <span class='ocrx_word' id='word_1_79' title='bbox 1169 1567 1233 1623; x_wconf 92' lang='lat' dir='ltr'><strong>tua</strong></span> <span class='ocrx_word' id='word_1_80' title='bbox 1252 1550 1341 1625; x_wconf 84' lang='lat' dir='ltr'><strong>fides</strong></span> <span class='ocrx_word' id='word_1_81' title='bbox 1364 1577 1404 1624; x_wconf 90' lang='lat' dir='ltr'><strong>re</strong></span> <span class='ocrx_word' id='word_1_82' title='bbox 1425 1547 1588 1651; x_wconf 81' lang='lat' dir='ltr'><strong>cognita,</strong></span> <span class='ocrx_word' id='word_1_83' title='bbox 1606 1563 1711 1650; x_wconf 77' lang='lat' dir='ltr'><strong>grata</strong></span> <span class='ocrx_word' id='word_1_84' title='bbox 1733 1545 1806 1618; x_wconf 90' lang='lat' dir='ltr'><strong>mi-</strong></span> 
     </span>
     <span class='ocr_line' id='line_1_11' title="bbox 406 1669 1808 1776; baseline -0.003 -30"><span class='ocrx_word' id='word_1_85' title='bbox 406 1671 474 1764; x_wconf 89' lang='lat' dir='ltr'><strong>hi,</strong></span> <span class='ocrx_word' id='word_1_86' title='bbox 498 1671 643 1776; x_wconf 80' lang='lat' dir='ltr'><strong>magnis</strong></span> <span class='ocrx_word' id='word_1_87' title='bbox 666 1672 706 1744; x_wconf 91' lang='lat' dir='ltr'><strong>in</strong></span> <span class='ocrx_word' id='word_1_88' title='bbox 737 1672 828 1746; x_wconf 91' lang='lat' dir='ltr'><strong>meis</strong></span> <span class='ocrx_word' id='word_1_89' title='bbox 861 1673 1041 1776; x_wconf 87' lang='lat' dir='ltr'><strong>periculis</strong></span> <span class='ocrx_word' id='word_1_90' title='bbox 1064 1673 1244 1748; x_wconf 86' lang='lat' dir='ltr'><strong>fiduciam</strong></span> <span class='ocrx_word' id='word_1_91' title='bbox 1266 1671 1587 1748; x_wconf 89' lang='lat' dir='ltr'><strong>commendationi</strong></span> <span class='ocrx_word' id='word_1_92' title='bbox 1616 1695 1708 1744; x_wconf 86' lang='lat' dir='ltr'><strong>meae</strong></span> <span class='ocrx_word' id='word_1_93' title='bbox 1739 1669 1808 1742; x_wconf 88' lang='lat' dir='ltr'><strong>tri-</strong></span> 
     </span>
     <span class='ocr_line' id='line_1_12' title="bbox 405 1793 1807 1896; baseline -0.002 -27"><span class='ocrx_word' id='word_1_94' title='bbox 405 1795 500 1871; x_wconf 86' lang='lat' dir='ltr'><strong>buit.</strong></span> <span class='ocrx_word' id='word_1_95' title='bbox 533 1795 794 1891; x_wconf 82' lang='lat' dir='ltr'><strong>Quamobrem</strong></span> <span class='ocrx_word' id='word_1_96' title='bbox 813 1795 1071 1872; x_wconf 79' lang='lat' dir='ltr'><strong>defensionem</strong></span> <span class='ocrx_word' id='word_1_97' title='bbox 1092 1797 1133 1872; x_wconf 88' lang='lat' dir='ltr'><strong>in</strong></span> <span class='ocrx_word' id='word_1_98' title='bbox 1156 1824 1256 1872; x_wconf 86' lang='lat' dir='ltr'><strong>novo</strong></span> <span class='ocrx_word' id='word_1_99' title='bbox 1274 1797 1432 1872; x_wconf 90' lang='lat' dir='ltr'><strong>consilio</strong></span> <span class='ocrx_word' id='word_1_100' title='bbox 1449 1822 1530 1869; x_wconf 92' lang='lat' dir='ltr'><strong>non</strong></span> <span class='ocrx_word' id='word_1_101' title='bbox 1550 1793 1667 1868; x_wconf 82' lang='lat' dir='ltr'><strong>statui</strong></span> <span class='ocrx_word' id='word_1_102' title='bbox 1693 1819 1807 1896; x_wconf 87' lang='lat' dir='ltr'><strong>para-</strong></span> 
     </span>
     <span class='ocr_line' id='line_1_13' title="bbox 405 1915 1806 2022; baseline -0.004 -28"><span class='ocrx_word' id='word_1_103' title='bbox 405 1943 465 1994; x_wconf 88' lang='lat' dir='ltr'><strong>re:</strong></span> <span class='ocrx_word' id='word_1_104' title='bbox 490 1917 783 1994; x_wconf 77' lang='lat' dir='ltr'><strong>satisfactionem</strong></span> <span class='ocrx_word' id='word_1_105' title='bbox 800 1945 845 1992; x_wconf 81' lang='lat' dir='ltr'><strong>ex</strong></span> <span class='ocrx_word' id='word_1_106' title='bbox 866 1919 974 1994; x_wconf 84' lang='lat' dir='ltr'><strong>nulla</strong></span> <span class='ocrx_word' id='word_1_107' title='bbox 1001 1921 1230 1996; x_wconf 90' lang='lat' dir='ltr'><strong>conscicntia</strong></span> <span class='ocrx_word' id='word_1_108' title='bbox 1250 1920 1298 1994; x_wconf 91' lang='lat' dir='ltr'><strong>de</strong></span> <span class='ocrx_word' id='word_1_109' title='bbox 1316 1919 1429 2022; x_wconf 89' lang='lat' dir='ltr'><strong>culpa</strong></span> <span class='ocrx_word' id='word_1_110' title='bbox 1448 1941 1661 2021; x_wconf 87' lang='lat' dir='ltr'><strong>proponere</strong></span> <span class='ocrx_word' id='word_1_111' title='bbox 1675 1915 1806 1989; x_wconf 85' lang='lat' dir='ltr'><strong>decre·</strong></span> 
     </span>
     <span class='ocr_line' id='line_1_14' title="bbox 402 2039 1804 2147; baseline -0.005 -29"><span class='ocrx_word' id='word_1_112' title='bbox 402 2043 459 2118; x_wconf 83' lang='lat' dir='ltr'><strong>vi:</strong></span> <span class='ocrx_word' id='word_1_113' title='bbox 485 2069 618 2146; x_wconf 88' lang='lat' dir='ltr'><strong>quam,</strong></span> <span class='ocrx_word' id='word_1_114' title='bbox 638 2068 699 2117; x_wconf 89' lang='lat' dir='ltr'><strong>me</strong></span> <span class='ocrx_word' id='word_1_115' title='bbox 716 2041 813 2118; x_wconf 90' lang='lat' dir='ltr'><strong>Dius</strong></span> <span class='ocrx_word' id='word_1_116' title='bbox 832 2039 963 2133; x_wconf 85' lang='lat' dir='ltr'><strong>fidius,</strong></span> <span class='ocrx_word' id='word_1_117' title='bbox 988 2069 1116 2119; x_wconf 86' lang='lat' dir='ltr'><strong>veram</strong></span> <span class='ocrx_word' id='word_1_118' title='bbox 1141 2043 1231 2118; x_wconf 89' lang='lat' dir='ltr'><strong>licet</strong></span> <span class='ocrx_word' id='word_1_119' title='bbox 1247 2067 1455 2147; x_wconf 79' lang='lat' dir='ltr'><strong>cognoscas.</strong></span> <span class='ocrx_word' id='word_1_120' title='bbox 1494 2039 1648 2114; x_wconf 84' lang='lat' dir='ltr'><strong>Iniuriis</strong></span> <span class='ocrx_word' id='word_1_121' title='bbox 1666 2056 1804 2113; x_wconf 92' lang='lat' dir='ltr'><strong>contu-</strong></span> 
     </span>
    </p>
   </div>
   <div class='ocr_carea' id='block_1_4' title="bbox 396 2265 1803 2768">
    <p class='ocr_par' dir='ltr' id='par_1_5' title="bbox 396 2265 1803 2768">
     <span class='ocr_line' id='line_1_15' title="bbox 400 2265 1802 2352; baseline -0.008 -19"><span class='ocrx_word' id='word_1_122' title='bbox 400 2291 491 2352; x_wconf 77' lang='lat' dir='ltr'><strong>remp.</strong></span> <span class='ocrx_word' id='word_1_123' title='bbox 512 2271 582 2330; x_wconf 83' lang='lat' dir='ltr'><strong>Tur.</strong></span> <span class='ocrx_word' id='word_1_124' title='bbox 598 2291 624 2330; x_wconf 77' lang='grc' dir='ltr'><strong>ι.</strong></span> <span class='ocrx_word' id='word_1_125' title='bbox 645 2291 708 2330; x_wconf 83' lang='grc' dir='ltr'><strong>ηοιι</strong></span> <span class='ocrx_word' id='word_1_126' title='bbox 719 2271 797 2349; x_wconf 83' lang='lat' dir='ltr'><strong>quod</strong></span> <span class='ocrx_word' id='word_1_127' title='bbox 811 2270 873 2328; x_wconf 84' lang='lat' dir='ltr'><strong>sibi.</strong></span> <span class='ocrx_word' id='word_1_128' title='bbox 896 2269 992 2328; x_wconf 87' lang='lat' dir='ltr'><strong>Guels.</strong></span> <span class='ocrx_word' id='word_1_129' title='bbox 1006 2293 1034 2351; x_wconf 90' lang='lat'><strong>7.</strong></span> <span class='ocrx_word' id='word_1_130' title='bbox 1046 2293 1075 2349; x_wconf 98' lang='grc'><strong>9.</strong></span> <span class='ocrx_word' id='word_1_131' title='bbox 1096 2269 1208 2332; x_wconf 85' lang='lat' dir='ltr'><strong>Fabric.</strong></span> <span class='ocrx_word' id='word_1_132' title='bbox 1221 2289 1246 2327; x_wconf 82' lang='lat'><strong>2.</strong></span> <span class='ocrx_word' id='word_1_133' title='bbox 1267 2268 1348 2326; x_wconf 88' lang='lat' dir='ltr'><strong>Leid.</strong></span> <span class='ocrx_word' id='word_1_134' title='bbox 1359 2267 1389 2332; x_wconf 88' lang='grc' dir='ltr'><strong>Ιι,</strong></span> <span class='ocrx_word' id='word_1_135' title='bbox 1410 2278 1487 2331; x_wconf 80' lang='lat' dir='ltr'><strong>essct.</strong></span> <span class='ocrx_word' id='word_1_136' title='bbox 1503 2268 1600 2325; x_wconf 81' lang='lat' dir='ltr'><strong>omiss.</strong></span> <span class='ocrx_word' id='word_1_137' title='bbox 1621 2265 1702 2324; x_wconf 87' lang='lat' dir='ltr'><strong>Cort.</strong></span> <span class='ocrx_word' id='word_1_138' title='bbox 1722 2265 1802 2323; x_wconf 85' lang='lat' dir='ltr'><strong>Edit.</strong></span> 
     </span>
     <span class='ocr_line' id='line_1_16' title="bbox 399 2351 1803 2458; baseline -0.007 -22"><span class='ocrx_word' id='word_1_139' title='bbox 399 2377 484 2438; x_wconf 84' lang='lat' dir='ltr'><strong>Paris.</strong></span> <span class='ocrx_word' id='word_1_140' title='bbox 506 2377 565 2436; x_wconf 88' lang='lat' dir='ltr'><strong>Erl.</strong></span> <span class='ocrx_word' id='word_1_141' title='bbox 587 2375 655 2458; x_wconf 84' lang='lat' dir='ltr'><strong>Teg.</strong></span> <span class='ocrx_word' id='word_1_142' title='bbox 676 2372 860 2435; x_wconf 66' lang='lat' dir='ltr'><strong>comnenae</strong></span> <span class='ocrx_word' id='word_1_143' title='bbox 883 2373 944 2432; x_wconf 81' lang='lat' dir='ltr'><strong>Bas.</strong></span> <span class='ocrx_word' id='word_1_144' title='bbox 959 2396 981 2432; x_wconf 90' lang='lat'><strong>1.</strong></span> <span class='ocrx_word' id='word_1_145' title='bbox 995 2395 1021 2432; x_wconf 88' lang='lat'><strong>2.</strong></span> <span class='ocrx_word' id='word_1_146' title='bbox 1034 2380 1060 2436; x_wconf 78' lang='lat'><strong>3.</strong></span> <span class='ocrx_word' id='word_1_147' title='bbox 1082 2371 1272 2434; x_wconf 81' lang='lat' dir='ltr'><strong>omnesLeid.</strong></span> <span class='ocrx_word' id='word_1_148' title='bbox 1292 2371 1361 2431; x_wconf 84' lang='lat' dir='ltr'><strong>Tur.</strong></span> <span class='ocrx_word' id='word_1_149' title='bbox 1378 2394 1402 2431; x_wconf 91' lang='grc' dir='ltr'><strong>ι.</strong></span> <span class='ocrx_word' id='word_1_150' title='bbox 1424 2351 1548 2431; x_wconf 76' lang='lat' dir='ltr'><strong>Bermt.</strong></span> <span class='ocrx_word' id='word_1_151' title='bbox 1564 2392 1591 2431; x_wconf 79' lang='lat' dir='ltr'><strong>a.</strong></span> <span class='ocrx_word' id='word_1_152' title='bbox 1607 2375 1635 2433; x_wconf 83' lang='lat'><strong>3.</strong></span> <span class='ocrx_word' id='word_1_153' title='bbox 1648 2369 1728 2429; x_wconf 87' lang='lat' dir='ltr'><strong>haud</strong></span> <span class='ocrx_word' id='word_1_154' title='bbox 1740 2369 1803 2427; x_wconf 88' lang='lat' dir='ltr'><strong>du-</strong></span> 
     </span>
     <span class='ocr_line' id='line_1_17' title="bbox 397 2471 1802 2558; baseline -0.004 -20"><span class='ocrx_word' id='word_1_155' title='bbox 397 2480 446 2540; x_wconf 84' lang='lat' dir='ltr'><strong>bie</strong></span> <span class='ocrx_word' id='word_1_156' title='bbox 467 2491 497 2540; x_wconf 84' lang='lat' dir='ltr'><strong>et</strong></span> <span class='ocrx_word' id='word_1_157' title='bbox 509 2481 568 2550; x_wconf 78' lang='lat' dir='ltr'><strong>Pol.</strong></span> <span class='ocrx_word' id='word_1_158' title='bbox 596 2491 664 2540; x_wconf 78' lang='lat' dir='ltr'><strong>esset</strong></span> <span class='ocrx_word' id='word_1_159' title='bbox 677 2499 774 2539; x_wconf 82' lang='lat' dir='ltr'><strong>conse.</strong></span> <span class='ocrx_word' id='word_1_160' title='bbox 795 2479 857 2537; x_wconf 87' lang='lat' dir='ltr'><strong>Bas.</strong></span> <span class='ocrx_word' id='word_1_161' title='bbox 873 2479 901 2548; x_wconf 92' lang='grc'><strong>4.</strong></span> <span class='ocrx_word' id='word_1_162' title='bbox 916 2479 985 2537; x_wconf 79' lang='lat' dir='ltr'><strong>Tur.</strong></span> <span class='ocrx_word' id='word_1_163' title='bbox 1000 2499 1026 2538; x_wconf 83' lang='lat'><strong>2.</strong></span> <span class='ocrx_word' id='word_1_164' title='bbox 1057 2481 1115 2538; x_wconf 80' lang='lat' dir='ltr'><strong>div.</strong></span> <span class='ocrx_word' id='word_1_165' title='bbox 1130 2479 1259 2558; x_wconf 75' lang='lat' dir='ltr'><strong>litteras:</strong></span> <span class='ocrx_word' id='word_1_166' title='bbox 1281 2477 1335 2535; x_wconf 84' lang='lat' dir='ltr'><strong>litt.</strong></span> <span class='ocrx_word' id='word_1_167' title='bbox 1352 2481 1431 2538; x_wconf 76' lang='lat' dir='ltr'><strong>abest</strong></span> <span class='ocrx_word' id='word_1_168' title='bbox 1449 2477 1529 2536; x_wconf 86' lang='lat' dir='ltr'><strong>Leid.</strong></span> <span class='ocrx_word' id='word_1_169' title='bbox 1542 2476 1569 2534; x_wconf 86' lang='lat' dir='ltr'><strong>k.</strong></span> <span class='ocrx_word' id='word_1_170' title='bbox 1604 2475 1640 2554; x_wconf 91' lang='lat' dir='ltr'><strong>Q.</strong></span> <span class='ocrx_word' id='word_1_171' title='bbox 1655 2471 1802 2533; x_wconf 77' lang='lat' dir='ltr'><strong>Catullus.</strong></span> 
     </span>
     <span class='ocr_line' id='line_1_18' title="bbox 398 2579 1800 2661; baseline -0.004 -19"><span class='ocrx_word' id='word_1_172' title='bbox 398 2583 495 2644; x_wconf 78' lang='lat' dir='ltr'><strong>Guels.</strong></span> <span class='ocrx_word' id='word_1_173' title='bbox 512 2604 536 2643; x_wconf 84' lang='lat'><strong>1.</strong></span> <span class='ocrx_word' id='word_1_174' title='bbox 561 2585 598 2661; x_wconf 86' lang='lat' dir='ltr'><strong>Q.</strong></span> <span class='ocrx_word' id='word_1_175' title='bbox 618 2581 754 2643; x_wconf 81' lang='lat' dir='ltr'><strong>Catellus.</strong></span> <span class='ocrx_word' id='word_1_176' title='bbox 776 2584 875 2642; x_wconf 81' lang='lat' dir='ltr'><strong>Vinar.</strong></span> <span class='ocrx_word' id='word_1_177' title='bbox 893 2604 917 2641; x_wconf 89' lang='grc' dir='ltr'><strong>ι.</strong></span> <span class='ocrx_word' id='word_1_178' title='bbox 940 2583 1127 2642; x_wconf 77' lang='lat' dir='ltr'><strong>incenatum.</strong></span> <span class='ocrx_word' id='word_1_179' title='bbox 1156 2582 1218 2640; x_wconf 82' lang='lat' dir='ltr'><strong>Bas.</strong></span> <span class='ocrx_word' id='word_1_180' title='bbox 1237 2604 1262 2640; x_wconf 89' lang='lat'><strong>1.</strong></span> <span class='ocrx_word' id='word_1_181' title='bbox 1282 2583 1362 2646; x_wconf 85' lang='lat' dir='ltr'><strong>Leid.</strong></span> <span class='ocrx_word' id='word_1_182' title='bbox 1376 2603 1406 2640; x_wconf 90' lang='grc' dir='ltr'><strong>ιι.</strong></span> <span class='ocrx_word' id='word_1_183' title='bbox 1433 2579 1669 2660; x_wconf 71' lang='lat' dir='ltr'><strong>qaum-dicebat.</strong></span> <span class='ocrx_word' id='word_1_184' title='bbox 1698 2580 1800 2638; x_wconf 83' lang='lat' dir='ltr'><strong>omisit</strong></span> 
     </span>
     <span class='ocr_line' id='line_1_19' title="bbox 396 2683 1799 2768; baseline -0.004 -20"><span class='ocrx_word' id='word_1_185' title='bbox 396 2687 483 2748; x_wconf 82' lang='lat' dir='ltr'><strong>Fabr.</strong></span> <span class='ocrx_word' id='word_1_186' title='bbox 497 2709 523 2746; x_wconf 77' lang='grc' dir='ltr'><strong>ι.</strong></span> <span class='ocrx_word' id='word_1_187' title='bbox 545 2689 596 2748; x_wconf 85' lang='lat' dir='ltr'><strong>sub</strong></span> <span class='ocrx_word' id='word_1_188' title='bbox 618 2689 745 2748; x_wconf 74' lang='lat' dir='ltr'><strong>nantino.</strong></span> <span class='ocrx_word' id='word_1_189' title='bbox 767 2687 862 2746; x_wconf 89' lang='lat' dir='ltr'><strong>Guels.</strong></span> <span class='ocrx_word' id='word_1_190' title='bbox 877 2691 903 2749; x_wconf 73' lang='grc' dir='ltr'><strong>ὅ.</strong></span> <span class='ocrx_word' id='word_1_191' title='bbox 917 2689 984 2768; x_wconf 83' lang='grc'><strong>7.8.</strong></span> <span class='ocrx_word' id='word_1_192' title='bbox 1016 2687 1189 2766; x_wconf 70' lang='lat' dir='ltr'><strong>seriptest:</strong></span> <span class='ocrx_word' id='word_1_193' title='bbox 1209 2697 1248 2746; x_wconf 82' lang='lat' dir='ltr'><strong>cst</strong></span> <span class='ocrx_word' id='word_1_194' title='bbox 1268 2697 1362 2744; x_wconf 86' lang='lat' dir='ltr'><strong>mutat</strong></span> <span class='ocrx_word' id='word_1_195' title='bbox 1379 2690 1477 2748; x_wconf 87' lang='lat' dir='ltr'><strong>locum</strong></span> <span class='ocrx_word' id='word_1_196' title='bbox 1492 2688 1525 2744; x_wconf 90' lang='lat' dir='ltr'><strong>iu</strong></span> <span class='ocrx_word' id='word_1_197' title='bbox 1539 2683 1635 2748; x_wconf 81' lang='lat' dir='ltr'><strong>Guels.</strong></span> <span class='ocrx_word' id='word_1_198' title='bbox 1648 2685 1676 2743; x_wconf 94' lang='grc'><strong>6.</strong></span> <span class='ocrx_word' id='word_1_199' title='bbox 1698 2683 1799 2743; x_wconf 80' lang='lat' dir='ltr'><strong>delent</strong></span> 
     </span>
    </p>
   </div>
   <div class='ocr_carea' id='block_1_5' title="bbox 395 2791 861 2874">
    <p class='ocr_par' dir='ltr' id='par_1_6' title="bbox 395 2791 861 2874">
     <span class='ocr_line' id='line_1_20' title="bbox 395 2791 861 2874; baseline -0.006 -22"><span class='ocrx_word' id='word_1_200' title='bbox 395 2791 455 2852; x_wconf 81' lang='lat' dir='ltr'><strong>Erl.</strong></span> <span class='ocrx_word' id='word_1_201' title='bbox 477 2791 545 2874; x_wconf 65' lang='grc' dir='ltr'><strong>Τις.</strong></span> <span class='ocrx_word' id='word_1_202' title='bbox 563 2793 639 2851; x_wconf 86' lang='lat' dir='ltr'><strong>Edit.</strong></span> <span class='ocrx_word' id='word_1_203' title='bbox 653 2793 738 2852; x_wconf 84' lang='lat' dir='ltr'><strong>Paris.</strong></span> <span class='ocrx_word' id='word_1_204' title='bbox 759 2791 820 2850; x_wconf 83' lang='lat' dir='ltr'><strong>llas.</strong></span> <span class='ocrx_word' id='word_1_205' title='bbox 833 2813 861 2851; x_wconf 82' lang='lat'><strong>2.</strong></span> 
     </span>
    </p>
   </div>
   <div class='ocr_carea' id='block_1_6' title="bbox 383 2917 1795 4248">
    <p class='ocr_par' dir='ltr' id='par_1_7' title="bbox 383 2917 1795 4248">
     <span class='ocr_line' id='line_1_21' title="bbox 478 2917 1794 3001; baseline -0.003 -19"><span class='ocrx_word' id='word_1_206' title='bbox 478 2919 553 3001; x_wconf 83' lang='lat' dir='ltr'><strong>Cap.</strong></span> <span class='ocrx_word' id='word_1_207' title='bbox 567 2922 616 2982; x_wconf 77' lang='lat'><strong>35.</strong></span> <span class='ocrx_word' id='word_1_208' title='bbox 636 2919 667 2980; x_wconf 87' lang='lat' dir='ltr'><strong>S.</strong></span> <span class='ocrx_word' id='word_1_209' title='bbox 679 2920 758 2980; x_wconf 78' lang='lat' dir='ltr'><strong>abeat</strong></span> <span class='ocrx_word' id='word_1_210' title='bbox 769 2920 805 2978; x_wconf 90' lang='lat' dir='ltr'><strong>ab</strong></span> <span class='ocrx_word' id='word_1_211' title='bbox 823 2920 935 2979; x_wconf 89' lang='lat' dir='ltr'><strong>omnib.</strong></span> <span class='ocrx_word' id='word_1_212' title='bbox 957 2920 1037 2982; x_wconf 83' lang='lat' dir='ltr'><strong>Leid.</strong></span> <span class='ocrx_word' id='word_1_213' title='bbox 1057 2920 1124 2978; x_wconf 85' lang='lat' dir='ltr'><strong>Seu.</strong></span> <span class='ocrx_word' id='word_1_214' title='bbox 1141 2939 1166 2976; x_wconf 87' lang='lat'><strong>1.</strong></span> <span class='ocrx_word' id='word_1_215' title='bbox 1187 2917 1249 2976; x_wconf 83' lang='lat' dir='ltr'><strong>Bas.</strong></span> <span class='ocrx_word' id='word_1_216' title='bbox 1262 2940 1287 2982; x_wconf 89' lang='grc' dir='ltr'><strong>ι.</strong></span> <span class='ocrx_word' id='word_1_217' title='bbox 1314 2920 1373 2978; x_wconf 91' lang='lat' dir='ltr'><strong>inc.</strong></span> <span class='ocrx_word' id='word_1_218' title='bbox 1387 2939 1414 2978; x_wconf 74' lang='grc' dir='ltr'><strong>ι.</strong></span> <span class='ocrx_word' id='word_1_219' title='bbox 1442 2918 1538 2977; x_wconf 84' lang='lat' dir='ltr'><strong>Gnelf.</strong></span> <span class='ocrx_word' id='word_1_220' title='bbox 1551 2920 1618 2988; x_wconf 73' lang='grc'><strong>43.</strong></span> <span class='ocrx_word' id='word_1_221' title='bbox 1633 2939 1678 2980; x_wconf 83' lang='lat'><strong>12.</strong></span> <span class='ocrx_word' id='word_1_222' title='bbox 1708 2919 1794 2978; x_wconf 82' lang='lat' dir='ltr'><strong>Rem.</strong></span> 
     </span>
     <span class='ocr_line' id='line_1_22' title="bbox 394 3017 1794 3110; baseline -0.004 -22"><span class='ocrx_word' id='word_1_223' title='bbox 394 3037 488 3108; x_wconf 84' lang='lat' dir='ltr'><strong>uterq.</strong></span> <span class='ocrx_word' id='word_1_224' title='bbox 510 3027 597 3084; x_wconf 86' lang='lat' dir='ltr'><strong>Palat.</strong></span> <span class='ocrx_word' id='word_1_225' title='bbox 609 3047 638 3104; x_wconf 93' lang='grc'><strong>9.</strong></span> <span class='ocrx_word' id='word_1_226' title='bbox 655 3045 700 3083; x_wconf 93' lang='grc' dir='ltr'><strong>ιο.</strong></span> <span class='ocrx_word' id='word_1_227' title='bbox 731 3023 853 3084; x_wconf 79' lang='lat' dir='ltr'><strong>salutem</strong></span> <span class='ocrx_word' id='word_1_228' title='bbox 868 3022 1006 3082; x_wconf 84' lang='lat' dir='ltr'><strong>omnibus</strong></span> <span class='ocrx_word' id='word_1_229' title='bbox 1027 3025 1128 3082; x_wconf 81' lang='lat' dir='ltr'><strong>litteris</strong></span> <span class='ocrx_word' id='word_1_230' title='bbox 1153 3022 1251 3082; x_wconf 77' lang='lat' dir='ltr'><strong>Guels.</strong></span> <span class='ocrx_word' id='word_1_231' title='bbox 1269 3045 1295 3081; x_wconf 94' lang='grc' dir='ltr'><strong>ι.</strong></span> <span class='ocrx_word' id='word_1_232' title='bbox 1307 3025 1376 3110; x_wconf 66' lang='lat'><strong>²¹15·</strong></span> <span class='ocrx_word' id='word_1_233' title='bbox 1393 3024 1421 3082; x_wconf 89' lang='grc'><strong>6.</strong></span> <span class='ocrx_word' id='word_1_234' title='bbox 1439 3046 1467 3102; x_wconf 89' lang='lat'><strong>7.</strong></span> <span class='ocrx_word' id='word_1_235' title='bbox 1480 3027 1508 3082; x_wconf 92' lang='lat'><strong>8.</strong></span> <span class='ocrx_word' id='word_1_236' title='bbox 1520 3047 1548 3103; x_wconf 88' lang='lat'><strong>9.</strong></span> <span class='ocrx_word' id='word_1_237' title='bbox 1565 3045 1610 3082; x_wconf 91' lang='lat'><strong>10.</strong></span> <span class='ocrx_word' id='word_1_238' title='bbox 1626 3045 1670 3082; x_wconf 91' lang='grc' dir='ltr'><strong>ιι.</strong></span> <span class='ocrx_word' id='word_1_239' title='bbox 1691 3017 1752 3083; x_wconf 87' lang='lat' dir='ltr'><strong>inc.</strong></span> <span class='ocrx_word' id='word_1_240' title='bbox 1767 3047 1794 3083; x_wconf 89' lang='lat'><strong>1.</strong></span> 
     </span>
     <span class='ocr_line' id='line_1_23' title="bbox 392 3124 1795 3210; baseline -0.001 -21"><span class='ocrx_word' id='word_1_241' title='bbox 392 3131 462 3190; x_wconf 83' lang='lat' dir='ltr'><strong>vin.</strong></span> <span class='ocrx_word' id='word_1_242' title='bbox 481 3140 574 3210; x_wconf 83' lang='lat' dir='ltr'><strong>uterq.</strong></span> <span class='ocrx_word' id='word_1_243' title='bbox 596 3128 645 3188; x_wconf 72' lang='lat' dir='ltr'><strong>Ac.</strong></span> <span class='ocrx_word' id='word_1_244' title='bbox 673 3129 769 3188; x_wconf 83' lang='lat' dir='ltr'><strong>Stmv.</strong></span> <span class='ocrx_word' id='word_1_245' title='bbox 789 3127 963 3187; x_wconf 86' lang='lat' dir='ltr'><strong>Fabriciani.</strong></span> <span class='ocrx_word' id='word_1_246' title='bbox 984 3128 1083 3187; x_wconf 79' lang='lat' dir='ltr'><strong>Heuss.</strong></span> <span class='ocrx_word' id='word_1_247' title='bbox 1102 3128 1170 3188; x_wconf 86' lang='lat' dir='ltr'><strong>Ecc.</strong></span> <span class='ocrx_word' id='word_1_248' title='bbox 1190 3125 1222 3186; x_wconf 90' lang='lat' dir='ltr'><strong>S.</strong></span> <span class='ocrx_word' id='word_1_249' title='bbox 1236 3127 1272 3203; x_wconf 90' lang='lat' dir='ltr'><strong>Q.</strong></span> <span class='ocrx_word' id='word_1_250' title='bbox 1291 3124 1357 3186; x_wconf 82' lang='lat' dir='ltr'><strong>Cat.</strong></span> <span class='ocrx_word' id='word_1_251' title='bbox 1374 3127 1514 3210; x_wconf 81' lang='lat' dir='ltr'><strong>Erl.Teg.</strong></span> <span class='ocrx_word' id='word_1_252' title='bbox 1540 3128 1607 3187; x_wconf 83' lang='lat' dir='ltr'><strong>Tur.</strong></span> <span class='ocrx_word' id='word_1_253' title='bbox 1622 3150 1647 3187; x_wconf 88' lang='lat'><strong>1.</strong></span> <span class='ocrx_word' id='word_1_254' title='bbox 1662 3149 1688 3192; x_wconf 81' lang='lat' dir='ltr'><strong>a.</strong></span> <span class='ocrx_word' id='word_1_255' title='bbox 1709 3131 1795 3188; x_wconf 84' lang='lat' dir='ltr'><strong>itaet</strong></span> 
     </span>
     <span class='ocr_line' id='line_1_24' title="bbox 393 3231 1793 3313; baseline 0.001 -21"><span class='ocrx_word' id='word_1_256' title='bbox 393 3233 452 3294; x_wconf 87' lang='lat' dir='ltr'><strong>Pal.</strong></span> <span class='ocrx_word' id='word_1_257' title='bbox 466 3235 641 3295; x_wconf 77' lang='lat' dir='ltr'><strong>vetantiorcs.</strong></span> <span class='ocrx_word' id='word_1_258' title='bbox 663 3232 751 3296; x_wconf 83' lang='lat' dir='ltr'><strong>salut.</strong></span> <span class='ocrx_word' id='word_1_259' title='bbox 770 3231 843 3290; x_wconf 80' lang='lat' dir='ltr'><strong>dicit</strong></span> <span class='ocrx_word' id='word_1_260' title='bbox 856 3233 1027 3303; x_wconf 81' lang='lat' dir='ltr'><strong>Vaticanus,</strong></span> <span class='ocrx_word' id='word_1_261' title='bbox 1049 3235 1100 3313; x_wconf 89' lang='lat' dir='ltr'><strong>qui</strong></span> <span class='ocrx_word' id='word_1_262' title='bbox 1118 3239 1192 3293; x_wconf 84' lang='lat' dir='ltr'><strong>solas</strong></span> <span class='ocrx_word' id='word_1_263' title='bbox 1212 3235 1354 3292; x_wconf 79' lang='lat' dir='ltr'><strong>orationes</strong></span> <span class='ocrx_word' id='word_1_264' title='bbox 1373 3235 1513 3293; x_wconf 83' lang='lat' dir='ltr'><strong>continet.</strong></span> <span class='ocrx_word' id='word_1_265' title='bbox 1532 3241 1622 3310; x_wconf 77' lang='lat' dir='ltr'><strong>grata</strong></span> <span class='ocrx_word' id='word_1_266' title='bbox 1638 3233 1793 3293; x_wconf 75' lang='lat' dir='ltr'><strong>mihime-</strong></span> 
     </span>
     <span class='ocr_line' id='line_1_25' title="bbox 390 3335 1790 3419; baseline 0 -21"><span class='ocrx_word' id='word_1_267' title='bbox 390 3339 459 3419; x_wconf 77' lang='lat' dir='ltr'><strong>gnis</strong></span> <span class='ocrx_word' id='word_1_268' title='bbox 479 3339 513 3398; x_wconf 82' lang='lat' dir='ltr'><strong>in</strong></span> <span class='ocrx_word' id='word_1_269' title='bbox 533 3337 604 3398; x_wconf 74' lang='lat' dir='ltr'><strong>nasis</strong></span> <span class='ocrx_word' id='word_1_270' title='bbox 614 3337 705 3416; x_wconf 81' lang='lat' dir='ltr'><strong>peric.</strong></span> <span class='ocrx_word' id='word_1_271' title='bbox 727 3335 787 3394; x_wconf 81' lang='lat' dir='ltr'><strong>haec</strong></span> <span class='ocrx_word' id='word_1_272' title='bbox 800 3341 935 3394; x_wconf 87' lang='lat' dir='ltr'><strong>omniurn</strong></span> <span class='ocrx_word' id='word_1_273' title='bbox 955 3339 1012 3396; x_wconf 83' lang='lat' dir='ltr'><strong>lere</strong></span> <span class='ocrx_word' id='word_1_274' title='bbox 1025 3336 1122 3402; x_wconf 90' lang='lat' dir='ltr'><strong>Codd.</strong></span> <span class='ocrx_word' id='word_1_275' title='bbox 1140 3340 1235 3397; x_wconf 85' lang='lat' dir='ltr'><strong>lectio.</strong></span> <span class='ocrx_word' id='word_1_276' title='bbox 1257 3336 1326 3394; x_wconf 81' lang='lat' dir='ltr'><strong>meis</strong></span> <span class='ocrx_word' id='word_1_277' title='bbox 1343 3336 1420 3396; x_wconf 85' lang='lat' dir='ltr'><strong>delet</strong></span> <span class='ocrx_word' id='word_1_278' title='bbox 1440 3339 1524 3397; x_wconf 85' lang='lat' dir='ltr'><strong>Paris.</strong></span> <span class='ocrx_word' id='word_1_279' title='bbox 1535 3359 1562 3398; x_wconf 88' lang='lat' dir='ltr'><strong>c.</strong></span> <span class='ocrx_word' id='word_1_280' title='bbox 1591 3338 1624 3396; x_wconf 84' lang='lat' dir='ltr'><strong>in</strong></span> <span class='ocrx_word' id='word_1_281' title='bbox 1649 3340 1790 3398; x_wconf 84' lang='lat' dir='ltr'><strong>omissum</strong></span> 
     </span>
     <span class='ocr_line' id='line_1_26' title="bbox 390 3439 1788 3522; baseline 0.001 -22"><span class='ocrx_word' id='word_1_282' title='bbox 390 3441 487 3502; x_wconf 80' lang='lat' dir='ltr'><strong>Guels.</strong></span> <span class='ocrx_word' id='word_1_283' title='bbox 499 3443 528 3501; x_wconf 87' lang='grc'><strong>6.</strong></span> <span class='ocrx_word' id='word_1_284' title='bbox 554 3440 649 3520; x_wconf 74' lang='lat' dir='ltr'><strong>magis</strong></span> <span class='ocrx_word' id='word_1_285' title='bbox 663 3441 697 3498; x_wconf 86' lang='lat' dir='ltr'><strong>in</strong></span> <span class='ocrx_word' id='word_1_286' title='bbox 713 3440 828 3518; x_wconf 81' lang='lat' dir='ltr'><strong>magnis</strong></span> <span class='ocrx_word' id='word_1_287' title='bbox 836 3439 926 3519; x_wconf 85' lang='lat' dir='ltr'><strong>peric.</strong></span> <span class='ocrx_word' id='word_1_288' title='bbox 947 3441 1015 3498; x_wconf 84' lang='lat' dir='ltr'><strong>Vin.</strong></span> <span class='ocrx_word' id='word_1_289' title='bbox 1031 3460 1057 3499; x_wconf 79' lang='grc' dir='ltr'><strong>ι.</strong></span> <span class='ocrx_word' id='word_1_290' title='bbox 1085 3441 1199 3519; x_wconf 64' lang='lat' dir='ltr'><strong>mugnus</strong></span> <span class='ocrx_word' id='word_1_291' title='bbox 1216 3443 1249 3499; x_wconf 84' lang='lat' dir='ltr'><strong>in</strong></span> <span class='ocrx_word' id='word_1_292' title='bbox 1266 3441 1380 3500; x_wconf 82' lang='lat' dir='ltr'><strong>nostris.</strong></span> <span class='ocrx_word' id='word_1_293' title='bbox 1401 3440 1497 3500; x_wconf 86' lang='lat' dir='ltr'><strong>Guels.</strong></span> <span class='ocrx_word' id='word_1_294' title='bbox 1516 3463 1560 3500; x_wconf 88' lang='grc' dir='ltr'><strong>ιι.</strong></span> <span class='ocrx_word' id='word_1_295' title='bbox 1582 3441 1615 3499; x_wconf 86' lang='lat' dir='ltr'><strong>in</strong></span> <span class='ocrx_word' id='word_1_296' title='bbox 1629 3443 1700 3503; x_wconf 65' lang='lat' dir='ltr'><strong>mers</strong></span> <span class='ocrx_word' id='word_1_297' title='bbox 1708 3464 1788 3522; x_wconf 80' lang='lat' dir='ltr'><strong>mog.</strong></span> 
     </span>
     <span class='ocr_line' id='line_1_27' title="bbox 387 3542 1788 3628; baseline 0 -22"><span class='ocrx_word' id='word_1_298' title='bbox 387 3545 457 3628; x_wconf 82' lang='lat' dir='ltr'><strong>Teg.</strong></span> <span class='ocrx_word' id='word_1_299' title='bbox 479 3545 563 3609; x_wconf 85' lang='lat' dir='ltr'><strong>Bern,</strong></span> <span class='ocrx_word' id='word_1_300' title='bbox 580 3565 606 3603; x_wconf 77' lang='grc' dir='ltr'><strong>ι.</strong></span> <span class='ocrx_word' id='word_1_301' title='bbox 626 3543 748 3602; x_wconf 70' lang='lat' dir='ltr'><strong>cornilio</strong></span> <span class='ocrx_word' id='word_1_302' title='bbox 767 3563 850 3602; x_wconf 79' lang='lat' dir='ltr'><strong>nouo.</strong></span> <span class='ocrx_word' id='word_1_303' title='bbox 865 3543 905 3601; x_wconf 88' lang='lat' dir='ltr'><strong>ita</strong></span> <span class='ocrx_word' id='word_1_304' title='bbox 920 3542 1036 3603; x_wconf 87' lang='lat' dir='ltr'><strong>Gruter.</strong></span> <span class='ocrx_word' id='word_1_305' title='bbox 1049 3545 1141 3603; x_wconf 79' lang='lat' dir='ltr'><strong>Wass,</strong></span> <span class='ocrx_word' id='word_1_306' title='bbox 1156 3555 1184 3603; x_wconf 85' lang='lat' dir='ltr'><strong>et</strong></span> <span class='ocrx_word' id='word_1_307' title='bbox 1194 3544 1274 3602; x_wconf 87' lang='lat' dir='ltr'><strong>Leid.</strong></span> <span class='ocrx_word' id='word_1_308' title='bbox 1296 3564 1446 3623; x_wconf 78' lang='lat' dir='ltr'><strong>agnoscas.</strong></span> <span class='ocrx_word' id='word_1_309' title='bbox 1468 3545 1568 3604; x_wconf 78' lang='lat' dir='ltr'><strong>Heuss.</strong></span> <span class='ocrx_word' id='word_1_310' title='bbox 1587 3545 1654 3606; x_wconf 79' lang='lat' dir='ltr'><strong>Son.</strong></span> <span class='ocrx_word' id='word_1_311' title='bbox 1667 3566 1693 3606; x_wconf 82' lang='lat' dir='ltr'><strong>a.</strong></span> <span class='ocrx_word' id='word_1_312' title='bbox 1705 3547 1788 3606; x_wconf 84' lang='lat' dir='ltr'><strong>llar-</strong></span> 
     </span>
     <span class='ocr_line' id='line_1_28' title="bbox 387 3647 1785 3729; baseline 0.001 -19"><span class='ocrx_word' id='word_1_313' title='bbox 387 3651 442 3710; x_wconf 86' lang='lat' dir='ltr'><strong>tiu.</strong></span> <span class='ocrx_word' id='word_1_314' title='bbox 464 3649 635 3707; x_wconf 67' lang='lat' dir='ltr'><strong>tutatast.</strong></span> <span class='ocrx_word' id='word_1_315' title='bbox 656 3667 718 3705; x_wconf 83' lang='lat' dir='ltr'><strong>nort</strong></span> <span class='ocrx_word' id='word_1_316' title='bbox 734 3647 811 3724; x_wconf 83' lang='lat' dir='ltr'><strong>qrtin.</strong></span> <span class='ocrx_word' id='word_1_317' title='bbox 833 3649 954 3727; x_wconf 87' lang='lat' dir='ltr'><strong>plurimi</strong></span> <span class='ocrx_word' id='word_1_318' title='bbox 975 3648 1053 3706; x_wconf 90' lang='lat' dir='ltr'><strong>libri.</strong></span> <span class='ocrx_word' id='word_1_319' title='bbox 1074 3648 1135 3706; x_wconf 80' lang='lat' dir='ltr'><strong>Bas.</strong></span> <span class='ocrx_word' id='word_1_320' title='bbox 1151 3652 1180 3718; x_wconf 86' lang='grc'><strong>4.</strong></span> <span class='ocrx_word' id='word_1_321' title='bbox 1200 3647 1280 3707; x_wconf 79' lang='lat' dir='ltr'><strong>Leid.</strong></span> <span class='ocrx_word' id='word_1_322' title='bbox 1290 3669 1316 3711; x_wconf 85' lang='lat' dir='ltr'><strong>c.</strong></span> <span class='ocrx_word' id='word_1_323' title='bbox 1328 3649 1347 3705; x_wconf 85' lang='lat' dir='ltr'><strong>f.</strong></span> <span class='ocrx_word' id='word_1_324' title='bbox 1359 3649 1385 3705; x_wconf 84' lang='lat' dir='ltr'><strong>k.</strong></span> <span class='ocrx_word' id='word_1_325' title='bbox 1396 3651 1416 3707; x_wconf 87' lang='lat' dir='ltr'><strong>l.</strong></span> <span class='ocrx_word' id='word_1_326' title='bbox 1427 3669 1457 3706; x_wconf 91' lang='grc' dir='ltr'><strong>ιι.</strong></span> <span class='ocrx_word' id='word_1_327' title='bbox 1470 3670 1509 3706; x_wconf 92' lang='grc' dir='ltr'><strong>ιιι.</strong></span> <span class='ocrx_word' id='word_1_328' title='bbox 1539 3653 1636 3729; x_wconf 84' lang='lat' dir='ltr'><strong>plures</strong></span> <span class='ocrx_word' id='word_1_329' title='bbox 1653 3651 1785 3712; x_wconf 80' lang='lat' dir='ltr'><strong>Palatini.</strong></span> 
     </span>
     <span class='ocr_line' id='line_1_29' title="bbox 385 3749 1784 3833; baseline 0.003 -21"><span class='ocrx_word' id='word_1_330' title='bbox 385 3754 472 3814; x_wconf 85' lang='lat' dir='ltr'><strong>Bern.</strong></span> <span class='ocrx_word' id='word_1_331' title='bbox 486 3757 513 3816; x_wconf 79' lang='lat'><strong>3.</strong></span> <span class='ocrx_word' id='word_1_332' title='bbox 535 3772 596 3810; x_wconf 86' lang='lat' dir='ltr'><strong>non</strong></span> <span class='ocrx_word' id='word_1_333' title='bbox 609 3752 689 3830; x_wconf 81' lang='lat' dir='ltr'><strong>quin.</strong></span> <span class='ocrx_word' id='word_1_334' title='bbox 710 3749 807 3809; x_wconf 86' lang='lat' dir='ltr'><strong>Guels.</strong></span> <span class='ocrx_word' id='word_1_335' title='bbox 825 3772 850 3809; x_wconf 91' lang='grc' dir='ltr'><strong>ι.</strong></span> <span class='ocrx_word' id='word_1_336' title='bbox 871 3751 970 3810; x_wconf 84' lang='lat' dir='ltr'><strong>Vinar.</strong></span> <span class='ocrx_word' id='word_1_337' title='bbox 988 3772 1013 3809; x_wconf 88' lang='grc' dir='ltr'><strong>ι.</strong></span> <span class='ocrx_word' id='word_1_338' title='bbox 1041 3762 1176 3832; x_wconf 76' lang='lat' dir='ltr'><strong>praterea</strong></span> <span class='ocrx_word' id='word_1_339' title='bbox 1190 3750 1274 3809; x_wconf 86' lang='lat' dir='ltr'><strong>Fabr.</strong></span> <span class='ocrx_word' id='word_1_340' title='bbox 1297 3772 1321 3810; x_wconf 90' lang='grc' dir='ltr'><strong>ι.</strong></span> <span class='ocrx_word' id='word_1_341' title='bbox 1340 3763 1369 3810; x_wconf 87' lang='lat' dir='ltr'><strong>et</strong></span> <span class='ocrx_word' id='word_1_342' title='bbox 1388 3752 1492 3822; x_wconf 71' lang='lat' dir='ltr'><strong>Gerell.</strong></span> <span class='ocrx_word' id='word_1_343' title='bbox 1503 3754 1530 3811; x_wconf 85' lang='lat'><strong>5.</strong></span> <span class='ocrx_word' id='word_1_344' title='bbox 1550 3775 1590 3811; x_wconf 90' lang='grc' dir='ltr'><strong>ιιι.</strong></span> <span class='ocrx_word' id='word_1_345' title='bbox 1602 3775 1648 3833; x_wconf 92' lang='lat' dir='ltr'><strong>pr.</strong></span> <span class='ocrx_word' id='word_1_346' title='bbox 1675 3755 1735 3814; x_wconf 82' lang='lat' dir='ltr'><strong>Bas.</strong></span> <span class='ocrx_word' id='word_1_347' title='bbox 1758 3779 1784 3816; x_wconf 90' lang='grc' dir='ltr'><strong>ι.</strong></span> 
     </span>
     <span class='ocr_line' id='line_1_30' title="bbox 388 3855 1784 3936; baseline 0.001 -17"><span class='ocrx_word' id='word_1_348' title='bbox 388 3880 417 3921; x_wconf 82' lang='lat'><strong>2.</strong></span> <span class='ocrx_word' id='word_1_349' title='bbox 430 3861 458 3923; x_wconf 71' lang='grc' dir='ltr'><strong>ὅ.</strong></span> <span class='ocrx_word' id='word_1_350' title='bbox 480 3857 539 3916; x_wconf 87' lang='lat' dir='ltr'><strong>Pal.</strong></span> <span class='ocrx_word' id='word_1_351' title='bbox 554 3857 580 3917; x_wconf 89' lang='lat'><strong>5.</strong></span> <span class='ocrx_word' id='word_1_352' title='bbox 594 3861 621 3916; x_wconf 79' lang='lat'><strong>3.</strong></span> <span class='ocrx_word' id='word_1_353' title='bbox 638 3875 683 3914; x_wconf 87' lang='lat'><strong>12.</strong></span> <span class='ocrx_word' id='word_1_354' title='bbox 703 3855 784 3914; x_wconf 88' lang='lat' dir='ltr'><strong>Leid.</strong></span> <span class='ocrx_word' id='word_1_355' title='bbox 798 3875 824 3913; x_wconf 86' lang='grc' dir='ltr'><strong>ι.</strong></span> <span class='ocrx_word' id='word_1_356' title='bbox 833 3876 858 3912; x_wconf 82' lang='grc' dir='ltr'><strong>ο.</strong></span> <span class='ocrx_word' id='word_1_357' title='bbox 866 3875 894 3936; x_wconf 86' lang='lat' dir='ltr'><strong>g.</strong></span> <span class='ocrx_word' id='word_1_358' title='bbox 903 3855 923 3912; x_wconf 93' lang='lat' dir='ltr'><strong>i.</strong></span> <span class='ocrx_word' id='word_1_359' title='bbox 944 3855 1028 3915; x_wconf 87' lang='lat' dir='ltr'><strong>Bern.</strong></span> <span class='ocrx_word' id='word_1_360' title='bbox 1048 3877 1073 3914; x_wconf 83' lang='lat'><strong>1.</strong></span> <span class='ocrx_word' id='word_1_361' title='bbox 1095 3877 1157 3915; x_wconf 85' lang='lat' dir='ltr'><strong>non</strong></span> <span class='ocrx_word' id='word_1_362' title='bbox 1170 3857 1257 3934; x_wconf 75' lang='lat' dir='ltr'><strong>quod.</strong></span> <span class='ocrx_word' id='word_1_363' title='bbox 1278 3857 1359 3915; x_wconf 78' lang='lat' dir='ltr'><strong>teil.</strong></span> <span class='ocrx_word' id='word_1_364' title='bbox 1371 3856 1401 3915; x_wconf 94' lang='lat' dir='ltr'><strong>b.</strong></span> <span class='ocrx_word' id='word_1_365' title='bbox 1412 3858 1442 3916; x_wconf 91' lang='lat' dir='ltr'><strong>d.</strong></span> <span class='ocrx_word' id='word_1_366' title='bbox 1457 3856 1488 3914; x_wconf 94' lang='lat' dir='ltr'><strong>b.</strong></span> <span class='ocrx_word' id='word_1_367' title='bbox 1501 3857 1585 3917; x_wconf 83' lang='lat' dir='ltr'><strong>Beru.</strong></span> <span class='ocrx_word' id='word_1_368' title='bbox 1597 3880 1624 3917; x_wconf 87' lang='lat'><strong>2.</strong></span> <span class='ocrx_word' id='word_1_369' title='bbox 1644 3860 1784 3920; x_wconf 67' lang='lat' dir='ltr'><strong>metano-</strong></span> 
     </span>
     <span class='ocr_line' id='line_1_31' title="bbox 385 3959 1781 4030; baseline 0.003 -7"><span class='ocrx_word' id='word_1_370' title='bbox 385 3962 512 4024; x_wconf 79' lang='lat' dir='ltr'><strong>mt&#39;ru&#39;bus</strong></span> <span class='ocrx_word' id='word_1_371' title='bbox 525 3969 660 4021; x_wconf 84' lang='lat' dir='ltr'><strong>sumtum.</strong></span> <span class='ocrx_word' id='word_1_372' title='bbox 690 3959 789 4017; x_wconf 82' lang='lat' dir='ltr'><strong>Heuss.</strong></span> <span class='ocrx_word' id='word_1_373' title='bbox 812 3959 878 4016; x_wconf 85' lang='lat' dir='ltr'><strong>Seu.</strong></span> <span class='ocrx_word' id='word_1_374' title='bbox 898 3977 925 4016; x_wconf 78' lang='lat' dir='ltr'><strong>a.</strong></span> <span class='ocrx_word' id='word_1_375' title='bbox 946 3959 1062 4017; x_wconf 54' lang='lat' dir='ltr'><strong>laida.</strong></span> <span class='ocrx_word' id='word_1_376' title='bbox 1076 3960 1107 4018; x_wconf 93' lang='lat' dir='ltr'><strong>d.</strong></span> <span class='ocrx_word' id='word_1_377' title='bbox 1128 3961 1186 4018; x_wconf 89' lang='lat' dir='ltr'><strong>Pal.</strong></span> <span class='ocrx_word' id='word_1_378' title='bbox 1202 3965 1230 4022; x_wconf 75' lang='grc' dir='ltr'><strong>ὅ.</strong></span> <span class='ocrx_word' id='word_1_379' title='bbox 1247 3981 1293 4019; x_wconf 76' lang='grc' dir='ltr'><strong>ιι.</strong></span> <span class='ocrx_word' id='word_1_380' title='bbox 1312 3959 1423 4019; x_wconf 78' lang='grc' dir='ltr'><strong>Αιοιιά.</strong></span> <span class='ocrx_word' id='word_1_381' title='bbox 1443 3965 1502 4021; x_wconf 85' lang='lat' dir='ltr'><strong>ine.</strong></span> <span class='ocrx_word' id='word_1_382' title='bbox 1524 3962 1584 4021; x_wconf 83' lang='lat' dir='ltr'><strong>Bas.</strong></span> <span class='ocrx_word' id='word_1_383' title='bbox 1596 3981 1622 4020; x_wconf 81' lang='lat'><strong>2.</strong></span> <span class='ocrx_word' id='word_1_384' title='bbox 1635 3968 1663 4026; x_wconf 75' lang='lat'><strong>³.</strong></span> <span class='ocrx_word' id='word_1_385' title='bbox 1683 3965 1781 4030; x_wconf 71' lang='lat' dir='ltr'><strong>Slmv.</strong></span> 
     </span>
     <span class='ocr_line' id='line_1_32' title="bbox 383 4061 1784 4144; baseline -0.003 -14"><span class='ocrx_word' id='word_1_386' title='bbox 383 4065 468 4130; x_wconf 73' lang='lat' dir='ltr'><strong>Rem.</strong></span> <span class='ocrx_word' id='word_1_387' title='bbox 488 4089 512 4126; x_wconf 89' lang='grc' dir='ltr'><strong>ι.</strong></span> <span class='ocrx_word' id='word_1_388' title='bbox 531 4067 601 4124; x_wconf 84' lang='grc' dir='ltr'><strong>Τιιι.</strong></span> <span class='ocrx_word' id='word_1_389' title='bbox 618 4085 645 4122; x_wconf 78' lang='lat' dir='ltr'><strong>a.</strong></span> <span class='ocrx_word' id='word_1_390' title='bbox 665 4063 749 4122; x_wconf 84' lang='lat' dir='ltr'><strong>lleru.</strong></span> <span class='ocrx_word' id='word_1_391' title='bbox 765 4084 791 4122; x_wconf 82' lang='lat'><strong>2.</strong></span> <span class='ocrx_word' id='word_1_392' title='bbox 812 4061 909 4144; x_wconf 67' lang='lat' dir='ltr'><strong>Guell.</strong></span> <span class='ocrx_word' id='word_1_393' title='bbox 920 4063 947 4121; x_wconf 94' lang='grc'><strong>6.</strong></span> <span class='ocrx_word' id='word_1_394' title='bbox 960 4063 988 4122; x_wconf 85' lang='lat'><strong>8.</strong></span> <span class='ocrx_word' id='word_1_395' title='bbox 998 4085 1027 4143; x_wconf 83' lang='lat'><strong>9.</strong></span> <span class='ocrx_word' id='word_1_396' title='bbox 1049 4085 1094 4123; x_wconf 89' lang='grc' dir='ltr'><strong>ιο.</strong></span> <span class='ocrx_word' id='word_1_397' title='bbox 1109 4085 1154 4122; x_wconf 92' lang='grc' dir='ltr'><strong>ιι.</strong></span> <span class='ocrx_word' id='word_1_398' title='bbox 1170 4085 1215 4124; x_wconf 82' lang='lat'><strong>12.</strong></span> <span class='ocrx_word' id='word_1_399' title='bbox 1235 4065 1304 4124; x_wconf 82' lang='lat' dir='ltr'><strong>vin.</strong></span> <span class='ocrx_word' id='word_1_400' title='bbox 1319 4085 1344 4124; x_wconf 90' lang='lat'><strong>2.</strong></span> <span class='ocrx_word' id='word_1_401' title='bbox 1365 4065 1424 4123; x_wconf 80' lang='lat' dir='ltr'><strong>llrl.</strong></span> <span class='ocrx_word' id='word_1_402' title='bbox 1445 4061 1513 4143; x_wconf 82' lang='lat' dir='ltr'><strong>Teg.</strong></span> <span class='ocrx_word' id='word_1_403' title='bbox 1528 4073 1784 4137; x_wconf 54' lang='lat' dir='ltr'><strong>tumtumexmak</strong></span> 
     </span>
     <span class='ocr_line' id='line_1_33' title="bbox 384 4164 1779 4248; baseline 0.001 -17"><span class='ocrx_word' id='word_1_404' title='bbox 384 4191 465 4234; x_wconf 85' lang='lat' dir='ltr'><strong>nom.</strong></span> <span class='ocrx_word' id='word_1_405' title='bbox 485 4169 582 4230; x_wconf 83' lang='lat' dir='ltr'><strong>Guels.</strong></span> <span class='ocrx_word' id='word_1_406' title='bbox 594 4190 621 4248; x_wconf 89' lang='lat'><strong>7.</strong></span> <span class='ocrx_word' id='word_1_407' title='bbox 641 4164 722 4225; x_wconf 75' lang='lat' dir='ltr'><strong>Laid.</strong></span> <span class='ocrx_word' id='word_1_408' title='bbox 733 4189 773 4225; x_wconf 91' lang='grc' dir='ltr'><strong>ιιι.</strong></span> <span class='ocrx_word' id='word_1_409' title='bbox 794 4185 816 4226; x_wconf 89' lang='lat' dir='ltr'><strong>s.</strong></span> <span class='ocrx_word' id='word_1_410' title='bbox 829 4187 868 4224; x_wconf 90' lang='lat' dir='ltr'><strong>m.</strong></span> <span class='ocrx_word' id='word_1_411' title='bbox 883 4186 962 4226; x_wconf 87' lang='lat' dir='ltr'><strong>nom.</strong></span> <span class='ocrx_word' id='word_1_412' title='bbox 983 4167 1045 4225; x_wconf 75' lang='lat' dir='ltr'><strong>Bne.</strong></span> <span class='ocrx_word' id='word_1_413' title='bbox 1056 4170 1084 4238; x_wconf 92' lang='grc'><strong>4.</strong></span> <span class='ocrx_word' id='word_1_414' title='bbox 1104 4168 1185 4227; x_wconf 86' lang='lat' dir='ltr'><strong>Leid.</strong></span> <span class='ocrx_word' id='word_1_415' title='bbox 1197 4189 1222 4226; x_wconf 85' lang='lat' dir='ltr'><strong>e.</strong></span> <span class='ocrx_word' id='word_1_416' title='bbox 1242 4167 1326 4227; x_wconf 85' lang='lat' dir='ltr'><strong>Bern.</strong></span> <span class='ocrx_word' id='word_1_417' title='bbox 1345 4190 1370 4226; x_wconf 88' lang='grc' dir='ltr'><strong>ι.</strong></span> <span class='ocrx_word' id='word_1_418' title='bbox 1392 4188 1454 4227; x_wconf 82' lang='lat' dir='ltr'><strong>nou</strong></span> <span class='ocrx_word' id='word_1_419' title='bbox 1467 4189 1587 4247; x_wconf 81' lang='lat' dir='ltr'><strong>possem.</strong></span> <span class='ocrx_word' id='word_1_420' title='bbox 1607 4172 1687 4234; x_wconf 76' lang='lat' dir='ltr'><strong>teil.</strong></span> <span class='ocrx_word' id='word_1_421' title='bbox 1703 4199 1729 4238; x_wconf 82' lang='lat' dir='ltr'><strong>c.</strong></span> <span class='ocrx_word' id='word_1_422' title='bbox 1745 4181 1779 4241; x_wconf 82' lang='lat' dir='ltr'><strong>d,</strong></span> 
     </span>
    </p>
   </div>
   <div class='ocr_carea' id='block_1_7' title="bbox 382 4272 1779 4366">
    <p class='ocr_par' dir='ltr' id='par_1_8' title="bbox 382 4272 1779 4366">
     <span class='ocr_line' id='line_1_34' title="bbox 382 4272 1779 4366; baseline -0.013 -23"><span class='ocrx_word' id='word_1_423' title='bbox 382 4301 409 4343; x_wconf 80' lang='lat' dir='ltr'><strong>e.</strong></span> <span class='ocrx_word' id='word_1_424' title='bbox 425 4301 453 4366; x_wconf 80' lang='lat' dir='ltr'><strong>g.</strong></span> <span class='ocrx_word' id='word_1_425' title='bbox 469 4279 496 4339; x_wconf 83' lang='lat' dir='ltr'><strong>l.</strong></span> <span class='ocrx_word' id='word_1_426' title='bbox 512 4282 533 4338; x_wconf 94' lang='lat' dir='ltr'><strong>l.</strong></span> <span class='ocrx_word' id='word_1_427' title='bbox 547 4275 579 4338; x_wconf 93' lang='lat' dir='ltr'><strong>b.</strong></span> <span class='ocrx_word' id='word_1_428' title='bbox 600 4275 662 4336; x_wconf 85' lang='lat' dir='ltr'><strong>Bas.</strong></span> <span class='ocrx_word' id='word_1_429' title='bbox 675 4278 703 4338; x_wconf 85' lang='lat'><strong>3.</strong></span> <span class='ocrx_word' id='word_1_430' title='bbox 715 4274 744 4345; x_wconf 87' lang='grc'><strong>4.</strong></span> <span class='ocrx_word' id='word_1_431' title='bbox 765 4273 890 4335; x_wconf 76' lang='grc' dir='ltr'><strong>Βιιιι.“ι.</strong></span> <span class='ocrx_word' id='word_1_432' title='bbox 912 4291 979 4332; x_wconf 87' lang='lat' dir='ltr'><strong>cum</strong></span> <span class='ocrx_word' id='word_1_433' title='bbox 995 4273 1084 4332; x_wconf 80' lang='lat' dir='ltr'><strong>etiam</strong></span> <span class='ocrx_word' id='word_1_434' title='bbox 1096 4272 1198 4334; x_wconf 62' lang='lat' dir='ltr'><strong>dunis</strong></span> <span class='ocrx_word' id='word_1_435' title='bbox 1217 4275 1276 4335; x_wconf 85' lang='lat' dir='ltr'><strong>inc.</strong></span> <span class='ocrx_word' id='word_1_436' title='bbox 1296 4293 1363 4334; x_wconf 86' lang='lat' dir='ltr'><strong>cum</strong></span> <span class='ocrx_word' id='word_1_437' title='bbox 1379 4293 1417 4334; x_wconf 75' lang='lat' dir='ltr'><strong>ox</strong></span> <span class='ocrx_word' id='word_1_438' title='bbox 1428 4273 1539 4334; x_wconf 63' lang='lat' dir='ltr'><strong>alicam</strong></span> <span class='ocrx_word' id='word_1_439' title='bbox 1552 4303 1558 4315; x_wconf 88' lang='lat'><strong>·</strong></span> <span class='ocrx_word' id='word_1_440' title='bbox 1570 4275 1633 4338; x_wconf 79' lang='lat' dir='ltr'><strong>Bas.</strong></span> <span class='ocrx_word' id='word_1_441' title='bbox 1644 4282 1672 4341; x_wconf 82' lang='lat'><strong>3,</strong></span> <span class='ocrx_word' id='word_1_442' title='bbox 1694 4281 1779 4346; x_wconf 50' lang='lat' dir='ltr'><strong>hid·</strong></span> 
     </span>
    </p>
   </div>
   <div class='ocr_carea' id='block_1_8' title="bbox 0 0 2030 5009">
    <p class='ocr_par' dir='ltr' id='par_1_9' title="bbox 0 0 2030 5009">
     <span class='ocr_line' id='line_1_35' title="bbox 0 0 2030 5009; baseline 0 16"><span class='ocrx_word' id='word_1_443' title='bbox 0 0 2030 5009; x_wconf 95' lang='lat' dir='ltr'><strong> </strong></span> 
     </span>
    </p>
   </div>
  </div>
 </body>
</html>
