4050 5009
313 391 386 480 554

81 651 86 672 ,
205 667 208 680 Ι
311 561 432 670 Asper
450 546 547 649 locus
566 591 628 647 aut
647 585 775 646 arduus
795 585 831 646 c.
855 543 883 664 7
905 601 1029 669 aspera·
1044 583 1201 667 loedaque
1221 585 1360 651 evenire
1381 591 1432 668 37.
1454 607 1508 652 555
1528 607 1648 673 aspera
1668 593 1721 659 55.

354 711 456 776 rupes
479 694 527 773 59.
556 685 668 753 hiems
690 695 740 770 39.
770 690 900 769 majora
922 702 955 756 et
976 692 1086 778 magis
1107 711 1225 776 aspera
1246 695 1387 778 aggredi
1406 696 1438 755 J.
1460 699 1510 774 89.
1541 697 1720 782 negotium

345 801 405 880 98.
425 817 544 881 559555
565 806 623 858 aut
644 796 747 859 bellis
769 795 854 861 fessa
883 801 927 859 H.
948 799 1014 861 inc.
1040 821 1088 881 ¹7·
1120 819 1173 862 res
1193 799 1308 863 dubiae
1330 809 1433 881 atque
1455 820 1591 884 asperas
1612 806 1649 864 C.
1673 823 1722 866 ro.

353 914 386 973 J.
408 926 437 986 7.
468 924 590 987 aspere
618 903 766 966 exercita
798 903 941 985 quaestio
962 919 1012 979 40.
1044 923 1162 987 aspere
1187 903 1343 969 scribere·
1358 908 1402 969 de
1421 906 1540 988 aliquo
1561 911 1610 971 65.
1641 927 1718 992 spes
1818 957 1825 965 .

354 1012 466 1076 multo
481 1008 635 1092 asperior
649 1012 685 1070 C.
700 1030 748 1072 5ο.
764 1012 944 1072 adscensus
958 1010 1113 1091 asperior
1124 1021 1157 1075 J.
1169 1027 1218 1089 94.
1235 1009 1374 1073 fortuna
1388 1015 1432 1073 Η.
1446 1012 1513 1075 155.
1527 1035 1573 1094 17.
1597 1033 1719 1098 aspera

353 1117 459 1182 bellis
478 1117 561 1179 ibid.
582 1109 747 1199 asp'eritas
767 1125 800 1178 et
821 1115 1006 1180 insolentia
1028 1117 1212 1179 1551555.
1234 1116 1273 1178 in
1293 1137 1333 1180 ea
1354 1126 1447 1179 tanta
1467 1120 1649 1201 asperitate
1668 1122 1718 1202 67.

353 1211 511 1288 locorum
533 1221 714 1304 asperitate
745 1225 794 1301 75.
815 1223 864 1304 89.
896 1241 949 1285 res
971 1243 1042 1285 non
1063 1226 1183 1286 eadem
1205 1222 1387 1305 asperitate
1409 1245 1459 1304 9²·
1486 1225 1572 1288 belli
1592 1225 1722 1309 asperi·
1827 1265 1831 1269 ν

353 1341 407 1396 tas
428 1351 477 1409 59.
505 1329 550 1391 ob
581 1328 731 1390 calorem
757 1329 954 1389 autas.·18.
984 1348 1054 1414 asp.
1076 1331 1303 1411 supervadere
1324 1331 1372 1408 75.
1404 1329 1514 1392 otium
1535 1345 1606 1414 asp.
1627 1350 1721 1394 acer·

353 1438 503 1518 biusque
523 1433 590 1512 luit
610 1451 660 1510 4¹·
682 1431 849 1515 opinione
871 1433 1025 1515 asperius
1046 1436 1096 1496 85.
1118 1455 1188 1518 asp.
1210 1443 1243 1497 et
1264 1431 1405 1496 difficile
1425 1436 1460 1496 C.
1480 1452 1532 1510 40.

315 1538 490 1618 Assetlits
509 1542 569 1604 sed
588 1537 651 1602 ubi
671 1537 734 1602 ille
754 1538 840 1622 (Cic.
861 1537 901 1604 in
921 1541 1061 1622 senatu)
1082 1543 1117 1608 C.
1139 1545 1189 1608 35.
1218 1543 1302 1603 Cato
1324 1542 1374 1604 53.
1393 1538 1528 1604 Amisus
1547 1539 1716 1605 assidetur
1783 1591 1791 1599 .

257 1683 261 1694 ·
354 1653 399 1714 H.
420 1651 478 1715 IV.
500 1649 529 1714 8.
1069 1718 1072 1723 Α
1451 1711 1459 1726 ,

315 1757 507 1826 Arauetus.
527 1751 617 1814 male
633 1750 707 1829 jant
726 1770 789 1814 ass.
811 1753 855 1815 ad
867 1771 987 1816 omnes
1005 1750 1059 1815 ris
1074 1739 1384 1817 controversiarum
1395 1753 1438 1814 H.
1454 1753 1515 1816 111.
1528 1770 1559 1832 4.
1580 1751 1721 1817 assumi-

323 1905 326 1912 .
357 1863 575 1924 1558555555
596 1856 798 1920 administer
817 1858 1045 1922 consiliorum
1064 1870 1099 1925 J·
1121 1881 1170 1941 29.

316 1965 522 2054 Araurgere
541 1963 646 2026 alicui
667 1966 711 2026 de
731 1963 817 2026 sella
837 1965 880 2026 Η.
900 1966 940 2029 V.
963 1986 992 2046 9.

316 2068 480 2140 Astutioe
499 2080 558 2134 aut
577 2071 679 2133 dolus
700 2068 734 2134 51
754 2071 798 2130 ad
818 2072 1006 2132 cavendum
1029 2090 1101 2133 uon
1123 2074 1264 2153 deerant
1284 2073 1320 2133 C.
1342 2073 1392 2135 ab.

317 2178 373 2246 'At
394 2179 433 2242 in
452 2176 627 2262 principio
649 2177 685 2238 C.
707 2178 735 2236 6.
758 2176 787 2236 8.
807 2183 841 2236 at
861 2175 901 2236 hi
925 2184 1045 2238 contra
1065 2178 1101 2238 C.
1127 2199 1173 2238 55.
1194 2187 1228 2238 51
1250 2176 1342 2240 euim
1362 2175 1441 2259 quis
1461 2179 1510 2243 55.
1538 2184 1572 2238 51
1592 2176 1723 2240 111515-

361 2284 462 2348 metsi
482 2296 515 2350 J.
538 2287 586 2346 56.
616 2293 651 2346 51
671 2281 734 2365 qui
754 2289 833 2344 sunt
851 2281 891 2344 hi
912 2285 962 2343 35.
990 2291 1025 2344 51
1046 2281 1102 2345 1111
1123 2283 1224 2347 511551
1245 2289 1295 2363 73.
1326 2293 1361 2345 51
1384 2294 1503 2348 contra
1522 2285 1563 2346 H.
1583 2282 1650 2345 inc.
1675 2303 1722 2364 57.
1840 2344 1843 2346 ,

359 2401 392 2466 J.
413 2393 440 2464 1.
461 2397 496 2453 51
515 2389 646 2453 55111551
667 2388 696 2451 11
717 2389 761 2450 H.
784 2389 811 2450 1.
837 2407 882 2467 59.
905 2394 940 2474 51
961 2395 1035 2450 tum
1056 2397 1128 2451 erat
1149 2389 1235 2452 ibid.
1255 2387 1379 2471 saepius
1399 2411 1477 2451 cum
1498 2409 1544 2452 ac
1564 2387 1724 2454 inlibris

360 2505 541 2558 mutatum.

316 2601 446 2683 *Atque
466 2601 504 2661 id
517 2599 596 2678 jure
615 2603 659 2662 H.
680 2603 707 2663 Ι.
732 2622 778 2679 59.
804 2610 907 2682 atque
928 2603 1001 2666 15555
1022 2603 1141 2664 eadem
1162 2603 1221 2667 Ill.
1245 2618 1294 2662 55.
1313 2607 1416 2680 atque
1436 2619 1514 2661 cum
1535 2598 1641 2682 Curio
1660 2601 1723 2663 111.

362 2708 410 2768 36.
430 2703 532 2786 atque
553 2725 615 2790 ea,
640 2725 717 2788 quae
737 2708 794 2772 IV.
819 2728 866 2769 55.
899 2716 1000 2787 atque
1020 2725 1084 2790 ego
1105 2705 1209 2768 altius
1229 2704 1276 2771 ib.
1299 2713 1392 2766 tanta
1411 2703 1471 2767 515
1485 2703 1600 2766 morbi
1620 2711 1726 2786 atque

363 2812 416 2875 uti
431 2813 524 2876 tabes
536 2819 569 2877 C.
584 2815 634 2876 36.
657 2822 759 2895 atque
780 2813 894 2890 etiam,
917 2833 994 2874 cum
1009 2813 1099 2896 apud
1122 2832 1184 2876 ros
1203 2812 1309 2875 rerba
1327 2813 1359 2873 J.
1375 2812 1425 2878 85.
1448 2819 1551 2891 atque
1572 2830 1638 2896 ego
1658 2813 1726 2874 hoc

362 2939 434 2983 non
453 2942 575 2985 vereor
595 2922 631 2982 C.
651 2925 698 2989 55.
726 2929 828 3002 atque
848 2920 912 2983 ille
932 2919 1091 3004 egregins
1104 2921 1306 3003 adolescens
1321 2923 1369 2981 55.
1392 2917 1538 2980 aliarum
1553 2926 1657 3000 atque
1676 2937 1727 2982 se-

363 3034 463 3089 natus
475 3027 669 3109 partiumC.
685 3033 733 3112 37.
755 3027 822 3090 iter
834 3026 932 3112 aliud
953 3036 1056 3108 atque
1067 3025 1243 3088 Hannibal
1265 3022 1412 3108 patefeci
1432 3026 1609 3087 H.IlI.11.
1631 3032 1728 3094 motu
1754 3025 1758 3033 '

365 3132 519 3214 corporis
546 3134 676 3218 pariter
696 3117 803 3216 ‘atquc
831 3131 958 3208 animo,
978 3133 1095 3196 varius
1123 3134 1155 3193 J.
1180 3149 1246 3200 155.
1279 3120 1351 3195 5555Ι
1365 3129 1467 3194 511155
1486 3139 1589 3211 atque
1609 3129 1727 3193 animo

215 3231 218 3238 ’
315 3311 320 3324 ⁸
365 3239 505 3324 gerebat
527 3261 576 3321 75.
597 3244 691 3303 haud
711 3261 806 3305 secus
826 3249 928 3321 atque
949 3238 987 3300 in
1009 3236 1099 3299 mari
1122 3259 1172 3317 79.
1198 3236 1309 3300 1115515
1329 3237 1455 3301 Graecis
1474 3246 1575 3317 atque
1595 3235 1727 3299 Latinis

361 3345 458 3426 juxta
467 3356 500 3409 et
510 3346 705 3408 doctissime
727 3343 938 3428 5555115595.
960 3361 1005 3406 ne
1025 3362 1118 3404 nunc
1138 3341 1280 3422 quidem
1301 3335 1481 3427 exsurgitis
1499 3350 1601 3423 atque
1622 3339 1727 3403 etiam

365 3451 495 3516 timetis
515 3455 636 3514 55535.
657 3471 790 3514 summa
812 3459 877 3534 ope
898 3447 1076 3529 nitemini,
1097 3457 1200 3529 atque
1221 3468 1263 3511 eo
1283 3447 1519 3511 vehementius
1540 3447 1626 3510 ibid.
1646 3447 1729 3510 satis

365 3557 546 3639 quaesitum
566 3560 637 3620 erat
658 3556 820 3642 dignitati
842 3565 944 3638 atque
965 3555 1068 3618 etiam
1089 3554 1250 3638 prasidio
1271 3557 1314 3616 H.
1338 3557 1364 3616 I.
1390 3561 1437 3618 55.
1457 3553 1516 3617 fin.

327 3659 464 3726 Atrooi
481 3663 622 3750 negotio
644 3665 677 3726 C.
701 3681 748 3745 29.
767 3684 870 3746 quem
899 3682 953 3725 res
980 3671 1073 3725 tanta
1101 3671 1205 3743 atque
1224 3670 1322 3724 atrox
1343 3681 1413 3723 nou
1432 3660 1605 3745 permovit
1628 3661 1676 3722 55.
1696 3678 1728 3721 5.

367 3764 498 3828 bellum
519 3769 683 3848 variaque
702 3768 847 3830 victoria
867 3765 936 3829 luit
952 3777 984 3832 J.
1007 3771 1038 3828 5.
1064 3765 1228 3830 atrociter
1246 3785 1332 3851 resp.
1352 3766 1548 3852 agitabatur
1567 3770 1619 3847 37.
1638 3774 1731 3828 atro-
1837 3849 1852 3860 .

335 3879 338 3892 ·
369 3864 455 3930 citas
476 3870 527 3931 551
552 3891 622 3930 ror.
644 3881 748 3933 atroc.
770 3871 851 3934 iacti
871 3871 1049 3934 leuiebaut
1070 3889 1121 3953 57.

327 3973 530 4039 Attendere
549 3973 638 4038 sorte
656 3977 770 4040 lubuit
801 3980 835 4040 C.
858 3981 906 4041 53.
941 3997 1083 4040 suorum
1108 3985 1142 4040 et
1161 3975 1314 4041 hostium
1333 3996 1387 4043 res
1406 3974 1536 4062 pariter
1554 3977 1731 4040 attendere

331 4142 343 4153 .,
368 4091 402 4148 J·
424 4081 476 4142 88.
497 4081 660 4146 attentius
679 4103 780 4168 agere
800 4087 835 4146 G.
857 4087 908 4148 55.

321 4181 549 4278 'Attigerant
578 4183 683 4272 quem
700 4189 852 4274 primum
872 4181 987 4254 hostes
1013 4190 1046 4252 J.
1068 4209 1138 4250 ιοι.
1165 4185 1299 4252 fulmen
1315 4187 1459 4274 attingit
1477 4189 1571 4286 m·
1595 4206 1642 4266 59.
1674 4200 1731 4250 eu
