<?xml version="1.0" encoding="UTF-8"?>
<!DOCTYPE html PUBLIC "-//W3C//DTD XHTML 1.0 Transitional//EN"
    "http://www.w3.org/TR/xhtml1/DTD/xhtml1-transitional.dtd">
<html xmlns="http://www.w3.org/1999/xhtml" xml:lang="en" lang="en">
 <head>
  <title>
</title>
<meta http-equiv="Content-Type" content="text/html;charset=utf-8" />
  <meta name='ocr-system' content='tesseract 3.04.00' />
  <meta name='ocr-capabilities' content='ocr_page ocr_carea ocr_par ocr_line ocrx_word'/>
</head>
<body>
  <div class='ocr_page' id='page_1' title='image "./salustiiquaeexs00sallgoog_0363.png"; bbox 0 0 4050 5009; ppageno 0'>
   <div class='ocr_carea' id='block_1_1' title="bbox 1597 375 1708 506">
    <p class='ocr_par' dir='ltr' id='par_1_1' title="bbox 1597 375 1708 506">
     <span class='ocr_line' id='line_1_1' title="bbox 1597 375 1708 506; baseline 0.018 -48"><span class='ocrx_word' id='word_1_1' title='bbox 1597 375 1671 460; x_wconf 77' lang='lat' dir='ltr'><strong>sse</strong></span> <span class='ocrx_word' id='word_1_2' title='bbox 1705 499 1708 506; x_wconf 7' lang='grc' dir='ltr'><strong><em>ἦ</em></strong></span> 
     </span>
    </p>
   </div>
   <div class='ocr_carea' id='block_1_2' title="bbox 280 584 1640 726">
    <p class='ocr_par' dir='ltr' id='par_1_2' title="bbox 280 584 1640 726">
     <span class='ocr_line' id='line_1_2' title="bbox 280 584 1640 726; baseline -0.004 -39"><span class='ocrx_word' id='word_1_3' title='bbox 280 715 285 726; x_wconf 34' lang='grc' dir='ltr'><strong><em>Ι</em></strong></span> <span class='ocrx_word' id='word_1_4' title='bbox 332 614 423 688; x_wconf 77' lang='lat' dir='ltr'><strong>ced.</strong></span> <span class='ocrx_word' id='word_1_5' title='bbox 446 584 728 708; x_wconf 52' lang='lat' dir='ltr'><strong>&amp;iisd-5110·</strong></span> <span class='ocrx_word' id='word_1_6' title='bbox 752 613 863 684; x_wconf 80' lang='lat' dir='ltr'><em>XIV.</em></span> <span class='ocrx_word' id='word_1_7' title='bbox 886 611 998 684; x_wconf 80' lang='lat' dir='ltr'><strong>catil.</strong></span> <span class='ocrx_word' id='word_1_8' title='bbox 1022 624 1059 681; x_wconf 84' lang='lat' dir='ltr'><strong>et</strong></span> <span class='ocrx_word' id='word_1_9' title='bbox 1077 613 1171 708; x_wconf 79' lang='lat' dir='ltr'><strong>Jug.</strong></span> <span class='ocrx_word' id='word_1_10' title='bbox 1191 610 1282 682; x_wconf 82' lang='lat' dir='ltr'><strong>liber·</strong></span> <span class='ocrx_word' id='word_1_11' title='bbox 1302 611 1418 684; x_wconf 84' lang='lat' dir='ltr'><strong>nilide</strong></span> <span class='ocrx_word' id='word_1_12' title='bbox 1435 611 1604 702; x_wconf 64' lang='lat' dir='ltr'><strong>scribtus.</strong></span> <span class='ocrx_word' id='word_1_13' title='bbox 1634 701 1640 720; x_wconf 40' lang='grc' dir='ltr'><strong><em>Ι</em></strong></span> 
     </span>
    </p>
   </div>
   <div class='ocr_carea' id='block_1_3' title="bbox 260 779 1783 2037">
    <p class='ocr_par' dir='ltr' id='par_1_3' title="bbox 260 779 1783 1824">
     <span class='ocr_line' id='line_1_3' title="bbox 343 779 1783 876; baseline 0.001 -30"><span class='ocrx_word' id='word_1_14' title='bbox 343 783 412 846; x_wconf 83' lang='lat' dir='ltr'><strong>Cet.</strong></span> <span class='ocrx_word' id='word_1_15' title='bbox 428 783 476 845; x_wconf 79' lang='lat'><strong>51.</strong></span> <span class='ocrx_word' id='word_1_16' title='bbox 495 782 610 846; x_wconf 84' lang='lat' dir='ltr'><strong>Omnes</strong></span> <span class='ocrx_word' id='word_1_17' title='bbox 630 780 715 844; x_wconf 86' lang='lat' dir='ltr'><strong>bcm.</strong></span> <span class='ocrx_word' id='word_1_18' title='bbox 734 784 813 844; x_wconf 89' lang='lat' dir='ltr'><strong>·ira</strong></span> <span class='ocrx_word' id='word_1_19' title='bbox 834 793 889 844; x_wconf 84' lang='lat' dir='ltr'><strong>ant</strong></span> <span class='ocrx_word' id='word_1_20' title='bbox 909 784 978 845; x_wconf 88' lang='lat' dir='ltr'><strong>mis.</strong></span> <span class='ocrx_word' id='word_1_21' title='bbox 1000 817 1018 832; x_wconf 92' lang='lat'><em>·</em></span> <span class='ocrx_word' id='word_1_22' title='bbox 1037 785 1205 846; x_wconf 86' lang='lat' dir='ltr'><strong>lacernul-</strong></span> <span class='ocrx_word' id='word_1_23' title='bbox 1223 779 1505 868; x_wconf 80' lang='lat' dir='ltr'><strong>Krrtbe&#39;ginsnses·</strong></span> <span class='ocrx_word' id='word_1_24' title='bbox 1532 803 1622 874; x_wconf 84' lang='lat' dir='ltr'><strong>quam</strong></span> <span class='ocrx_word' id='word_1_25' title='bbox 1638 786 1672 850; x_wconf 86' lang='lat' dir='ltr'><strong>id</strong></span> <span class='ocrx_word' id='word_1_26' title='bbox 1776 865 1783 876; x_wconf 92' lang='lat'>.</span> 
     </span>
     <span class='ocr_line' id='line_1_4' title="bbox 262 886 1671 974; baseline 0.002 -23"><span class='ocrx_word' id='word_1_27' title='bbox 262 887 304 972; x_wconf 78' lang='lat' dir='ltr'><strong>qd</strong></span> <span class='ocrx_word' id='word_1_28' title='bbox 322 889 357 951; x_wconf 91' lang='lat' dir='ltr'><strong>in</strong></span> <span class='ocrx_word' id='word_1_29' title='bbox 373 891 442 952; x_wconf 88' lang='lat' dir='ltr'><strong>illes</strong></span> <span class='ocrx_word' id='word_1_30' title='bbox 458 921 476 935; x_wconf 92' lang='lat'><em>-</em></span> <span class='ocrx_word' id='word_1_31' title='bbox 494 886 554 950; x_wconf 92' lang='lat' dir='ltr'><strong>bcc</strong></span> <span class='ocrx_word' id='word_1_32' title='bbox 571 889 644 951; x_wconf 88' lang='lat' dir='ltr'><strong>item</strong></span> <span class='ocrx_word' id='word_1_33' title='bbox 660 889 779 972; x_wconf 85' lang='lat' dir='ltr'><strong>prorid.</strong></span> <span class='ocrx_word' id='word_1_34' title='bbox 797 921 817 935; x_wconf 92' lang='lat'><strong>·</strong></span> <span class='ocrx_word' id='word_1_35' title='bbox 831 908 882 970; x_wconf 79' lang='lat' dir='ltr'><strong>ap.</strong></span> <span class='ocrx_word' id='word_1_36' title='bbox 900 909 952 951; x_wconf 85' lang='lat' dir='ltr'><strong>ros</strong></span> <span class='ocrx_word' id='word_1_37' title='bbox 968 893 1065 953; x_wconf 78' lang='lat' dir='ltr'><strong>valeat</strong></span> <span class='ocrx_word' id='word_1_38' title='bbox 1077 920 1096 938; x_wconf 87' lang='lat'>-</span> <span class='ocrx_word' id='word_1_39' title='bbox 1110 892 1137 952; x_wconf 90' lang='lat' dir='ltr'><strong>si</strong></span> <span class='ocrx_word' id='word_1_40' title='bbox 1157 890 1280 973; x_wconf 74' lang='lat' dir='ltr'><strong>magnit.</strong></span> <span class='ocrx_word' id='word_1_41' title='bbox 1298 921 1316 937; x_wconf 92' lang='lat'>-</span> <span class='ocrx_word' id='word_1_42' title='bbox 1330 901 1469 974; x_wconf 75' lang='lat' dir='ltr'><strong>exuperat</strong></span> <span class='ocrx_word' id='word_1_43' title='bbox 1486 923 1502 938; x_wconf 93' lang='lat'><strong>·</strong></span> <span class='ocrx_word' id='word_1_44' title='bbox 1520 893 1671 974; x_wconf 84' lang='lat' dir='ltr'><strong>spoliari-</strong></span> 
     </span>
     <span class='ocr_line' id='line_1_5' title="bbox 261 994 1672 1080; baseline 0.004 -24"><span class='ocrx_word' id='word_1_45' title='bbox 261 995 342 1056; x_wconf 85' lang='lat' dir='ltr'><strong>feme</strong></span> <span class='ocrx_word' id='word_1_46' title='bbox 359 1013 464 1057; x_wconf 83' lang='lat' dir='ltr'><strong>acrum</strong></span> <span class='ocrx_word' id='word_1_47' title='bbox 480 999 580 1058; x_wconf 73' lang='lat' dir='ltr'><strong>-leen</strong></span> <span class='ocrx_word' id='word_1_48' title='bbox 595 998 686 1058; x_wconf 87' lang='lat' dir='ltr'><strong>multi</strong></span> <span class='ocrx_word' id='word_1_49' title='bbox 704 1027 722 1044; x_wconf 92' lang='lat'><strong>·</strong></span> <span class='ocrx_word' id='word_1_50' title='bbox 743 994 898 1058; x_wconf 75' lang='lat' dir='ltr'><strong>iracundia</strong></span> <span class='ocrx_word' id='word_1_51' title='bbox 913 1017 948 1058; x_wconf 90' lang='lat' dir='ltr'><strong>ea</strong></span> <span class='ocrx_word' id='word_1_52' title='bbox 967 997 1096 1078; x_wconf 82' lang='lat' dir='ltr'><strong>imperio</strong></span> <span class='ocrx_word' id='word_1_53' title='bbox 1115 1030 1132 1044; x_wconf 94' lang='lat'><em>-</em></span> <span class='ocrx_word' id='word_1_54' title='bbox 1151 996 1291 1080; x_wconf 87' lang='lat' dir='ltr'><strong>equidem</strong></span> <span class='ocrx_word' id='word_1_55' title='bbox 1312 998 1356 1059; x_wconf 89' lang='lat' dir='ltr'><strong>sic</strong></span> <span class='ocrx_word' id='word_1_56' title='bbox 1378 1019 1422 1061; x_wconf 83' lang='lat' dir='ltr'><strong>er.</strong></span> <span class='ocrx_word' id='word_1_57' title='bbox 1441 1031 1458 1046; x_wconf 92' lang='lat'><em>-</em></span> <span class='ocrx_word' id='word_1_58' title='bbox 1472 998 1603 1060; x_wconf 78' lang='lat' dir='ltr'><strong>laeinura</strong></span> <span class='ocrx_word' id='word_1_59' title='bbox 1620 1019 1672 1062; x_wconf 87' lang='lat' dir='ltr'><strong>ec-</strong></span> 
     </span>
     <span class='ocr_line' id='line_1_6' title="bbox 261 1102 1674 1190; baseline 0.002 -26"><span class='ocrx_word' id='word_1_60' title='bbox 261 1121 330 1164; x_wconf 82' lang='lat' dir='ltr'><strong>rnsn</strong></span> <span class='ocrx_word' id='word_1_61' title='bbox 348 1121 410 1164; x_wconf 66' lang='lat' dir='ltr'><strong>eoa</strong></span> <span class='ocrx_word' id='word_1_62' title='bbox 428 1136 445 1151; x_wconf 91' lang='lat'><em>-</em></span> <span class='ocrx_word' id='word_1_63' title='bbox 466 1106 562 1177; x_wconf 74' lang='lat' dir='ltr'><strong>sevior</strong></span> <span class='ocrx_word' id='word_1_64' title='bbox 581 1103 641 1165; x_wconf 84' lang='lat' dir='ltr'><strong>snit</strong></span> <span class='ocrx_word' id='word_1_65' title='bbox 666 1135 684 1152; x_wconf 93' lang='lat'>-</span> <span class='ocrx_word' id='word_1_66' title='bbox 704 1102 880 1164; x_wconf 82' lang='lat' dir='ltr'><strong>modestiam</strong></span> <span class='ocrx_word' id='word_1_67' title='bbox 899 1103 956 1165; x_wconf 76' lang='lat' dir='ltr'><strong>riri</strong></span> <span class='ocrx_word' id='word_1_68' title='bbox 983 1104 1046 1164; x_wconf 87' lang='lat' dir='ltr'><strong>scio</strong></span> <span class='ocrx_word' id='word_1_69' title='bbox 1074 1135 1090 1150; x_wconf 91' lang='lat'>-</span> <span class='ocrx_word' id='word_1_70' title='bbox 1110 1121 1175 1164; x_wconf 86' lang='lat' dir='ltr'><strong>nou</strong></span> <span class='ocrx_word' id='word_1_71' title='bbox 1195 1113 1293 1164; x_wconf 88' lang='lat' dir='ltr'><strong>cstm.</strong></span> <span class='ocrx_word' id='word_1_72' title='bbox 1313 1103 1374 1164; x_wconf 83' lang='lat' dir='ltr'><strong>visa</strong></span> <span class='ocrx_word' id='word_1_73' title='bbox 1392 1104 1519 1166; x_wconf 86' lang='lat' dir='ltr'><strong>crudelis</strong></span> <span class='ocrx_word' id='word_1_74' title='bbox 1535 1133 1552 1148; x_wconf 88' lang='lat'><strong>··</strong></span> <span class='ocrx_word' id='word_1_75' title='bbox 1567 1124 1674 1190; x_wconf 84' lang='lat' dir='ltr'><strong>super·</strong></span> 
     </span>
     <span class='ocr_line' id='line_1_7' title="bbox 261 1208 1673 1294; baseline 0.002 -25"><span class='ocrx_word' id='word_1_76' title='bbox 261 1227 389 1270; x_wconf 75' lang='lat' dir='ltr'><strong>vacuum</strong></span> <span class='ocrx_word' id='word_1_77' title='bbox 411 1241 431 1257; x_wconf 94' lang='lat'><em>-</em></span> <span class='ocrx_word' id='word_1_78' title='bbox 454 1213 615 1291; x_wconf 67' lang='lat' dir='ltr'><strong>presertim</strong></span> <span class='ocrx_word' id='word_1_79' title='bbox 639 1229 710 1272; x_wconf 89' lang='lat' dir='ltr'><strong>cnm</strong></span> <span class='ocrx_word' id='word_1_80' title='bbox 726 1242 742 1257; x_wconf 90' lang='lat'>-</span> <span class='ocrx_word' id='word_1_81' title='bbox 760 1218 926 1291; x_wconf 75' lang='lat' dir='ltr'><strong>postumat</strong></span> <span class='ocrx_word' id='word_1_82' title='bbox 945 1208 1044 1270; x_wconf 85' lang='lat' dir='ltr'><strong>dicere</strong></span> <span class='ocrx_word' id='word_1_83' title='bbox 1063 1209 1097 1269; x_wconf 87' lang='lat' dir='ltr'><strong>id</strong></span> <span class='ocrx_word' id='word_1_84' title='bbox 1116 1243 1132 1257; x_wconf 93' lang='lat'>-</span> <span class='ocrx_word' id='word_1_85' title='bbox 1149 1209 1183 1270; x_wconf 90' lang='lat' dir='ltr'><strong>in</strong></span> <span class='ocrx_word' id='word_1_86' title='bbox 1204 1228 1253 1270; x_wconf 87' lang='lat' dir='ltr'><strong>ecs</strong></span> <span class='ocrx_word' id='word_1_87' title='bbox 1273 1208 1443 1273; x_wconf 78' lang='lat' dir='ltr'><strong>verberibus</strong></span> <span class='ocrx_word' id='word_1_88' title='bbox 1463 1243 1481 1257; x_wconf 93' lang='lat'>-</span> <span class='ocrx_word' id='word_1_89' title='bbox 1508 1231 1547 1271; x_wconf 87' lang='lat' dir='ltr'><strong>un</strong></span> <span class='ocrx_word' id='word_1_90' title='bbox 1569 1209 1604 1271; x_wconf 86' lang='lat' dir='ltr'><strong>id</strong></span> <span class='ocrx_word' id='word_1_91' title='bbox 1627 1230 1673 1294; x_wconf 89' lang='lat' dir='ltr'><strong>eo,</strong></span> 
     </span>
     <span class='ocr_line' id='line_1_8' title="bbox 262 1315 1673 1400; baseline 0.003 -26"><span class='ocrx_word' id='word_1_92' title='bbox 262 1315 335 1394; x_wconf 84' lang='lat' dir='ltr'><strong>quia</strong></span> <span class='ocrx_word' id='word_1_93' title='bbox 352 1344 372 1362; x_wconf 93' lang='lat'>·</span> <span class='ocrx_word' id='word_1_94' title='bbox 383 1318 477 1376; x_wconf 81' lang='lat' dir='ltr'><strong>vitam</strong></span> <span class='ocrx_word' id='word_1_95' title='bbox 496 1336 560 1376; x_wconf 88' lang='lat' dir='ltr'><strong>non</strong></span> <span class='ocrx_word' id='word_1_96' title='bbox 580 1317 657 1399; x_wconf 83' lang='lat' dir='ltr'><strong>eripi</strong></span> <span class='ocrx_word' id='word_1_97' title='bbox 674 1349 691 1362; x_wconf 89' lang='lat'><strong>·</strong></span> <span class='ocrx_word' id='word_1_98' title='bbox 711 1315 764 1384; x_wconf 79' lang='lat' dir='ltr'><strong>scd</strong></span> <span class='ocrx_word' id='word_1_99' title='bbox 780 1317 815 1378; x_wconf 91' lang='lat' dir='ltr'><strong>in</strong></span> <span class='ocrx_word' id='word_1_100' title='bbox 830 1318 900 1391; x_wconf 76' lang='lat' dir='ltr'><strong>exit,</strong></span> <span class='ocrx_word' id='word_1_101' title='bbox 919 1317 1001 1378; x_wconf 89' lang='lat' dir='ltr'><strong>mitti</strong></span> <span class='ocrx_word' id='word_1_102' title='bbox 1021 1319 1130 1395; x_wconf 81' lang='lat' dir='ltr'><strong>jubent</strong></span> <span class='ocrx_word' id='word_1_103' title='bbox 1146 1346 1164 1364; x_wconf 91' lang='lat'>-</span> <span class='ocrx_word' id='word_1_104' title='bbox 1189 1335 1275 1400; x_wconf 80' lang='lat' dir='ltr'><strong>grave</strong></span> <span class='ocrx_word' id='word_1_105' title='bbox 1291 1325 1336 1377; x_wconf 87' lang='lat' dir='ltr'><strong>est</strong></span> <span class='ocrx_word' id='word_1_106' title='bbox 1353 1347 1373 1364; x_wconf 92' lang='lat'>-</span> <span class='ocrx_word' id='word_1_107' title='bbox 1393 1317 1485 1378; x_wconf 82' lang='lat' dir='ltr'><strong>levius</strong></span> <span class='ocrx_word' id='word_1_108' title='bbox 1500 1326 1545 1378; x_wconf 86' lang='lat' dir='ltr'><strong>est</strong></span> <span class='ocrx_word' id='word_1_109' title='bbox 1563 1348 1581 1365; x_wconf 92' lang='lat'><em>·</em></span> <span class='ocrx_word' id='word_1_110' title='bbox 1598 1316 1673 1400; x_wconf 82' lang='lat' dir='ltr'><strong>quid</strong></span> 
     </span>
     <span class='ocr_line' id='line_1_9' title="bbox 262 1421 1673 1507; baseline 0.004 -27"><span class='ocrx_word' id='word_1_111' title='bbox 262 1422 431 1483; x_wconf 70' lang='lat' dir='ltr'><strong>couvenit-</strong></span> <span class='ocrx_word' id='word_1_112' title='bbox 454 1422 488 1482; x_wconf 95' lang='lat' dir='ltr'><strong>in</strong></span> <span class='ocrx_word' id='word_1_113' title='bbox 508 1423 619 1483; x_wconf 87' lang='lat' dir='ltr'><strong>minori</strong></span> <span class='ocrx_word' id='word_1_114' title='bbox 644 1423 768 1507; x_wconf 77' lang='lat' dir='ltr'><strong>negotio</strong></span> <span class='ocrx_word' id='word_1_115' title='bbox 791 1455 808 1470; x_wconf 93' lang='lat'><strong>·</strong></span> <span class='ocrx_word' id='word_1_116' title='bbox 834 1424 869 1483; x_wconf 92' lang='lat' dir='ltr'><strong>in</strong></span> <span class='ocrx_word' id='word_1_117' title='bbox 888 1422 996 1503; x_wconf 76' lang='lat' dir='ltr'><strong>majori</strong></span> <span class='ocrx_word' id='word_1_118' title='bbox 1015 1454 1035 1472; x_wconf 91' lang='lat'>·</span> <span class='ocrx_word' id='word_1_119' title='bbox 1062 1442 1097 1482; x_wconf 84' lang='lat' dir='ltr'><strong>ex</strong></span> <span class='ocrx_word' id='word_1_120' title='bbox 1116 1421 1204 1484; x_wconf 87' lang='lat' dir='ltr'><strong>bonis</strong></span> <span class='ocrx_word' id='word_1_121' title='bbox 1225 1423 1312 1484; x_wconf 88' lang='lat' dir='ltr'><strong>rebus</strong></span> <span class='ocrx_word' id='word_1_122' title='bbox 1330 1453 1349 1471; x_wconf 93' lang='lat'>-</span> <span class='ocrx_word' id='word_1_123' title='bbox 1369 1423 1543 1507; x_wconf 76' lang='lat' dir='ltr'><strong>ndignatus</strong></span> <span class='ocrx_word' id='word_1_124' title='bbox 1564 1425 1640 1486; x_wconf 84' lang='lat' dir='ltr'><strong>cives</strong></span> <span class='ocrx_word' id='word_1_125' title='bbox 1656 1452 1673 1467; x_wconf 93' lang='lat'>·</span> 
     </span>
     <span class='ocr_line' id='line_1_10' title="bbox 262 1525 1672 1612; baseline 0.004 -27"><span class='ocrx_word' id='word_1_126' title='bbox 262 1525 531 1588; x_wconf 77' lang='lat' dir='ltr'><strong>incondemnatam</strong></span> <span class='ocrx_word' id='word_1_127' title='bbox 552 1547 658 1589; x_wconf 80' lang='lat' dir='ltr'><strong>necare</strong></span> <span class='ocrx_word' id='word_1_128' title='bbox 677 1563 693 1576; x_wconf 91' lang='lat'>-</span> <span class='ocrx_word' id='word_1_129' title='bbox 712 1539 863 1611; x_wconf 82' lang='lat' dir='ltr'><strong>postremo</strong></span> <span class='ocrx_word' id='word_1_130' title='bbox 884 1549 953 1610; x_wconf 80' lang='lat' dir='ltr'><strong>ras,</strong></span> <span class='ocrx_word' id='word_1_131' title='bbox 972 1529 1184 1590; x_wconf 80' lang='lat' dir='ltr'><strong>rcsu&#39;mcntum</strong></span> <span class='ocrx_word' id='word_1_132' title='bbox 1211 1563 1227 1577; x_wconf 93' lang='lat'>-</span> <span class='ocrx_word' id='word_1_133' title='bbox 1249 1531 1294 1591; x_wconf 86' lang='lat' dir='ltr'><strong>nti</strong></span> <span class='ocrx_word' id='word_1_134' title='bbox 1315 1531 1340 1590; x_wconf 89' lang='lat' dir='ltr'><strong>is</strong></span> <span class='ocrx_word' id='word_1_135' title='bbox 1357 1562 1376 1578; x_wconf 94' lang='lat'>·</span> <span class='ocrx_word' id='word_1_136' title='bbox 1394 1531 1502 1594; x_wconf 75' lang='lat' dir='ltr'><strong>inciv-</strong></span> <span class='ocrx_word' id='word_1_137' title='bbox 1523 1551 1632 1612; x_wconf 80' lang='lat' dir='ltr'><strong>magna</strong></span> <span class='ocrx_word' id='word_1_138' title='bbox 1655 1563 1672 1578; x_wconf 90' lang='lat'><em>-</em></span> 
     </span>
     <span class='ocr_line' id='line_1_11' title="bbox 261 1629 1672 1719; baseline 0.007 -33"><span class='ocrx_word' id='word_1_139' title='bbox 261 1629 300 1688; x_wconf 86' lang='lat' dir='ltr'><strong>ab</strong></span> <span class='ocrx_word' id='word_1_140' title='bbox 319 1632 409 1692; x_wconf 87' lang='lat' dir='ltr'><strong>tuscis</strong></span> <span class='ocrx_word' id='word_1_141' title='bbox 425 1635 565 1714; x_wconf 85' lang='lat' dir='ltr'><strong>pleraque</strong></span> <span class='ocrx_word' id='word_1_142' title='bbox 583 1643 653 1696; x_wconf 86' lang='lat' dir='ltr'><strong>snut</strong></span> <span class='ocrx_word' id='word_1_143' title='bbox 672 1668 689 1680; x_wconf 93' lang='lat'>-</span> <span class='ocrx_word' id='word_1_144' title='bbox 706 1634 766 1696; x_wconf 85' lang='lat' dir='ltr'><strong>Sed</strong></span> <span class='ocrx_word' id='word_1_145' title='bbox 786 1635 891 1696; x_wconf 86' lang='lat' dir='ltr'><strong>eodem</strong></span> <span class='ocrx_word' id='word_1_146' title='bbox 913 1646 1046 1719; x_wconf 85' lang='lat' dir='ltr'><strong>tempore</strong></span> <span class='ocrx_word' id='word_1_147' title='bbox 1062 1669 1079 1682; x_wconf 93' lang='lat'><em>-</em></span> <span class='ocrx_word' id='word_1_148' title='bbox 1094 1645 1243 1716; x_wconf 85' lang='lat' dir='ltr'><strong>postremo</strong></span> <span class='ocrx_word' id='word_1_149' title='bbox 1267 1635 1321 1698; x_wconf 90' lang='lat' dir='ltr'><strong>ubi</strong></span> <span class='ocrx_word' id='word_1_150' title='bbox 1338 1655 1415 1716; x_wconf 89' lang='lat' dir='ltr'><strong>resp.</strong></span> <span class='ocrx_word' id='word_1_151' title='bbox 1435 1633 1565 1695; x_wconf 85' lang='lat' dir='ltr'><strong>adolevit</strong></span> <span class='ocrx_word' id='word_1_152' title='bbox 1580 1667 1600 1683; x_wconf 89' lang='lat'><strong>·</strong></span> <span class='ocrx_word' id='word_1_153' title='bbox 1611 1654 1672 1696; x_wconf 80' lang='lat' dir='ltr'><strong>cru·</strong></span> 
     </span>
     <span class='ocr_line' id='line_1_12' title="bbox 260 1737 1376 1824; baseline 0.004 -27"><span class='ocrx_word' id='word_1_154' title='bbox 260 1756 331 1816; x_wconf 85' lang='lat' dir='ltr'><strong>pere</strong></span> <span class='ocrx_word' id='word_1_155' title='bbox 350 1739 416 1800; x_wconf 86' lang='lat' dir='ltr'><strong>lieri</strong></span> <span class='ocrx_word' id='word_1_156' title='bbox 432 1771 446 1785; x_wconf 91' lang='lat'><strong>·</strong></span> <span class='ocrx_word' id='word_1_157' title='bbox 466 1737 529 1820; x_wconf 76' lang='lat' dir='ltr'><strong>Ego</strong></span> <span class='ocrx_word' id='word_1_158' title='bbox 549 1737 628 1801; x_wconf 79' lang='lat' dir='ltr'><strong>benc</strong></span> <span class='ocrx_word' id='word_1_159' title='bbox 652 1761 770 1802; x_wconf 83' lang='lat' dir='ltr'><strong>causam</strong></span> <span class='ocrx_word' id='word_1_160' title='bbox 790 1777 806 1790; x_wconf 93' lang='lat'><em>-</em></span> <span class='ocrx_word' id='word_1_161' title='bbox 825 1749 923 1822; x_wconf 80' lang='lat' dir='ltr'><strong>major</strong></span> <span class='ocrx_word' id='word_1_162' title='bbox 941 1744 1002 1802; x_wconf 90' lang='lat' dir='ltr'><strong>illis</strong></span> <span class='ocrx_word' id='word_1_163' title='bbox 1023 1743 1082 1804; x_wconf 82' lang='lat' dir='ltr'><strong>fuit</strong></span> <span class='ocrx_word' id='word_1_164' title='bbox 1104 1775 1123 1790; x_wconf 93' lang='lat'><em>-</em></span> <span class='ocrx_word' id='word_1_165' title='bbox 1140 1743 1247 1824; x_wconf 77' lang='lat' dir='ltr'>nequis</span> <span class='ocrx_word' id='word_1_166' title='bbox 1265 1741 1302 1802; x_wconf 92' lang='lat' dir='ltr'><strong>de</strong></span> <span class='ocrx_word' id='word_1_167' title='bbox 1319 1739 1376 1803; x_wconf 89' lang='lat' dir='ltr'><strong>bis.</strong></span> 
     </span>
    </p>

    <p class='ocr_par' dir='ltr' id='par_1_4' title="bbox 263 1843 1670 2037">
     <span class='ocr_line' id='line_1_13' title="bbox 344 1843 1670 1930; baseline 0.003 -26"><span class='ocrx_word' id='word_1_168' title='bbox 344 1843 380 1908; x_wconf 88' lang='lat' dir='ltr'><strong>C.</strong></span> <span class='ocrx_word' id='word_1_169' title='bbox 403 1847 453 1906; x_wconf 73' lang='lat' dir='ltr'><strong>ia.</strong></span> <span class='ocrx_word' id='word_1_170' title='bbox 473 1845 550 1906; x_wconf 89' lang='lat' dir='ltr'><strong>alius</strong></span> <span class='ocrx_word' id='word_1_171' title='bbox 570 1847 624 1907; x_wconf 87' lang='lat' dir='ltr'><strong>alii</strong></span> <span class='ocrx_word' id='word_1_172' title='bbox 643 1848 879 1910; x_wconf 73' lang='lat' dir='ltr'><strong>assentiebantur</strong></span> <span class='ocrx_word' id='word_1_173' title='bbox 893 1879 913 1896; x_wconf 89' lang='lat'><strong>·</strong></span> <span class='ocrx_word' id='word_1_174' title='bbox 936 1869 1055 1910; x_wconf 84' lang='lat' dir='ltr'><strong>mecum</strong></span> <span class='ocrx_word' id='word_1_175' title='bbox 1076 1849 1139 1929; x_wconf 85' lang='lat' dir='ltr'><strong>ipsc</strong></span> <span class='ocrx_word' id='word_1_176' title='bbox 1158 1859 1265 1930; x_wconf 82' lang='lat' dir='ltr'><strong>reputo</strong></span> <span class='ocrx_word' id='word_1_177' title='bbox 1281 1878 1301 1896; x_wconf 92' lang='lat'>-</span> <span class='ocrx_word' id='word_1_178' title='bbox 1325 1857 1441 1928; x_wconf 86' lang='lat' dir='ltr'><strong>parent.</strong></span> <span class='ocrx_word' id='word_1_179' title='bbox 1460 1881 1476 1894; x_wconf 89' lang='lat'>-</span> <span class='ocrx_word' id='word_1_180' title='bbox 1500 1847 1557 1908; x_wconf 87' lang='lat' dir='ltr'><strong>eris</strong></span> <span class='ocrx_word' id='word_1_181' title='bbox 1576 1877 1595 1894; x_wconf 91' lang='lat'>-</span> <span class='ocrx_word' id='word_1_182' title='bbox 1616 1865 1670 1926; x_wconf 87' lang='lat' dir='ltr'><strong>pa-</strong></span> 
     </span>
     <span class='ocr_line' id='line_1_14' title="bbox 263 1931 1669 2037; baseline 0.002 -30"><span class='ocrx_word' id='word_1_183' title='bbox 263 1948 325 2008; x_wconf 73' lang='lat' dir='ltr'><strong>trie</strong></span> <span class='ocrx_word' id='word_1_184' title='bbox 343 1959 432 2030; x_wconf 87' lang='lat' dir='ltr'><strong>atque</strong></span> <span class='ocrx_word' id='word_1_185' title='bbox 454 1952 527 2010; x_wconf 87' lang='lat' dir='ltr'><strong>locis</strong></span> <span class='ocrx_word' id='word_1_186' title='bbox 550 1986 567 1998; x_wconf 95' lang='lat'>-</span> <span class='ocrx_word' id='word_1_187' title='bbox 591 1953 746 2014; x_wconf 77' lang='lat' dir='ltr'><strong>malefacta</strong></span> <span class='ocrx_word' id='word_1_188' title='bbox 763 1987 779 2000; x_wconf 89' lang='lat'>-</span> <span class='ocrx_word' id='word_1_189' title='bbox 801 1953 855 2013; x_wconf 87' lang='lat' dir='ltr'><strong>ubi</strong></span> <span class='ocrx_word' id='word_1_190' title='bbox 872 1957 1002 2014; x_wconf 80' lang='lat' dir='ltr'><strong>evenerit</strong></span> <span class='ocrx_word' id='word_1_191' title='bbox 1015 1989 1032 2004; x_wconf 88' lang='lat'><strong>·</strong></span> <span class='ocrx_word' id='word_1_192' title='bbox 1054 1953 1170 2018; x_wconf 81' lang='lat' dir='ltr'><strong>tabulas</strong></span> <span class='ocrx_word' id='word_1_193' title='bbox 1190 1957 1286 2037; x_wconf 78' lang='lat' dir='ltr'><strong>pluria</strong></span> <span class='ocrx_word' id='word_1_194' title='bbox 1304 1986 1323 2003; x_wconf 95' lang='lat'>·</span> <span class='ocrx_word' id='word_1_195' title='bbox 1349 1960 1553 2034; x_wconf 81' lang='lat' dir='ltr'><strong>culuscunque</strong></span> <span class='ocrx_word' id='word_1_196' title='bbox 1587 1931 1669 2010; x_wconf 84' lang='lat' dir='ltr'><strong>modi</strong></span> 
     </span>
    </p>
   </div>
   <div class='ocr_carea' id='block_1_4' title="bbox 130 2055 1708 2136">
    <p class='ocr_par' dir='ltr' id='par_1_5' title="bbox 130 2055 1708 2136">
     <span class='ocr_line' id='line_1_15' title="bbox 130 2055 1708 2136; baseline 0.003 -25"><span class='ocrx_word' id='word_1_197' title='bbox 130 2117 138 2130; x_wconf 50' lang='grc'><em>,</em></span> <span class='ocrx_word' id='word_1_198' title='bbox 261 2063 333 2114; x_wconf 75' lang='lat' dir='ltr'><strong>sunt</strong></span> <span class='ocrx_word' id='word_1_199' title='bbox 352 2087 370 2102; x_wconf 88' lang='lat'><strong>·</strong></span> <span class='ocrx_word' id='word_1_200' title='bbox 388 2066 419 2115; x_wconf 90' lang='lat' dir='ltr'><strong>et</strong></span> <span class='ocrx_word' id='word_1_201' title='bbox 435 2057 593 2116; x_wconf 82' lang='lat' dir='ltr'><strong>malciscta</strong></span> <span class='ocrx_word' id='word_1_202' title='bbox 612 2055 822 2117; x_wconf 83' lang='lat' dir='ltr'><strong>condonabam</strong></span> <span class='ocrx_word' id='word_1_203' title='bbox 843 2089 860 2102; x_wconf 90' lang='lat'>-</span> <span class='ocrx_word' id='word_1_204' title='bbox 879 2059 968 2118; x_wconf 83' lang='lat' dir='ltr'><strong>bunis</strong></span> <span class='ocrx_word' id='word_1_205' title='bbox 988 2075 1029 2116; x_wconf 92' lang='lat' dir='ltr'><strong>an</strong></span> <span class='ocrx_word' id='word_1_206' title='bbox 1046 2058 1134 2116; x_wconf 86' lang='lat' dir='ltr'><strong>malis</strong></span> <span class='ocrx_word' id='word_1_207' title='bbox 1153 2088 1168 2102; x_wconf 94' lang='lat'><em>-</em></span> <span class='ocrx_word' id='word_1_208' title='bbox 1194 2059 1245 2114; x_wconf 87' lang='lat' dir='ltr'><strong>scd</strong></span> <span class='ocrx_word' id='word_1_209' title='bbox 1265 2066 1349 2134; x_wconf 77' lang='lat' dir='ltr'><strong>culus</strong></span> <span class='ocrx_word' id='word_1_210' title='bbox 1367 2056 1429 2116; x_wconf 77' lang='lat' dir='ltr'><strong>hec</strong></span> <span class='ocrx_word' id='word_1_211' title='bbox 1448 2077 1566 2136; x_wconf 88' lang='lat' dir='ltr'><strong>cunque</strong></span> <span class='ocrx_word' id='word_1_212' title='bbox 1586 2055 1680 2116; x_wconf 88' lang='lat' dir='ltr'><strong>mcdi&#39;</strong></span> <span class='ocrx_word' id='word_1_213' title='bbox 1696 2095 1708 2128; x_wconf 65' lang='lat'><strong>,·</strong></span> 
     </span>
    </p>
   </div>
   <div class='ocr_carea' id='block_1_5' title="bbox 188 2157 1675 4332">
    <p class='ocr_par' dir='ltr' id='par_1_6' title="bbox 254 2157 1670 2878">
     <span class='ocr_line' id='line_1_16' title="bbox 261 2157 1670 2232; baseline 0.001 -14"><span class='ocrx_word' id='word_1_214' title='bbox 261 2158 431 2220; x_wconf 77' lang='lat' dir='ltr'><strong>videntur-</strong></span> <span class='ocrx_word' id='word_1_215' title='bbox 451 2157 582 2222; x_wconf 86' lang='lat' dir='ltr'><strong>bostium</strong></span> <span class='ocrx_word' id='word_1_216' title='bbox 602 2172 726 2232; x_wconf 77' lang='lat' dir='ltr'><strong>ventura</strong></span> <span class='ocrx_word' id='word_1_217' title='bbox 745 2163 808 2223; x_wconf 89' lang='lat' dir='ltr'><strong>siut</strong></span> <span class='ocrx_word' id='word_1_218' title='bbox 825 2195 844 2210; x_wconf 88' lang='lat'><strong>·</strong></span> <span class='ocrx_word' id='word_1_219' title='bbox 865 2184 931 2227; x_wconf 70' lang='lat' dir='ltr'><strong>voc,</strong></span> <span class='ocrx_word' id='word_1_220' title='bbox 952 2181 1052 2224; x_wconf 85' lang='lat' dir='ltr'><strong>rerum</strong></span> <span class='ocrx_word' id='word_1_221' title='bbox 1074 2195 1092 2210; x_wconf 93' lang='lat'>-</span> <span class='ocrx_word' id='word_1_222' title='bbox 1112 2163 1146 2222; x_wconf 86' lang='lat' dir='ltr'><strong>in</strong></span> <span class='ocrx_word' id='word_1_223' title='bbox 1163 2159 1302 2222; x_wconf 87' lang='lat' dir='ltr'><strong>custodia</strong></span> <span class='ocrx_word' id='word_1_224' title='bbox 1320 2157 1473 2220; x_wconf 82' lang='lat' dir='ltr'><strong>habendc&#39;s</strong></span> <span class='ocrx_word' id='word_1_225' title='bbox 1487 2191 1502 2205; x_wconf 92' lang='lat'>·</span> <span class='ocrx_word' id='word_1_226' title='bbox 1522 2180 1560 2219; x_wconf 89' lang='lat' dir='ltr'><strong>ne</strong></span> <span class='ocrx_word' id='word_1_227' title='bbox 1578 2180 1670 2220; x_wconf 82' lang='lat' dir='ltr'><strong>romae</strong></span> 
     </span>
     <span class='ocr_line' id='line_1_17' title="bbox 261 2263 1669 2350; baseline 0.004 -28"><span class='ocrx_word' id='word_1_228' title='bbox 261 2264 289 2322; x_wconf 86' lang='lat' dir='ltr'><strong>si</strong></span> <span class='ocrx_word' id='word_1_229' title='bbox 309 2265 371 2325; x_wconf 88' lang='lat' dir='ltr'><strong>sint</strong></span> <span class='ocrx_word' id='word_1_230' title='bbox 391 2297 408 2312; x_wconf 90' lang='lat'><em>-</em></span> <span class='ocrx_word' id='word_1_231' title='bbox 429 2277 461 2327; x_wconf 93' lang='lat' dir='ltr'><strong>et</strong></span> <span class='ocrx_word' id='word_1_232' title='bbox 478 2269 593 2328; x_wconf 84' lang='lat' dir='ltr'><strong>scelesti</strong></span> <span class='ocrx_word' id='word_1_233' title='bbox 607 2297 625 2310; x_wconf 92' lang='lat'><strong>·</strong></span> <span class='ocrx_word' id='word_1_234' title='bbox 640 2269 770 2329; x_wconf 87' lang='lat' dir='ltr'><strong>minores</strong></span> <span class='ocrx_word' id='word_1_235' title='bbox 788 2279 860 2330; x_wconf 82' lang='lat' dir='ltr'><strong>sunt</strong></span> <span class='ocrx_word' id='word_1_236' title='bbox 876 2302 892 2315; x_wconf 93' lang='lat'><em>-</em></span> <span class='ocrx_word' id='word_1_237' title='bbox 911 2267 988 2329; x_wconf 89' lang='lat' dir='ltr'><strong>mibi</strong></span> <span class='ocrx_word' id='word_1_238' title='bbox 1007 2266 1150 2350; x_wconf 80' lang='lat' dir='ltr'><strong>uobisque</strong></span> <span class='ocrx_word' id='word_1_239' title='bbox 1171 2269 1275 2328; x_wconf 87' lang='lat' dir='ltr'><strong>timere</strong></span> <span class='ocrx_word' id='word_1_240' title='bbox 1288 2301 1306 2314; x_wconf 94' lang='lat'>-</span> <span class='ocrx_word' id='word_1_241' title='bbox 1328 2263 1464 2328; x_wconf 88' lang='lat' dir='ltr'><strong>habitote</strong></span> <span class='ocrx_word' id='word_1_242' title='bbox 1483 2265 1520 2326; x_wconf 88' lang='lat' dir='ltr'><strong>de</strong></span> <span class='ocrx_word' id='word_1_243' title='bbox 1541 2267 1669 2328; x_wconf 79' lang='lat' dir='ltr'><strong>exercitu</strong></span> 
     </span>
     <span class='ocr_line' id='line_1_18' title="bbox 263 2368 1668 2456; baseline 0.003 -28"><span class='ocrx_word' id='word_1_244' title='bbox 263 2368 420 2432; x_wconf 83' lang='lat' dir='ltr'><strong>Catilina·</strong></span> <span class='ocrx_word' id='word_1_245' title='bbox 434 2393 469 2433; x_wconf 84' lang='lat' dir='ltr'><strong>ea</strong></span> <span class='ocrx_word' id='word_1_246' title='bbox 482 2374 568 2456; x_wconf 79' lang='lat' dir='ltr'><strong>agitis</strong></span> <span class='ocrx_word' id='word_1_247' title='bbox 577 2408 593 2421; x_wconf 94' lang='lat'><em>-</em></span> <span class='ocrx_word' id='word_1_248' title='bbox 606 2378 846 2456; x_wconf 83' lang='lat' dir='ltr'><strong>pulcerrimum·</strong></span> <span class='ocrx_word' id='word_1_249' title='bbox 865 2373 1025 2436; x_wconf 73' lang='lat' dir='ltr'><strong>discrimen</strong></span> <span class='ocrx_word' id='word_1_250' title='bbox 1037 2383 1080 2435; x_wconf 86' lang='lat' dir='ltr'><strong>est</strong></span> <span class='ocrx_word' id='word_1_251' title='bbox 1090 2375 1237 2436; x_wconf 87' lang='lat' dir='ltr'><strong>nullum-</strong></span> <span class='ocrx_word' id='word_1_252' title='bbox 1252 2382 1404 2435; x_wconf 83' lang='lat' dir='ltr'><strong>arcessunt</strong></span> <span class='ocrx_word' id='word_1_253' title='bbox 1414 2402 1434 2420; x_wconf 90' lang='lat'><strong>·</strong></span> <span class='ocrx_word' id='word_1_254' title='bbox 1450 2393 1518 2432; x_wconf 91' lang='lat' dir='ltr'><strong>curn</strong></span> <span class='ocrx_word' id='word_1_255' title='bbox 1539 2373 1668 2433; x_wconf 81' lang='lat' dir='ltr'><strong>exercitu</strong></span> 
     </span>
     <span class='ocr_line' id='line_1_19' title="bbox 262 2463 1667 2564; baseline 0.001 -30"><span class='ocrx_word' id='word_1_256' title='bbox 262 2495 353 2556; x_wconf 84' lang='lat' dir='ltr'><strong>supra</strong></span> <span class='ocrx_word' id='word_1_257' title='bbox 367 2489 457 2558; x_wconf 83' lang='lat' dir='ltr'><strong>caput</strong></span> <span class='ocrx_word' id='word_1_258' title='bbox 475 2491 520 2540; x_wconf 84' lang='lat' dir='ltr'><strong>est</strong></span> <span class='ocrx_word' id='word_1_259' title='bbox 535 2516 552 2528; x_wconf 95' lang='lat'>-</span> <span class='ocrx_word' id='word_1_260' title='bbox 570 2491 599 2541; x_wconf 84' lang='lat' dir='ltr'><strong>et</strong></span> <span class='ocrx_word' id='word_1_261' title='bbox 621 2483 765 2543; x_wconf 88' lang='lat' dir='ltr'><strong>dubitatis</strong></span> <span class='ocrx_word' id='word_1_262' title='bbox 785 2513 802 2530; x_wconf 92' lang='lat'><strong>·</strong></span> <span class='ocrx_word' id='word_1_263' title='bbox 830 2479 1022 2564; x_wconf 77' lang='lat' dir='ltr'><strong>deprebensis·</strong></span> <span class='ocrx_word' id='word_1_264' title='bbox 1046 2479 1159 2543; x_wconf 83' lang='lat' dir='ltr'><strong>uiribus</strong></span> <span class='ocrx_word' id='word_1_265' title='bbox 1174 2513 1191 2528; x_wconf 92' lang='lat'>-</span> <span class='ocrx_word' id='word_1_266' title='bbox 1219 2479 1270 2540; x_wconf 78' lang='lat' dir='ltr'><strong>aed</strong></span> <span class='ocrx_word' id='word_1_267' title='bbox 1289 2489 1388 2542; x_wconf 87' lang='lat' dir='ltr'><strong>lamen</strong></span> <span class='ocrx_word' id='word_1_268' title='bbox 1406 2478 1514 2548; x_wconf 88' lang='lat' dir='ltr'><strong>timec,</strong></span> <span class='ocrx_word' id='word_1_269' title='bbox 1547 2498 1586 2537; x_wconf 88' lang='lat' dir='ltr'><strong>ne</strong></span> <span class='ocrx_word' id='word_1_270' title='bbox 1610 2463 1667 2536; x_wconf 80' lang='lat' dir='ltr'><strong>iste</strong></span> 
     </span>
     <span class='ocr_line' id='line_1_20' title="bbox 263 2581 1669 2674; baseline 0 -32"><span class='ocrx_word' id='word_1_271' title='bbox 263 2581 348 2642; x_wconf 83' lang='lat' dir='ltr'><strong>robis</strong></span> <span class='ocrx_word' id='word_1_272' title='bbox 363 2614 382 2632; x_wconf 92' lang='lat'>-</span> <span class='ocrx_word' id='word_1_273' title='bbox 400 2599 588 2650; x_wconf 80' lang='lat' dir='ltr'><strong>convertatur</strong></span> <span class='ocrx_word' id='word_1_274' title='bbox 610 2623 627 2637; x_wconf 92' lang='lat'><strong>·</strong></span> <span class='ocrx_word' id='word_1_275' title='bbox 645 2589 784 2653; x_wconf 73' lang='lat' dir='ltr'><strong>videlicet</strong></span> <span class='ocrx_word' id='word_1_276' title='bbox 801 2588 859 2652; x_wconf 87' lang='lat' dir='ltr'><strong>diis</strong></span> <span class='ocrx_word' id='word_1_277' title='bbox 882 2591 936 2654; x_wconf 89' lang='lat' dir='ltr'><strong>im.</strong></span> <span class='ocrx_word' id='word_1_278' title='bbox 956 2622 975 2639; x_wconf 89' lang='lat'>-</span> <span class='ocrx_word' id='word_1_279' title='bbox 1001 2589 1060 2674; x_wconf 81' lang='lat' dir='ltr'><strong>vig.</strong></span> <span class='ocrx_word' id='word_1_280' title='bbox 1085 2585 1289 2662; x_wconf 87' lang='lat' dir='ltr'><strong>consulendo,</strong></span> <span class='ocrx_word' id='word_1_281' title='bbox 1309 2585 1386 2646; x_wconf 88' lang='lat' dir='ltr'><strong>bene</strong></span> <span class='ocrx_word' id='word_1_282' title='bbox 1402 2582 1517 2668; x_wconf 86' lang='lat' dir='ltr'><strong>egendo</strong></span> <span class='ocrx_word' id='word_1_283' title='bbox 1534 2619 1549 2630; x_wconf 95' lang='lat'>-</span> <span class='ocrx_word' id='word_1_284' title='bbox 1576 2583 1669 2644; x_wconf 84' lang='lat' dir='ltr'><strong>trudi-</strong></span> 
     </span>
     <span class='ocr_line' id='line_1_21' title="bbox 264 2685 1669 2778; baseline 0.002 -29"><span class='ocrx_word' id='word_1_285' title='bbox 264 2685 339 2749; x_wconf 86' lang='lat' dir='ltr'><strong>deris</strong></span> <span class='ocrx_word' id='word_1_286' title='bbox 362 2700 391 2753; x_wconf 91' lang='lat' dir='ltr'><strong>te</strong></span> <span class='ocrx_word' id='word_1_287' title='bbox 405 2724 424 2741; x_wconf 90' lang='lat'>-</span> <span class='ocrx_word' id='word_1_288' title='bbox 440 2695 540 2755; x_wconf 82' lang='lat' dir='ltr'><strong>inlecti</strong></span> <span class='ocrx_word' id='word_1_289' title='bbox 558 2699 687 2778; x_wconf 82' lang='lat' dir='ltr'><strong>iratique</strong></span> <span class='ocrx_word' id='word_1_290' title='bbox 705 2707 776 2760; x_wconf 83' lang='lat' dir='ltr'><strong>sunt</strong></span> <span class='ocrx_word' id='word_1_291' title='bbox 793 2699 909 2777; x_wconf 76' lang='lat' dir='ltr'><strong>-1ussit</strong></span> <span class='ocrx_word' id='word_1_292' title='bbox 922 2697 1024 2758; x_wconf 85' lang='lat' dir='ltr'><strong>necari</strong></span> <span class='ocrx_word' id='word_1_293' title='bbox 1042 2729 1055 2745; x_wconf 92' lang='lat'><strong>·</strong></span> <span class='ocrx_word' id='word_1_294' title='bbox 1073 2695 1246 2758; x_wconf 79' lang='lat' dir='ltr'><strong>celerarius</strong></span> <span class='ocrx_word' id='word_1_295' title='bbox 1265 2713 1368 2756; x_wconf 85' lang='lat' dir='ltr'><strong>eorum</strong></span> <span class='ocrx_word' id='word_1_296' title='bbox 1387 2726 1406 2742; x_wconf 92' lang='lat'><em>·</em></span> <span class='ocrx_word' id='word_1_297' title='bbox 1431 2693 1501 2754; x_wconf 84' lang='lat' dir='ltr'><strong>fecit</strong></span> <span class='ocrx_word' id='word_1_298' title='bbox 1524 2692 1637 2754; x_wconf 87' lang='lat' dir='ltr'><strong>bellurn</strong></span> <span class='ocrx_word' id='word_1_299' title='bbox 1654 2724 1669 2738; x_wconf 92' lang='lat'>-</span> 
     </span>
     <span class='ocr_line' id='line_1_22' title="bbox 254 2793 1392 2878; baseline 0.005 -30"><span class='ocrx_word' id='word_1_300' title='bbox 254 2793 297 2854; x_wconf 72' lang='lat' dir='ltr'><strong>&#39;in</strong></span> <span class='ocrx_word' id='word_1_301' title='bbox 312 2793 445 2852; x_wconf 78' lang='lat' dir='ltr'><strong>faucibus</strong></span> <span class='ocrx_word' id='word_1_302' title='bbox 459 2826 478 2842; x_wconf 93' lang='lat'>·</span> <span class='ocrx_word' id='word_1_303' title='bbox 493 2815 599 2855; x_wconf 82' lang='lat' dir='ltr'><strong>censeo</strong></span> <span class='ocrx_word' id='word_1_304' title='bbox 619 2818 674 2876; x_wconf 83' lang='lat' dir='ltr'><strong>ego</strong></span> <span class='ocrx_word' id='word_1_305' title='bbox 695 2830 711 2842; x_wconf 91' lang='lat'><em>-</em></span> <span class='ocrx_word' id='word_1_306' title='bbox 729 2803 782 2874; x_wconf 85' lang='lat' dir='ltr'><strong>qui</strong></span> <span class='ocrx_word' id='word_1_307' title='bbox 800 2801 914 2878; x_wconf 64' lang='lat' dir='ltr'><strong>sufficio</strong></span> <span class='ocrx_word' id='word_1_308' title='bbox 928 2802 1068 2856; x_wconf 81' lang='lat' dir='ltr'><strong>vullurcii</strong></span> <span class='ocrx_word' id='word_1_309' title='bbox 1085 2803 1134 2855; x_wconf 90' lang='lat' dir='ltr'><strong>tili</strong></span> <span class='ocrx_word' id='word_1_310' title='bbox 1151 2803 1298 2875; x_wconf 56' lang='lat' dir='ltr'><strong>&lt;alisque</strong></span> <span class='ocrx_word' id='word_1_311' title='bbox 1315 2799 1392 2856; x_wconf 80' lang='lat' dir='ltr'><strong>leda.</strong></span> 
     </span>
    </p>

    <p class='ocr_par' dir='ltr' id='par_1_7' title="bbox 188 2875 1675 4332">
     <span class='ocr_line' id='line_1_23' title="bbox 324 2875 1672 2982; baseline 0.004 -29"><span class='ocrx_word' id='word_1_312' title='bbox 324 2896 396 2981; x_wconf 78' lang='lat' dir='ltr'><strong>ing.</strong></span> <span class='ocrx_word' id='word_1_313' title='bbox 417 2899 466 2960; x_wconf 80' lang='lat'><strong>85.</strong></span> <span class='ocrx_word' id='word_1_314' title='bbox 487 2909 517 2958; x_wconf 87' lang='lat' dir='ltr'><strong>et</strong></span> <span class='ocrx_word' id='word_1_315' title='bbox 533 2900 642 2960; x_wconf 77' lang='lat' dir='ltr'><strong>virtute</strong></span> <span class='ocrx_word' id='word_1_316' title='bbox 655 2929 674 2946; x_wconf 90' lang='lat'><strong>·</strong></span> <span class='ocrx_word' id='word_1_317' title='bbox 687 2900 825 2982; x_wconf 81' lang='lat' dir='ltr'><strong>intelligo</strong></span> <span class='ocrx_word' id='word_1_318' title='bbox 838 2875 916 2958; x_wconf 69' lang='lat' dir='ltr'><strong>illnsl</strong></span> <span class='ocrx_word' id='word_1_319' title='bbox 928 2931 944 2944; x_wconf 93' lang='lat'><strong>·</strong></span> <span class='ocrx_word' id='word_1_320' title='bbox 959 2919 1026 2958; x_wconf 84' lang='lat' dir='ltr'><strong>mea</strong></span> <span class='ocrx_word' id='word_1_321' title='bbox 1042 2896 1209 2960; x_wconf 85' lang='lat' dir='ltr'><strong>beneficiu-</strong></span> <span class='ocrx_word' id='word_1_322' title='bbox 1229 2897 1391 2960; x_wconf 80' lang='lat' dir='ltr'><strong>invadendi</strong></span> <span class='ocrx_word' id='word_1_323' title='bbox 1408 2919 1456 2957; x_wconf 87' lang='lat' dir='ltr'><strong>me</strong></span> <span class='ocrx_word' id='word_1_324' title='bbox 1468 2931 1485 2946; x_wconf 92' lang='lat'><strong>·</strong></span> <span class='ocrx_word' id='word_1_325' title='bbox 1501 2901 1641 2960; x_wconf 87' lang='lat' dir='ltr'><strong>simulare</strong></span> <span class='ocrx_word' id='word_1_326' title='bbox 1654 2932 1672 2947; x_wconf 93' lang='lat'>-</span> 
     </span>
     <span class='ocr_line' id='line_1_24' title="bbox 188 2999 1672 3088; baseline 0.003 -29"><span class='ocrx_word' id='word_1_327' title='bbox 188 3003 191 3006; x_wconf 79' lang='grc'><strong><em>’</em></strong></span> <span class='ocrx_word' id='word_1_328' title='bbox 264 3001 298 3060; x_wconf 87' lang='lat' dir='ltr'><strong>in</strong></span> <span class='ocrx_word' id='word_1_329' title='bbox 313 3001 435 3081; x_wconf 85' lang='lat' dir='ltr'><strong>optimis</strong></span> <span class='ocrx_word' id='word_1_330' title='bbox 456 3003 589 3062; x_wconf 85' lang='lat' dir='ltr'><strong>moribus</strong></span> <span class='ocrx_word' id='word_1_331' title='bbox 608 3039 624 3050; x_wconf 98' lang='lat'><em>-</em></span> <span class='ocrx_word' id='word_1_332' title='bbox 646 3014 782 3063; x_wconf 87' lang='lat' dir='ltr'><strong>naturam</strong></span> <span class='ocrx_word' id='word_1_333' title='bbox 799 3005 883 3066; x_wconf 80' lang='lat' dir='ltr'><strong>uenit</strong></span> <span class='ocrx_word' id='word_1_334' title='bbox 905 3033 924 3051; x_wconf 89' lang='lat'><strong>·</strong></span> <span class='ocrx_word' id='word_1_335' title='bbox 950 3024 1019 3063; x_wconf 90' lang='lat' dir='ltr'><strong>cum</strong></span> <span class='ocrx_word' id='word_1_336' title='bbox 1044 3009 1106 3084; x_wconf 85' lang='lat' dir='ltr'><strong>jug.</strong></span> <span class='ocrx_word' id='word_1_337' title='bbox 1119 3023 1224 3088; x_wconf 72' lang='lat' dir='ltr'><strong>gerere</strong></span> <span class='ocrx_word' id='word_1_338' title='bbox 1242 3035 1258 3048; x_wconf 95' lang='lat'><em>-</em></span> <span class='ocrx_word' id='word_1_339' title='bbox 1275 3001 1420 3084; x_wconf 89' lang='lat' dir='ltr'><strong>superbia</strong></span> <span class='ocrx_word' id='word_1_340' title='bbox 1440 2999 1594 3062; x_wconf 88' lang='lat' dir='ltr'><strong>hominem</strong></span> <span class='ocrx_word' id='word_1_341' title='bbox 1615 3025 1672 3064; x_wconf 87' lang='lat' dir='ltr'><strong>uo-</strong></span> 
     </span>
     <span class='ocr_line' id='line_1_25' title="bbox 264 3107 1674 3191; baseline 0 -23"><span class='ocrx_word' id='word_1_342' title='bbox 264 3126 335 3168; x_wconf 75' lang='lat' dir='ltr'><strong>rum</strong></span> <span class='ocrx_word' id='word_1_343' title='bbox 358 3138 375 3154; x_wconf 77' lang='lat'>-</span> <span class='ocrx_word' id='word_1_344' title='bbox 395 3109 531 3183; x_wconf 78' lang='lat' dir='ltr'><strong>invident</strong></span> <span class='ocrx_word' id='word_1_345' title='bbox 546 3107 676 3191; x_wconf 87' lang='lat' dir='ltr'><strong>bonori,</strong></span> <span class='ocrx_word' id='word_1_346' title='bbox 697 3121 767 3191; x_wconf 78' lang='lat' dir='ltr'><strong>ergo</strong></span> <span class='ocrx_word' id='word_1_347' title='bbox 783 3107 879 3170; x_wconf 85' lang='lat' dir='ltr'><strong>labori</strong></span> <span class='ocrx_word' id='word_1_348' title='bbox 904 3130 972 3170; x_wconf 89' lang='lat' dir='ltr'><strong>meo</strong></span> <span class='ocrx_word' id='word_1_349' title='bbox 990 3108 1143 3183; x_wconf 76' lang='lat' dir='ltr'><strong>invident,</strong></span> <span class='ocrx_word' id='word_1_350' title='bbox 1160 3121 1190 3170; x_wconf 89' lang='lat' dir='ltr'><strong>et</strong></span> <span class='ocrx_word' id='word_1_351' title='bbox 1213 3109 1391 3170; x_wconf 80' lang='lat' dir='ltr'><strong>innocentiae</strong></span> <span class='ocrx_word' id='word_1_352' title='bbox 1412 3109 1551 3190; x_wconf 84' lang='lat' dir='ltr'><strong>periculis</strong></span> <span class='ocrx_word' id='word_1_353' title='bbox 1567 3111 1640 3168; x_wconf 87' lang='lat' dir='ltr'><strong>meis</strong></span> <span class='ocrx_word' id='word_1_354' title='bbox 1657 3142 1674 3157; x_wconf 94' lang='lat'>·</span> 
     </span>
     <span class='ocr_line' id='line_1_26' title="bbox 264 3211 1673 3297; baseline 0.001 -23"><span class='ocrx_word' id='word_1_355' title='bbox 264 3215 434 3297; x_wconf 74' lang='lat' dir='ltr'><strong>ignaviam,</strong></span> <span class='ocrx_word' id='word_1_356' title='bbox 454 3220 656 3296; x_wconf 76' lang='lat' dir='ltr'><strong>voluptatem,</strong></span> <span class='ocrx_word' id='word_1_357' title='bbox 680 3247 697 3264; x_wconf 90' lang='lat'>-</span> <span class='ocrx_word' id='word_1_358' title='bbox 721 3219 764 3276; x_wconf 90' lang='lat' dir='ltr'><strong>itu</strong></span> <span class='ocrx_word' id='word_1_359' title='bbox 781 3236 826 3278; x_wconf 84' lang='lat' dir='ltr'><strong>res</strong></span> <span class='ocrx_word' id='word_1_360' title='bbox 843 3237 874 3278; x_wconf 88' lang='lat' dir='ltr'><strong>se</strong></span> <span class='ocrx_word' id='word_1_361' title='bbox 895 3215 1010 3276; x_wconf 84' lang='lat' dir='ltr'><strong>hebet·</strong></span> <span class='ocrx_word' id='word_1_362' title='bbox 1032 3217 1093 3279; x_wconf 82' lang='lat' dir='ltr'><strong>rite</strong></span> <span class='ocrx_word' id='word_1_363' title='bbox 1109 3235 1212 3276; x_wconf 86' lang='lat' dir='ltr'><strong>eorum</strong></span> <span class='ocrx_word' id='word_1_364' title='bbox 1233 3247 1250 3260; x_wconf 92' lang='lat'><strong>·</strong></span> <span class='ocrx_word' id='word_1_365' title='bbox 1268 3225 1384 3276; x_wconf 88' lang='lat' dir='ltr'><strong>lantum</strong></span> <span class='ocrx_word' id='word_1_366' title='bbox 1403 3211 1513 3276; x_wconf 89' lang='lat' dir='ltr'><strong>borum</strong></span> <span class='ocrx_word' id='word_1_367' title='bbox 1531 3247 1546 3262; x_wconf 90' lang='lat'><em>-</em></span> <span class='ocrx_word' id='word_1_368' title='bbox 1572 3225 1673 3297; x_wconf 87' lang='lat' dir='ltr'><strong>poste·</strong></span> 
     </span>
     <span class='ocr_line' id='line_1_27' title="bbox 264 3320 1672 3406; baseline 0.001 -26"><span class='ocrx_word' id='word_1_369' title='bbox 264 3324 304 3381; x_wconf 88' lang='lat' dir='ltr'><strong>ris</strong></span> <span class='ocrx_word' id='word_1_370' title='bbox 319 3325 442 3398; x_wconf 85' lang='lat' dir='ltr'><strong>lumen,</strong></span> <span class='ocrx_word' id='word_1_371' title='bbox 462 3344 561 3406; x_wconf 86' lang='lat' dir='ltr'><strong>neque</strong></span> <span class='ocrx_word' id='word_1_372' title='bbox 578 3355 597 3372; x_wconf 90' lang='lat'><strong>·</strong></span> <span class='ocrx_word' id='word_1_373' title='bbox 613 3327 655 3385; x_wconf 92' lang='lat' dir='ltr'><strong>rei</strong></span> <span class='ocrx_word' id='word_1_374' title='bbox 670 3321 804 3406; x_wconf 86' lang='lat' dir='ltr'><strong>inopiam</strong></span> <span class='ocrx_word' id='word_1_375' title='bbox 818 3325 918 3406; x_wconf 86' lang='lat' dir='ltr'><strong>patior</strong></span> <span class='ocrx_word' id='word_1_376' title='bbox 931 3356 948 3370; x_wconf 91' lang='lat'><strong>·</strong></span> <span class='ocrx_word' id='word_1_377' title='bbox 967 3322 1027 3384; x_wconf 89' lang='lat' dir='ltr'><strong>sibi</strong></span> <span class='ocrx_word' id='word_1_378' title='bbox 1046 3323 1148 3385; x_wconf 82' lang='lat' dir='ltr'><strong>virtuli</strong></span> <span class='ocrx_word' id='word_1_379' title='bbox 1159 3320 1355 3382; x_wconf 87' lang='lat' dir='ltr'><strong>-lacundienr</strong></span> <span class='ocrx_word' id='word_1_380' title='bbox 1371 3332 1592 3402; x_wconf 58' lang='lat' dir='ltr'><strong>etecmpnros</strong></span> <span class='ocrx_word' id='word_1_381' title='bbox 1609 3341 1672 3381; x_wconf 86' lang='lat' dir='ltr'><strong>me·</strong></span> 
     </span>
     <span class='ocr_line' id='line_1_28' title="bbox 265 3427 1671 3513; baseline -0.001 -25"><span class='ocrx_word' id='word_1_382' title='bbox 265 3437 357 3510; x_wconf 88' lang='lat' dir='ltr'><strong>que&#39;·</strong></span> <span class='ocrx_word' id='word_1_383' title='bbox 374 3433 548 3492; x_wconf 84' lang='lat' dir='ltr'><strong>lacesserent</strong></span> <span class='ocrx_word' id='word_1_384' title='bbox 562 3465 578 3478; x_wconf 91' lang='lat'>-</span> <span class='ocrx_word' id='word_1_385' title='bbox 597 3431 697 3513; x_wconf 87' lang='lat' dir='ltr'><strong>equid.</strong></span> <span class='ocrx_word' id='word_1_386' title='bbox 717 3452 780 3492; x_wconf 89' lang='lat' dir='ltr'><strong>nun</strong></span> <span class='ocrx_word' id='word_1_387' title='bbox 798 3433 995 3513; x_wconf 52' lang='lat' dir='ltr'><strong>matusgu-</strong></span> <span class='ocrx_word' id='word_1_388' title='bbox 1012 3431 1144 3490; x_wconf 85' lang='lat' dir='ltr'><strong>exomni</strong></span> <span class='ocrx_word' id='word_1_389' title='bbox 1164 3430 1312 3490; x_wconf 79' lang='lat' dir='ltr'><strong>sententie</strong></span> <span class='ocrx_word' id='word_1_390' title='bbox 1330 3461 1349 3477; x_wconf 91' lang='lat'>-</span> <span class='ocrx_word' id='word_1_391' title='bbox 1368 3439 1432 3513; x_wconf 82' lang='lat' dir='ltr'><strong>pot.</strong></span> <span class='ocrx_word' id='word_1_392' title='bbox 1452 3427 1549 3488; x_wconf 85' lang='lat' dir='ltr'><strong>ledere</strong></span> <span class='ocrx_word' id='word_1_393' title='bbox 1564 3461 1581 3474; x_wconf 93' lang='lat'><em>·</em></span> <span class='ocrx_word' id='word_1_394' title='bbox 1598 3429 1671 3486; x_wconf 81' lang='lat' dir='ltr'><strong>sulse</strong></span> 
     </span>
     <span class='ocr_line' id='line_1_29' title="bbox 264 3534 1671 3618; baseline -0.001 -25"><span class='ocrx_word' id='word_1_395' title='bbox 264 3535 327 3593; x_wconf 80' lang='lat' dir='ltr'><strong>rita</strong></span> <span class='ocrx_word' id='word_1_396' title='bbox 345 3563 365 3581; x_wconf 90' lang='lat'><strong>·</strong></span> <span class='ocrx_word' id='word_1_397' title='bbox 382 3534 453 3594; x_wconf 79' lang='lat' dir='ltr'><strong>fidei</strong></span> <span class='ocrx_word' id='word_1_398' title='bbox 473 3537 618 3618; x_wconf 83' lang='lat' dir='ltr'><strong>imagines</strong></span> <span class='ocrx_word' id='word_1_399' title='bbox 638 3568 656 3583; x_wconf 92' lang='lat'><em>-</em></span> <span class='ocrx_word' id='word_1_400' title='bbox 677 3534 790 3597; x_wconf 84' lang='lat' dir='ltr'><strong>hastam</strong></span> <span class='ocrx_word' id='word_1_401' title='bbox 805 3569 824 3584; x_wconf 92' lang='lat'>-</span> <span class='ocrx_word' id='word_1_402' title='bbox 846 3535 981 3618; x_wconf 83' lang='lat' dir='ltr'><strong>pluribus</strong></span> <span class='ocrx_word' id='word_1_403' title='bbox 1004 3534 1155 3596; x_wconf 84' lang='lat' dir='ltr'><strong>laboribus</strong></span> <span class='ocrx_word' id='word_1_404' title='bbox 1166 3561 1191 3583; x_wconf 92' lang='lat'><strong>··</strong></span> <span class='ocrx_word' id='word_1_405' title='bbox 1214 3535 1304 3607; x_wconf 77' lang='lat' dir='ltr'><strong>rerba</strong></span> <span class='ocrx_word' id='word_1_406' title='bbox 1327 3555 1439 3616; x_wconf 50' lang='lat' dir='ltr'><strong>perum*</strong></span> <span class='ocrx_word' id='word_1_407' title='bbox 1455 3567 1472 3582; x_wconf 91' lang='lat'>-</span> <span class='ocrx_word' id='word_1_408' title='bbox 1491 3535 1584 3616; x_wconf 80' lang='lat' dir='ltr'><strong>ipsam</strong></span> <span class='ocrx_word' id='word_1_409' title='bbox 1596 3566 1615 3582; x_wconf 91' lang='lat'>-</span> <span class='ocrx_word' id='word_1_410' title='bbox 1635 3545 1671 3593; x_wconf 89' lang='lat' dir='ltr'><strong>ut</strong></span> 
     </span>
     <span class='ocr_line' id='line_1_30' title="bbox 265 3640 1670 3727; baseline 0.001 -28"><span class='ocrx_word' id='word_1_411' title='bbox 265 3640 364 3721; x_wconf 89' lang='lat' dir='ltr'><strong>turpia</strong></span> <span class='ocrx_word' id='word_1_412' title='bbox 385 3651 486 3723; x_wconf 81' lang='lat' dir='ltr'><strong>tegant</strong></span> <span class='ocrx_word' id='word_1_413' title='bbox 501 3676 517 3686; x_wconf 98' lang='lat'>-</span> <span class='ocrx_word' id='word_1_414' title='bbox 538 3642 648 3704; x_wconf 84' lang='lat' dir='ltr'><strong>discere</strong></span> <span class='ocrx_word' id='word_1_415' title='bbox 671 3665 735 3726; x_wconf 75' lang='lat' dir='ltr'><strong>qun</strong></span> <span class='ocrx_word' id='word_1_416' title='bbox 753 3676 771 3689; x_wconf 90' lang='lat'><strong>·</strong></span> <span class='ocrx_word' id='word_1_417' title='bbox 794 3642 841 3705; x_wconf 89' lang='lat' dir='ltr'><strong>his</strong></span> <span class='ocrx_word' id='word_1_418' title='bbox 862 3645 952 3727; x_wconf 83' lang='lat' dir='ltr'><strong>igitur</strong></span> <span class='ocrx_word' id='word_1_419' title='bbox 968 3645 1123 3724; x_wconf 74' lang='lat' dir='ltr'><strong>praeceptis</strong></span> <span class='ocrx_word' id='word_1_420' title='bbox 1142 3643 1223 3705; x_wconf 84' lang='lat' dir='ltr'><strong>herl.</strong></span> <span class='ocrx_word' id='word_1_421' title='bbox 1244 3642 1351 3709; x_wconf 84' lang='lat' dir='ltr'><strong>milites</strong></span> <span class='ocrx_word' id='word_1_422' title='bbox 1370 3687 1386 3702; x_wconf 91' lang='lat'>.</span> <span class='ocrx_word' id='word_1_423' title='bbox 1408 3659 1463 3702; x_wconf 86' lang='lat' dir='ltr'><strong>nec</strong></span> <span class='ocrx_word' id='word_1_424' title='bbox 1484 3641 1553 3701; x_wconf 91' lang='lat' dir='ltr'><strong>illos</strong></span> <span class='ocrx_word' id='word_1_425' title='bbox 1574 3651 1637 3702; x_wconf 83' lang='lat' dir='ltr'><strong>arte</strong></span> <span class='ocrx_word' id='word_1_426' title='bbox 1656 3671 1670 3686; x_wconf 91' lang='lat'><strong>·</strong></span> 
     </span>
     <span class='ocr_line' id='line_1_31' title="bbox 267 3748 1673 3834; baseline 0 -28"><span class='ocrx_word' id='word_1_427' title='bbox 267 3757 296 3808; x_wconf 86' lang='lat' dir='ltr'><strong>ts</strong></span> <span class='ocrx_word' id='word_1_428' title='bbox 316 3769 348 3828; x_wconf 90' lang='lat' dir='ltr'><strong>p.</strong></span> <span class='ocrx_word' id='word_1_429' title='bbox 367 3749 531 3808; x_wconf 80' lang='lat' dir='ltr'><strong>mbllicier&#39;n</strong></span> <span class='ocrx_word' id='word_1_430' title='bbox 551 3779 571 3794; x_wconf 90' lang='lat'>-</span> <span class='ocrx_word' id='word_1_431' title='bbox 591 3768 615 3813; x_wconf 84' lang='lat' dir='ltr'><strong>r.</strong></span> <span class='ocrx_word' id='word_1_432' title='bbox 632 3757 663 3829; x_wconf 88' lang='lat' dir='ltr'><strong>p&#39;.</strong></span> <span class='ocrx_word' id='word_1_433' title='bbox 686 3751 867 3816; x_wconf 70' lang='lat' dir='ltr'><strong>celebravere</strong></span> <span class='ocrx_word' id='word_1_434' title='bbox 885 3783 902 3798; x_wconf 85' lang='lat'>-</span> <span class='ocrx_word' id='word_1_435' title='bbox 925 3755 1031 3834; x_wconf 88' lang='lat' dir='ltr'><strong>procul</strong></span> <span class='ocrx_word' id='word_1_436' title='bbox 1048 3763 1132 3812; x_wconf 81' lang='lat' dir='ltr'><strong>crant</strong></span> <span class='ocrx_word' id='word_1_437' title='bbox 1150 3785 1169 3801; x_wconf 93' lang='lat'>·</span> <span class='ocrx_word' id='word_1_438' title='bbox 1188 3752 1258 3812; x_wconf 87' lang='lat' dir='ltr'><strong>licet</strong></span> <span class='ocrx_word' id='word_1_439' title='bbox 1274 3750 1410 3810; x_wconf 87' lang='lat' dir='ltr'><strong>confiteri</strong></span> <span class='ocrx_word' id='word_1_440' title='bbox 1429 3781 1446 3794; x_wconf 88' lang='lat'>-</span> <span class='ocrx_word' id='word_1_441' title='bbox 1461 3757 1491 3808; x_wconf 90' lang='lat' dir='ltr'><strong>et</strong></span> <span class='ocrx_word' id='word_1_442' title='bbox 1504 3748 1570 3808; x_wconf 85' lang='lat' dir='ltr'><strong>aliis</strong></span> <span class='ocrx_word' id='word_1_443' title='bbox 1583 3765 1673 3806; x_wconf 86' lang='lat' dir='ltr'><strong>sane-</strong></span> 
     </span>
     <span class='ocr_line' id='line_1_32' title="bbox 267 3854 1671 3940; baseline -0.001 -27"><span class='ocrx_word' id='word_1_444' title='bbox 267 3855 330 3913; x_wconf 87' lang='lat' dir='ltr'><strong>tis-</strong></span> <span class='ocrx_word' id='word_1_445' title='bbox 350 3854 503 3922; x_wconf 85' lang='lat' dir='ltr'><strong>mulierib.</strong></span> <span class='ocrx_word' id='word_1_446' title='bbox 519 3856 687 3915; x_wconf 85' lang='lat' dir='ltr'><strong>mundicias</strong></span> <span class='ocrx_word' id='word_1_447' title='bbox 700 3888 718 3903; x_wconf 94' lang='lat'>-</span> <span class='ocrx_word' id='word_1_448' title='bbox 737 3860 806 3936; x_wconf 84' lang='lat' dir='ltr'><strong>plus</strong></span> <span class='ocrx_word' id='word_1_449' title='bbox 824 3855 947 3918; x_wconf 77' lang='lat' dir='ltr'><strong>b‘cnoris</strong></span> <span class='ocrx_word' id='word_1_450' title='bbox 968 3878 1058 3940; x_wconf 87' lang='lat' dir='ltr'><strong>qnam</strong></span> <span class='ocrx_word' id='word_1_451' title='bbox 1080 3858 1250 3920; x_wconf 83' lang='lat' dir='ltr'><strong>diuitiarum</strong></span> <span class='ocrx_word' id='word_1_452' title='bbox 1261 3875 1369 3932; x_wconf 74' lang='lat' dir='ltr'><strong>,urma</strong></span> <span class='ocrx_word' id='word_1_453' title='bbox 1385 3889 1403 3904; x_wconf 90' lang='lat'>-</span> <span class='ocrx_word' id='word_1_454' title='bbox 1422 3854 1543 3938; x_wconf 88' lang='lat' dir='ltr'><strong>quidem</strong></span> <span class='ocrx_word' id='word_1_455' title='bbox 1561 3861 1671 3934; x_wconf 78' lang='lat' dir='ltr'><strong>juvat-</strong></span> 
     </span>
     <span class='ocr_line' id='line_1_33' title="bbox 266 3958 1671 4046; baseline 0 -28"><span class='ocrx_word' id='word_1_456' title='bbox 266 3958 445 4036; x_wconf 79' lang='lat' dir='ltr'><strong>j&#39;ocundicru</strong></span> <span class='ocrx_word' id='word_1_457' title='bbox 467 3971 539 4023; x_wconf 84' lang='lat' dir='ltr'><strong>sunt</strong></span> <span class='ocrx_word' id='word_1_458' title='bbox 563 3996 579 4006; x_wconf 98' lang='lat'>-</span> <span class='ocrx_word' id='word_1_459' title='bbox 605 3961 758 4042; x_wconf 80' lang='lat' dir='ltr'><strong>paneade</strong></span> <span class='ocrx_word' id='word_1_460' title='bbox 782 3983 813 4024; x_wconf 90' lang='lat' dir='ltr'><strong>re</strong></span> <span class='ocrx_word' id='word_1_461' title='bbox 835 3996 853 4011; x_wconf 93' lang='lat'><em>-</em></span> <span class='ocrx_word' id='word_1_462' title='bbox 882 3965 1023 4025; x_wconf 85' lang='lat' dir='ltr'><strong>exercitus</strong></span> <span class='ocrx_word' id='word_1_463' title='bbox 1043 3976 1085 4025; x_wconf 80' lang='lat' dir='ltr'><strong>est</strong></span> <span class='ocrx_word' id='word_1_464' title='bbox 1110 4000 1127 4012; x_wconf 91' lang='lat'>-</span> <span class='ocrx_word' id='word_1_465' title='bbox 1154 3964 1263 4046; x_wconf 87' lang='lat' dir='ltr'><strong>quibus</strong></span> <span class='ocrx_word' id='word_1_466' title='bbox 1281 3974 1325 4024; x_wconf 87' lang='lat' dir='ltr'><strong>est</strong></span> <span class='ocrx_word' id='word_1_467' title='bbox 1345 3995 1362 4010; x_wconf 94' lang='lat'><strong>·</strong></span> <span class='ocrx_word' id='word_1_468' title='bbox 1381 3966 1550 4036; x_wconf 83' lang='lat' dir='ltr'><strong>consultor,</strong></span> <span class='ocrx_word' id='word_1_469' title='bbox 1575 3959 1671 4018; x_wconf 86' lang='lat' dir='ltr'><strong>socius</strong></span> 
     </span>
     <span class='ocr_line' id='line_1_34' title="bbox 267 4063 1675 4152; baseline -0.002 -29"><span class='ocrx_word' id='word_1_470' title='bbox 267 4066 393 4145; x_wconf 84' lang='lat' dir='ltr'><strong>periculi</strong></span> <span class='ocrx_word' id='word_1_471' title='bbox 414 4100 430 4112; x_wconf 90' lang='lat'><em>-</em></span> <span class='ocrx_word' id='word_1_472' title='bbox 454 4087 502 4126; x_wconf 90' lang='lat' dir='ltr'><strong>me</strong></span> <span class='ocrx_word' id='word_1_473' title='bbox 518 4087 629 4148; x_wconf 80' lang='lat' dir='ltr'><strong>rosque</strong></span> <span class='ocrx_word' id='word_1_474' title='bbox 648 4101 664 4113; x_wconf 92' lang='lat'>-</span> <span class='ocrx_word' id='word_1_475' title='bbox 690 4067 748 4128; x_wconf 89' lang='lat' dir='ltr'><strong>diis</strong></span> <span class='ocrx_word' id='word_1_476' title='bbox 766 4068 937 4146; x_wconf 79' lang='lat' dir='ltr'><strong>jurantibus</strong></span> <span class='ocrx_word' id='word_1_477' title='bbox 960 4072 1093 4132; x_wconf 82' lang='lat' dir='ltr'><strong>-lectus</strong></span> <span class='ocrx_word' id='word_1_478' title='bbox 1117 4080 1158 4131; x_wconf 87' lang='lat' dir='ltr'><strong>est</strong></span> <span class='ocrx_word' id='word_1_479' title='bbox 1176 4103 1194 4118; x_wconf 93' lang='lat'><em>-</em></span> <span class='ocrx_word' id='word_1_480' title='bbox 1222 4071 1271 4152; x_wconf 79' lang='lat'><strong>93.</strong></span> <span class='ocrx_word' id='word_1_481' title='bbox 1298 4068 1509 4133; x_wconf 74' lang='lat' dir='ltr'><strong>animadvertit</strong></span> <span class='ocrx_word' id='word_1_482' title='bbox 1533 4097 1550 4112; x_wconf 94' lang='lat'><strong>·</strong></span> <span class='ocrx_word' id='word_1_483' title='bbox 1571 4063 1675 4144; x_wconf 77' lang='lat' dir='ltr'><strong>plani-</strong></span> 
     </span>
     <span class='ocr_line' id='line_1_35' title="bbox 191 4172 756 4265; baseline 0.007 -35"><span class='ocrx_word' id='word_1_484' title='bbox 191 4175 194 4179; x_wconf 82' lang='grc'>’</span> <span class='ocrx_word' id='word_1_485' title='bbox 268 4172 343 4231; x_wconf 87' lang='lat' dir='ltr'><strong>ciem</strong></span> <span class='ocrx_word' id='word_1_486' title='bbox 361 4173 515 4252; x_wconf 88' lang='lat' dir='ltr'><strong>perscribit</strong></span> <span class='ocrx_word' id='word_1_487' title='bbox 532 4207 547 4219; x_wconf 93' lang='lat'>-</span> <span class='ocrx_word' id='word_1_488' title='bbox 569 4183 681 4265; x_wconf 74' lang='lat' dir='ltr'><strong>erectus</strong></span> <span class='ocrx_word' id='word_1_489' title='bbox 703 4184 756 4235; x_wconf 78' lang='lat' dir='ltr'><strong>cst.</strong></span> 
     </span>
     <span class='ocr_line' id='line_1_36' title="bbox 1357 4283 1383 4332; baseline 0 0"><span class='ocrx_word' id='word_1_490' title='bbox 1357 4283 1383 4332; x_wconf 64' lang='lat' dir='ltr'><strong>‘ll</strong></span> 
     </span>
    </p>
   </div>
   <div class='ocr_carea' id='block_1_6' title="bbox 0 0 2038 5009">
    <p class='ocr_par' dir='ltr' id='par_1_8' title="bbox 0 0 2038 5009">
     <span class='ocr_line' id='line_1_37' title="bbox 0 0 2038 5009; baseline 0 0"><span class='ocrx_word' id='word_1_491' title='bbox 0 0 2038 5009; x_wconf 95' lang='lat' dir='ltr'><strong> </strong></span> 
     </span>
    </p>
   </div>
  </div>
 </body>
</html>
