4050 5009
1589 395 1641 484 43

232 591 277 653 de
290 590 386 651 tanto
402 599 576 648 armorum
593 570 748 644 succeriu
764 576 926 662 sollicito,
945 574 1097 641 Romani
1109 576 1149 641 in
1166 577 1325 645 hibernis
1339 581 1496 668 repetino
1511 582 1644 669 impetu

231 686 403 777 oppressi,
431 706 592 777 magnam
620 686 755 752 cladem
782 683 958 771 hostibus,
986 684 1072 771 ipsis
1097 685 1370 752 Saturnaliorum
1403 686 1526 755 diebus
1549 690 1644 757 intu-

370 794 392 836 θ

232 794 483 969 lemli’tiaeierea
502 901 558 965 his
585 896 786 964 consulibus
806 896 997 976 conjuratio
1024 894 1064 961 in
1090 896 1340 983 rempublicam
1366 896 1474 985 iacta,
1504 903 1548 967 de
1574 922 1643 985 qua

233 1006 293 1074 cfr.
311 1007 379 1075 Sal.
397 1008 495 1073 Catil.
515 1028 543 1073 c.
561 1006 610 1071 18.
632 1027 681 1087 ¹9·
693 1004 755 1085 ⁰⁰)

281 1214 390 1290 Anni
409 1206 693 1289 DCLXXXIX.
716 1211 762 1295 P.
797 1206 842 1285 U.
870 1208 908 1285 G.
938 1202 1118 1287 Consules
1139 1209 1180 1283 l.
1200 1209 1377 1288 Aurelius
1401 1205 1593 1297 Cotta‚'L.
1714 1207 1720 1218 ’

526 1374 530 1385 ·
737 1334 903 1411 Manlius
923 1336 1144 1441 Torquatum.

325 1524 414 1589 Vere
432 1521 769 1613 ineuntePompejus
781 1526 963 1590 adversum
979 1525 1100 1601 ¹Iberos
1111 1523 1327 1589 Albanorum
1346 1524 1513 1589 finitimos
1536 1525 1643 1612 duxit,

232 1636 266 1695 et
277 1629 413 1695 duobus
429 1627 561 1715 proeliis
577 1629 703 1709 victos,
723 1649 842 1717 pacem
859 1629 971 1699 iacere
984 1639 1020 1699 et
1033 1630 1171 1699 obsides
1188 1635 1271 1701 dare
1290 1631 1412 1719 coegit.
1430 1633 1522 1696 Tum
1534 1650 1642 1714 usquc

225 2018 230 2027 .
311 1946 349 2034 θ)
369 1948 437 2016 etr.
457 1947 562 2015 Dion.
581 1951 671 2017 Cass.
687 1954 724 2017 1.
743 1952 885 2043 XXXVI
906 1956 1079 2037 caii-37.
1100 1954 1189 2018 Plnt.
1209 1956 1329 2039 Pomp.
1345 1955 1479 2029 30-34.
1496 1948 1642 2035 Appian.

231 2052 386 2121 Mithrid.
400 2078 429 2121 c.
439 2060 592 2138 97-105.
611 2060 712 2123 Oros.
727 2061 784 2127 VI.
793 2062 822 2134 4.
842 2060 996 2125 nonni.
1011 2063 1040 2125 5.
1061 2064 1200 2146 Eutrop.
1217 2062 1275 2127 VI.
1293 2080 1341 2123 ra.
1362 2059 1466 2133 ,Mox
1476 2054 1641 2138 Pompejo

233 2158 388 2221 delatum
403 2161 538 2223 bellum
559 2163 664 2224 etiam
684 2172 805 2227 contra
824 2185 943 2251 regern
958 2166 1197 2230 Mithridatem
1212 2173 1246 2228 et
1261 2164 1465 2249 Tigranem,
1486 2178 1556 2239 quo
1572 2176 1645 2219 sus-

234 2269 334 2347 cepto
355 2259 595 2325 Mithridatem
612 2261 653 2324 in
674 2262 990 2343 Armeniaminore
1009 2274 1180 2326 nocturno
1201 2262 1326 2346 proelio
1346 2263 1446 2343 vicit,
1468 2266 1576 2322 castra
1594 2259 1646 2321 di·

231 2366 343 2452 ripuit
359 2366 588 2451 quadraginta
606 2364 766 2430 millibus
790 2350 863 2445 ejus
884 2364 1019 2449 occisis,
1045 2366 1168 2451 viginti
1190 2373 1322 2431 tantum
1346 2369 1391 2433 de
1413 2383 1477 2431 suo
1495 2362 1647 2431 exercitu

231 2472 367 2547 amisit,
385 2479 421 2536 et
430 2474 518 2536 dnos
526 2469 765 2551 centurionem
777 2470 997 2535 Mithridates
1005 2492 1085 2535 cunr
1095 2493 1201 2537 uxore
1213 2470 1348 2558 fugitet
1361 2472 1498 2538 duobus
1509 2468 1646 2537 comiti-

231 2575 330 2650 bus.»
348 2575 410 2642 cfr.
424 2598 452 2643 c.
466 2582 515 2643 13.
541 2576 713 2665 Liv.Epit.
724 2578 759 2641 C.
786 2578 869 2655 ,Cm
883 2577 1067 2664 Pompejus
1076 2581 1121 2643 ad
1131 2581 1323 2667 gerendum
1336 2578 1472 2643 bellum
1482 2579 1643 2641 adversus
1658 2642 1665 2653 ,

231 2684 471 2773 Mithridatem
484 2684 674 2773 profectus,
694 2707 770 2751 cum
782 2705 863 2773 rege
876 2688 1080 2752 Parthorum
1095 2690 1241 2755 Phraate
1255 2684 1445 2752 amicitiam
1455 2680 1645 2760 renovarit,

233 2792 386 2876 equestri
402 2792 527 2878 proelio
543 2791 781 2889 Mithridatem
796 2792 938 2859 vicit-
957 2794 1090 2859 bellum
1108 2794 1201 2859 inter
1217 2794 1417 2871 Phraatem,
1436 2790 1645 2852 Parthorum

232 2916 366 2983 regem,
387 2906 422 2965 et
440 2899 626 2987 Tigranem
645 2900 905 2983 Armeniorum,
928 2920 968 2963 ac
983 2900 1111 2961 deinde
1128 2898 1220 2953 inter
1238 2895 1425 2975 Tigranem
1442 2892 1556 2953 filium
1569 2903 1647 2975 pat-

234 3018 380 3083 remque
392 3009 543 3084 gestum;
563 3003 612 3061 id.
621 3004 677 3061 (ii.
693 3006 777 3071 «Cn.
793 3000 977 3079 Pompeius
992 2990 1228 3053 Mithridatem
1245 2997 1415 3056 nocturno
1432 2994 1558 3079 proeiio
1575 2995 1646 3061 vic.

234 3112 310 3169 tum
332 3104 447 3191 coegit
466 3107 641 3183 Bospornn
664 3100 870 3177 profugere,
888 3089 1075 3177 Tigranem
1092 3092 1131 3157 in
1146 3092 1360 3161 deditionem
1381 3100 1513 3187 accepit
1526 3100 1645 3185 eique,

234 3209 382 3279 ademtis
399 3204 519 3289 Syria,
538 3195 716 3282 Phoenice,
736 3194 877 3281 Cilicia,
896 3214 1044 3282 regnum
1062 3196 1235 3265 Armeniae
1247 3200 1428 3265 restituit.»

314 3312 373 3397 θ’)
394 3308 463 3374 Gir.
481 3308 603 3373 Aaron.
625 3303 767 3372 Pedian.
787 3304 920 3369 Gomm.
936 3302 975 3369 in
993 3302 1238 3370 cornelianam
1250 3328 1286 3391 p.
1306 3326 1366 3388 129
1383 3314 1418 3373 et
1439 3307 1480 3373 in
1493 3312 1589 3374 Orat.
1606 3312 1645 3373 in

237 3431 308 3509 tog.
329 3416 476 3483 candid.
491 3436 528 3503 p.
547 3411 935 3481 recommonens.
953 3412 1096 3480 XXXVI.
1113 3432 1162 3495 27.
1183 3411 1257 3478 Lir.
1277 3412 1367 3500 Epit.
1386 3414 1438 3477 CI.
1456 3412 1646 3494 ,conjura-

150 3546 158 3571 t
236 3530 288 3594 tio
306 3545 447 3610 eorum,
466 3522 529 3607 qui
547 3518 771 3607 inpetitione
791 3518 987 3585 consulatus
1008 3519 1158 3585 ambitus
1179 3519 1335 3587 damnati
1355 3529 1470 3607 crant,
1490 3522 1579 3587 tacta
1600 3526 1662 3588 de

237 3626 488 3701 interficiendis
507 3627 723 3713 consulibus,
741 3646 902 3715 oppressa
919 3633 1002 3693 eat.t
1020 3626 1074 3691 De
1090 3624 1233 3703 Pisone,
1256 3627 1319 3710 qui
1336 3628 1429 3696 inter
1450 3628 1646 3709 conjuratos
1783 3714 1789 3726 ,

237 3738 319 3827 tuit,
340 3734 485 3824 Sigonio
503 3741 603 3823 teste,
623 3736 743 3801 Roma
760 3735 829 3799 hoc
851 3739 1115 3799 monumentum
1135 3740 1258 3799 exstat:

201 3840 204 3847 ’
320 3844 388 3914 Cn.
406 3836 632 3925 Calpurnius
648 3841 716 3911 Cn.
730 3842 775 3908 F.
789 3836 878 3907 Piro
897 3840 1070 3925 Quoertor
1079 3859 1154 3925 pro
1166 3839 1231 3906 Pr.
1249 3862 1295 3905 en
1312 3840 1347 3907 S.
1360 3839 1402 3909 C.
1411 3834 1645 3926 provinciam

238 3945 464 4035 Hispaniam
481 3940 688 4021 citeriorem
705 3941 876 4013 obtinuit.
906 3945 966 4013 cir.
984 3948 1174 4015 Comment.
1191 3947 1232 4011 in
1251 3947 1338 4012 Part.
1361 3944 1527 4033 triumph.
1543 3948 1643 4009 Rom.

239 4080 275 4143 p.
299 4059 368 4137 273.
387 4050 517 4143 Eodem
530 4070 624 4117 anno
648 4054 747 4118 Cotta
765 4052 969 4140 proconsul,
990 4052 1109 4137 quiin
1128 4053 1296 4121 Heraclea
1316 4052 1549 4141 oppugnanda
1569 4070 1645 4111 cm-

195 4222 199 4229 .
240 4159 355 4228 delenr
375 4168 410 4228 et
427 4180 567 4226 avarum
586 4179 623 4225 33
638 4160 844 4244 prebuerat,
864 4152 909 4230 d'e
926 4144 1126 4251 repetundis
1148 4170 1323 4232 accuratus
1340 4178 1413 4227 ease
1425 4158 1572 4223 videtur.
1584 4148 1646 4220 cfr.

242 4267 345 4334 Dion.
361 4268 449 4339 Gaas.
462 4268 538 4335 Lib.
556 4268 700 4339 xxxvi.
717 4288 745 4333 c.
764 4272 814 4334 2³.

587 4378 590 4383 ·
1332 4378 1356 4426 3
