4050 5009
1570 405 1614 494 41

212 569 350 664 ritate,
378 577 518 680 quibus
545 605 633 684 opes
653 578 772 656 nulloe
791 597 899 672 saint,
924 577 1036 658 bonis
1065 577 1254 671 inrident,
1276 577 1395 656 malos
1411 581 1619 675 extollunt;

211 710 341 772 vetera
365 700 493 792 odere,
518 729 615 782 nova
641 721 844 810 exoptant;
876 705 964 781 odio
983 733 1142 782 suarum
1165 731 1295 780 rerum
1316 704 1459 780 mutari
1486 705 1616 780 omnia

211 817 400 917 student,
432 827 545 902 turba
575 845 691 932 atque
716 829 964 906 seditionibus
989 830 1073 905 sine
1101 857 1194 904 cura
1223 829 1407 904 aluntur:
1432 830 1618 933 quoniam

212 960 356 1046 egestas
381 947 493 1026 facile
519 951 685 1028 habetur
709 953 792 1029 sine
815 954 966 1030 damno.
1010 953 1083 1029 Sed
1110 953 1260 1028 urbana
1285 953 1430 1058 plebes,
1453 980 1499 1029 eo
1529 979 1618 1029 vero

210 1091 386 1174 praeceps
410 1092 492 1150 erat
518 1077 650 1154 multis
681 1077 729 1154 de
756 1079 900 1154 caussis.
950 1078 1123 1152 Primum
1146 1077 1341 1166 omnium,
1376 1077 1445 1180 qui
1474 1079 1620 1182 ubique

212 1193 364 1290 probro
391 1215 507 1302 atque
526 1201 740 1305 petulantia
770 1229 946 1278 maxume
968 1203 1220 1308 praestabant3
1245 1201 1337 1276 item
1362 1201 1428 1276 alii
1460 1229 1530 1306 per
1554 1203 1620 1278 de-

213 1311 357 1393 decora
382 1325 621 1424 patrimoniis
642 1326 805 1420 amissis3
827 1343 1016 1430 postremo
1041 1351 1192 1417 omnes,
1217 1351 1312 1429 quos
1338 1324 1528 1431 flagitium
1552 1342 1622 1402 aut

212 1435 371 1516 facinus
389 1445 503 1522 domo
521 1449 735 1553 expulerat,
759 1449 788 1524 ii
803 1451 979 1540 Romam,
1000 1449 1112 1525 sicuti
1134 1450 1176 1524 in
1196 1449 1407 1541 sentinam,
1427 1449 1622 1526 confluxe-

215 1579 320 1638 rant
358 1564 509 1646 Deinile
525 1574 639 1649 multi
658 1599 839 1648 memores
854 1574 1022 1648 Sullanae
1042 1573 1230 1664 rictoriae,
1255 1573 1361 1676 quod
1383 1601 1430 1650 ex
1445 1575 1622 1681 gregariis

215 1687 412 1768 militibus
434 1695 526 1771 alios
545 1699 738 1774 Senatores
753 1697 949 1790 videbant,
965 1697 1059 1773 alios
1078 1697 1131 1772 ita
1153 1697 1298 1789 divites,
1313 1699 1372 1772 uti
1395 1699 1498 1804 regio
1518 1699 1625 1774 victu

214 1829 340 1917 atque
359 1819 470 1894 cultu
496 1839 647 1898 aetatem
677 1838 849 1928 agerent,
871 1822 943 1898 sibi
965 1822 1146 1926 quisque,
1168 1821 1200 1896 si
1222 1821 1264 1898 in
1296 1823 1410 1897 armis
1438 1822 1554 1914 foret,
1578 1849 1642 1900 ex‘

216 1939 383 2014 victoria
403 1943 494 2019 talia
511 1947 694 2050 sperabat.
732 1951 912 2022 Praeterea
929 1946 1124 2036 iuventus,
1141 1971 1227 2050 quoe
1243 1946 1285 2020 in
1305 1947 1420 2052 agris,
1435 1974 1625 2023 manuum

216 2064 420 2157 mercede,
445 2068 616 2174 inopiam
641 2070 885 2159 toleraverat,
905 2069 1062 2173 privatis
1085 2085 1201 2172 atque
1227 2070 1392 2174 publicis
1414 2069 1624 2176 largitioni·

215 2185 294 2262 bus
320 2190 465 2281 exeita,
490 2195 684 2272 urbanum
706 2185 828 2270 otium
848 2194 997 2300 ingrato
1022 2193 1145 2268 labori
1168 2183 1404 2297 praetulerat}
1429 2220 1490 2270 eos
1509 2212 1625 2299 atque

216 2311 320 2386 alios
344 2316 467 2392 omnis
486 2319 632 2392 malum
651 2319 853 2424 publicum
875 2317 1001 2392 alebat
1047 2318 1137 2414 Quo
1157 2318 1284 2392 minus
1304 2318 1542 2411 mirandum,
1556 2317 1626 2395 ho·

216 2435 348 2510 mines
368 2441 526 2542 egentis,
550 2441 660 2517 malis
683 2443 871 2533 moribus,
897 2467 1076 2516 maxuma
1098 2467 1181 2545 spe,
1214 2442 1434 2547 reipublicae
1455 2443 1561 2520 iuxta
1581 2472 1626 2520 ac

214 2560 296 2634 sibi
316 2563 557 2640 consuluisse.
597 2570 778 2642 Praeterea
798 2592 983 2669 quorum,
1009 2565 1166 2640 victoria
1188 2567 1320 2657 Sullae,
1343 2583 1518 2671 parentes
1538 2596 1628 2672 pro·

217 2684 379 2788 scripti,
405 2687 506 2764 bona
537 2705 686 2794 erepta,
711 2689 769 2765 ius
793 2690 977 2766 libertatis
1007 2689 1257 2766 imminutum
1278 2706 1376 2781 erat,
1402 2689 1509 2767 haud
1538 2719 1628 2769 sane

311 2907 385 2989 Cap.
405 2911 454 2992 57.
495 2913 641 2974 coniurat.
661 2921 756 2974 erant.
784 2915 885 2974 insert.
904 2934 931 2974 a.
952 2913 1049 2974 Guelf.
1066 2913 1094 2974 3.
1121 2913 1245 2974 Latet.
1273 2914 1334 2975 Bas.
1347 2915 1375 2975 3.
1404 2936 1514 2976 mser.
1544 2915 1629 2976 Bem.

222 3036 251 3075 a.
280 3015 388 3094 plebes.
420 3018 482 3082 Bas.
506 3040 531 3078 ι.
551 3019 600 3078 sed
627 3021 717 3098 paulo
745 3029 810 3098 post
837 3019 924 3098 pleps.
957 3019 1008 3097 qui
1026 3020 1120 3097 (inter
1142 3021 1232 3079 lineas
1256 3020 1327 3098 bus)
1358 3021 1426 3079 Eoo.
1452 3020 1522 3079 inde
1548 3021 1629 3085 Cort.

218 3121 289 3198 qm's
312 3123 471 3204 legendum
499 3134 603 3184 censat.
630 3125 765 3204 expressit
789 3123 864 3182 Edit.
890 3124 1006 3182 Parisin.
1037 3143 1164 3203 praecept
1188 3123 1272 3182 ierat.
1293 3127 1395 3184 insert.
1421 3145 1445 3182 1.
1480 3124 1577 3184 Turio.
1603 3145 1629 3184 ι.

218 3227 314 3287 Bern.
334 3247 362 3286 2.
391 3229 424 3286 in
449 3229 579 3311 marp'ne
599 3249 639 3287 m.
665 3249 721 3288 sec.
748 3237 812 3286 erat
840 3229 936 3288 ceteri.
966 3230 1004 3288 cle
1029 3228 1127 3288 multis
1146 3228 1239 3288 cautu
1266 3232 1354 3310 longe
1380 3229 1502 3308 plurimi
1532 3227 1629 3289 codd.

219 3331 328 3391 multr's
342 3334 380 3392 de
398 3333 500 3394 ceusu.
543 3332 639 3393 Guell.
665 3353 689 3390 ι.
713 3353 740 3397 a.
762 3331 791 3392 3.
813 3333 842 3404 l.
865 3333 892 3392 5.
915 3333 943 3392 6.
965 3354 994 3413 9.
1019 3354 1065 3393 ιο.
1090 3352 1135 3391 ιι.
1175 3353 1213 3392 es
1233 3333 1331 3392 malm
1348 3331 1443 3392 musr's
1470 3331 1583 3393 Fabric.
1602 3354 1628 3392 a.

215 3437 395 3522 praestuBot.
418 3440 549 3498 meliores
572 3437 687 3496 Gruteri
706 3437 811 3501 ineert.
829 3457 853 3496 ι.
875 3435 971 3502 Guell.
988 3457 1012 3496 ι.
1034 3437 1114 3496 leid.
1127 3441 1148 3495 Ι.
1172 3447 1318 3516 postremo
1331 3456 1411 3514 quor.
1433 3437 1550 3515 (omisso
1564 3459 1631 3496 om-
1654 3417 1659 3426 .

219 3545 290 3622 nes)
315 3553 372 3602 tres
384 3543 488 3602 Wassii
500 3542 567 3602 libri
595 3543 676 3602 Laid.
691 3541 721 3606 h.
744 3542 785 3600 ti.
807 3541 875 3624 Teg.
897 3540 958 3600 llas.
976 3564 1001 3600 ι.
1018 3543 1047 3611 4.
1067 3541 1137 3600 Tur.
1156 3562 1181 3600 ι.
1210 3541 1281 3601 dein
1300 3540 1388 3601 motti
1414 3540 1484 3602 Tur.
1503 3564 1528 3602 ι.
1553 3563 1632 3622 aqua

220 3652 257 3710 in
279 3647 432 3708 sentinam
461 3647 550 3711 lead.
571 3646 632 3708 Bas.
650 3669 676 3706 ι.
704 3649 799 3706 Struv.
821 3647 923 3706 incert.
940 3667 970 3706 a.
997 3647 1098 3704 Vinar.
1116 3667 1143 3708 a.
1163 3644 1261 3706 Guelf.
1275 3648 1303 3705 6.
1320 3669 1348 3726 7.
1365 3648 1393 3709 8.
1409 3667 1438 3726 9.
1457 3668 1502 3706 ιο.
1520 3668 1566 3707 ιι.
1585 3669 1631 3709 ιι.

220 3755 311 3816 Leid.
325 3753 356 3818 h.
368 3775 400 3812 n.
421 3754 490 3812 Tur.
505 3773 531 3812 a.
552 3753 636 3812 Bam.
651 3775 679 3814 ι.
694 3752 725 3812 3.
745 3772 836 3830 aqum
857 3752 938 3811 Leid.
955 3773 995 3810 ιιι.
1017 3750 1069 3829 qui
1079 3771 1117 3810 er
1127 3771 1210 3830 greg.
1237 3750 1333 3810 Guelf.
1347 3755 1377 3822 4.
1393 3754 1422 3811 6.
1444 3754 1503 3813 inc.
1520 3773 1548 3813 ι.
1569 3752 1631 3812 Bas.

224 3881 255 3921 ι.
279 3857 850 3938 armisfomt-sperabat-proetulsrot.
875 3855 951 3918 nivii
967 3855 1051 3926 libri,
1068 3855 1182 3918 Gruter.
1203 3857 1295 3914 Waes.
1316 3877 1418 3916 omnes
1427 3858 1508 3918 leid.
1531 3859 1592 3916 Bas.
1607 3881 1630 3916 1.

225 3987 255 4026 a.
272 3970 303 4028 ὅ.
332 3963 403 4024 Tur.
422 3984 448 4023 ι.
477 3963 562 4024 Bern.
580 3984 646 4024 r.2.
667 3965 753 4040 forst
773 3962 858 4022 Bern.
882 3965 908 4025 ὅ.
928 3963 1046 4038 soret-
1056 3960 1237 4039 protulerat.
1261 3961 1331 4019 Tur.
1348 3983 1374 4020 ι.
1403 3961 1508 4034 Baxl.
1526 3967 1633 4041 sorent-

220 4075 289 4134 inc.
313 4089 340 4128 1.
361 4068 460 4128 Guell.
475 4090 520 4129 ιο.
540 4069 705 4150 sperabant.
727 4067 822 4128 Guetf.
839 4087 883 4130 ιο.
904 4063 987 4130 llam.
1001 4063 1030 4125 3.
1050 4063 1119 4124 Tur.
1139 4086 1165 4123 ι.
1186 4063 1288 4135 ΒΜ.
1310 4067 1448 4126 excitata.
1465 4068 1529 4127 urb.
1548 4069 1638 4129 Fabr.

223 4200 256 4240 2.
281 4175 335 4239 Ao.
357 4173 454 4237 Guels.
465 4196 494 4254 9.
508 4195 552 4234 ιο.
573 4172 654 4233 Leid.
669 4195 694 4238 c.
708 4174 727 4238 s.
743 4171 774 4232 h.
788 4175 807 4232 i.
819 4174 847 4236 k.
869 4170 936 4230 mir.
952 4178 1002 4230 est.
1023 4177 1064 4229 est
1074 4169 1172 4228 delent
1191 4168 1288 4228 Guelf.
1303 4171 1332 4230 8.
1346 4193 1375 4251 9.
1405 4191 1495 4250 quam
1510 4182 1634 4233 serratus.

220 4284 298 4346 Ssn.
320 4302 348 4340 ι.
369 4277 431 4338 Bas.
445 4299 472 4338 ι.
484 4273 512 4340 3.
534 4278 631 4338 Guelf.
649 4279 678 4340 5.
694 4279 723 4342 6.
743 4278 810 4337 Eoo.
830 4274 911 4340 Leid.
926 4275 946 4334 i.
961 4295 1001 4332 m.
1024 4274 1092 4331 item
1104 4273 1217 4332 Fabric.
1233 4295 1261 4333 a.
1282 4273 1371 4336 lead.
1393 4297 1433 4335 m.
1444 4297 1491 4360 pr.
1512 4288 1638 4337 contuea-

1196 4396 1222 4468 6
