4050 5009
429 378 504 477 2'76

430 556 519 632 dem
537 582 605 663 ego
622 556 676 633 sio
695 556 803 662 apud
818 556 993 633 animum
1015 556 1144 635 meum
1164 571 1308 651 statuo,
1337 557 1567 663 cuicumque
1589 558 1630 635 in
1647 582 1714 635 sue
1738 556 1824 633 civi·
1930 600 1931 676 ἒ

432 696 508 757 tate
524 681 689 785 amplior
705 681 965 786 illustriorque
988 680 1093 757 locus
1115 710 1232 786 quam
1250 683 1334 758 aliis
1349 700 1420 774 est,
1444 684 1479 759 ei
1501 710 1679 787 magnam
1696 690 1827 757 cur-nm

296 789 301 797 ¹
430 830 505 881 esse
537 805 768 910 reipublicae.
808 808 905 880 Nam
934 806 1082 897 ceteris,
1106 807 1206 882 salva
1231 808 1345 895 urbe,
1381 806 1646 881 tantummodo
1675 804 1827 879 libertas

431 945 515 1003 tuta
536 945 615 1004 est:
641 930 710 1033 qm
731 956 816 1032 per·
830 930 1011 1004 virtutem
1031 929 1104 1005 sibi
1130 930 1298 1020 divitias,
1323 929 1451 1019 decus,
1482 928 1689 1019 bonorem,
1720 953 1830 1033 pepe·
1930 954 1931 1041 p

431 1070 585 1145 rerunt,
608 1054 677 1129 ubi
707 1053 885 1156 paullum
916 1053 1101 1128 inclinata
1134 1055 1347 1158 respublica
1369 1054 1504 1158 agitari
1526 1052 1668 1157 ooepit,
1700 1052 1830 1127 multi·
1930 1044 1931 1139 l

431 1177 584 1281 pliciter
600 1176 752 1250 animus
767 1176 868 1251 curis
892 1192 1007 1277 atque
1026 1176 1221 1251 laboribus
1246 1176 1444 1279 fatigatum
1469 1189 1544 1251 aut
1559 1176 1740 1282 gloriam,
1766 1191 1832 1251 aut

431 1301 664 1388 libertatem,
690 1316 758 1373 aut
780 1328 860 1373 rem
880 1294 1130 1389 familiarem,
1165 1294 1359 1373 defensat:
1386 1301 1563 1374 omnibus
1592 1300 1682 1375 locis
1713 1300 1832 1389 adest,

432 1424 609 1523 festinat:
633 1440 779 1526 quanto
797 1422 839 1495 in
857 1422 1032 1496 secundis
1052 1422 1163 1497 rebus
1183 1420 1382 1497 florentior
1400 1420 1490 1511 fuit,
1516 1438 1624 1497 tanto
1642 1422 1683 1497 in
1701 1422 1834 1498 advor-

309 1573 317 1593 .
433 1548 481 1621 sis
499 1547 665 1652 asperius
688 1546 881 1649 magisque
900 1546 1012 1619 anxie
1036 1545 1161 1650 agitat
1201 1548 1324 1649 Igitur
1346 1546 1426 1619 ubi·
1441 1545 1568 1648 plebes
1588 1542 1768 1637 senatui,
1789 1544 1833 1620 si-

436 1672 516 1746 cuti
547 1696 685 1775 corpus
715 1670 864 1759 animo,
885 1667 1029 1758 obedit,
1060 1668 1222 1770 eiusque·
1241 1668 1413 1741 consulta
1440 1668 1684 1770 exsequitur:
1710 1687 1835 1773 patres
1871 1696 1872 1699 ¹

437 1793 595 1868 consilio
617 1791 741 1866 valere
760 1791 883 1879 decet,
912 1790 1058 1893 populo
1084 1816 1361 1894 supervacanea
1382 1807 1437 1865 est
1457 1791 1652 1867 calliditas.
1702 1797 1836 1896 Itaque

436 1917 595 1992 maiores
608 1915 752 2003 nostri,
778 1942 867 1988 eum
888 1913 997 1989 bellis
1019 1914 1246 2018 asperrumis
1269 1920 1550 2019 premerentur,
1579 1917 1706 2018 equis,
1730 1917 1835 2006 viris,

433 2041 598 2145 pecuina
621 2039 769 2129 amissa,
795 2043 1000 2140 nunquam
1025 2036 1154 2112 defessi
1171 2054 1263 2111 sunt
1288 2039 1424 2113 armati
1441 2038 1489 2113 de
1507 2039 1666 2141 imperio
1682 2046 1836 2117 certare.

433 2168 519 2240 Non
536 2166 668 2269 inopia
691 2164 837 2252 aerarii,
864 2189 945 2237 non
965 2160 1235 2253 venusttum,
1260 2182 1342 2237 non
1365 2146 1520 2238 advorsa
1539 2189 1612 2254 res,
1641 2164 1834 2269 ingentem

433 2316 567 2367 eorum
585 2290 760 2364 animum
783 2286 952 2390 subegit,
977 2285 1093 2389 quin,
1115 2310 1202 2387 quae
1219 2285 1361 2360 virtute
1378 2304 1583 2390 ceperant,
1609 2288 1725 2363 simul
1748 2316 1834 2365 cum

434 2415 563 2489 anima
584 2414 800 2489 retinerent.
839 2414 965 2512 Atque
983 2436 1029 2483 ea
1051 2408 1168 2511 magis
1192 2406 1355 2499 fortibus
1378 2410 1562 2501 consiliis,
1586 2439 1705 2513 (pram
1727 2414 1834 2489 bonis

434 2538 592 2642 proeliis,
615 2538 767 2641 patrata
786 2552 886 2610 sunt
924 2534 1079 2636 Quippe
1099 2531 1205 2633 apud
1231 2531 1315 2607 illos
1336 2560 1413 2607 una
1437 2535 1651 2637 respublica
1671 2556 1776 2628 erat,
1801 2540 1833 2613 ei

436 2688 565 2752 omnes
587 2661 838 2736 consulebant
845 2692 856 2754 3
878 2658 994 2755 factio
1015 2660 1148 2732 c'ontra
1169 2654 1293 2731 hostes
1313 2658 1542 2760 parabatur:
1566 2687 1703 2764 corpus
1719 2680 1832 2766 atque

433 2785 635 2889 ingenium
653 2786 800 2889 patrie,
829 2810 910 2859 non
926 2807 1004 2858 suae
1020 2781 1181 2884 quisque
1199 2781 1399 2885 poten'tiae,
1422 2782 1659 2858 exercitabat.
1695 2790 1748 2861 At
1762 2784 1834 2889 boc

437 2924 606 3012 tempore
636 2923 771 2984 contra
807 2911 850 2983 ea
883 2906 1058 2982 homines
1088 2905 1450 3005 nobiles‚‘quorum
1481 2906 1626 2982 animos
1662 2910 1831 2987 socordia
1930 2936 1931 2941 ¹

424 3046 552 3137 nque
570 3032 719 3137 ignava
737 3031 890 3122 invasa,
915 3030 1038 3135 agnas
1064 3025 1613 3125 anons,‘h0seum;mr1o1ae,
1635 3032 1832 3110 dominc-

434 3157 543 3231 tione
563 3156 758 3246 instructi,
776 3182 848 3260 per
863 3153 1084 3257 superbiam
1104 3151 1251 3227 cunctis
1273 3152 1448 3255 gentibus
1469 3154 1727 3233 moderantur.
1760 3162 1830 3233 Ita·

390 3320 422 3359 n
436 3308 512 3385 que
542 3298 683 3385 patres,
699 3283 877 3383 'epiorum
904 3266 1064 3354 consilio
1090 3292 1202 3353 antea
1231 3274 1349 3351 dubia
1378 3278 1592 3381 respublica
1618 3280 1830 3357 stabiliebat·
1930 3260 1931 3287 ¹

436 3420 518 3497 tur,
537 3405 702 3510 oppressi
715 3432 761 3481 ex
776 3404 901 3481 aliena
918 3401 1095 3478 lubidine
1109 3396 1188 3476 buo
1203 3416 1318 3503 atque
1336 3398 1431 3475 illuc
1443 3400 1671 3481 fluctuantes
1688 3408 1829 3513 agitan-
1930 3404 1931 3409 ’

434 3546 524 3630 tur:
548 3530 743 3605 interdum
761 3529 855 3619 alia,
881 3526 1020 3601 deinde
1043 3525 1141 3615 alie,
1164 3523 1393 3614 decernunt,
1418 3527 1477 3601 uti
1499 3554 1652 3619 eorum,
1677 3532 1746 3633 qui
1764 3532 1826 3607 do-

432 3632 648 3744 minantur,
660 3653 831 3728 simultas
845 3669 914 3727 aut
930 3648 1050 3756 gratia
1064 3647 1152 3736 sert,
1163 3642 1216 3720 ita
1229 3646 1375 3721 bonum
1388 3646 1610 3753 malumque
1626 3656 1823 3757 publicum

431 3794 640 3854 aestumant
669 3776 784 3874 Quod
808 3776 839 3851 si
860 3790 927 3850 aut
948 3772 1101 3847 libertas
1121 3794 1230 3871 nequa
1251 3754 1443 3862 omnium,
1470 3790 1537 3849 aut
1553 3778 1738 3853 sententia
1760 3778 1820 3854 ob

428 3902 697 3993 scurioresset3
722 3898 929 3976 maioribus
951 3894 1087 4001 opibus
1103 3892 1315 3995 respublica
1337 3907 1376 3969 et
1392 3895 1518 3972 minus
1538 3914 1671 4002 potens
1686 3902 1817 3979 nobili-

430 4106 505 4187 Cap.
523 4127 569 4171 rr.
590 4106 637 4166 uti
648 4102 924 4168 communesne.
936 4110 1017 4163 retus
1028 4086 1135 4158 Editio.
1156 4096 1288 4158 simultas
1307 4100 1480 4181 arrogantia
1491 4102 1596 4179 fertur
1604 4106 1704 4167 iidem.
1719 4108 1815 4169 simul-

425 4218 471 4274 las
485 4232 523 4273 uc
539 4210 716 4291 arrogantia
740 4206 973 4293 vulgosimultos
990 4214 1043 4265 aut
1059 4200 1159 4283 gratio
1177 4202 1270 4264 Velie.
1287 4202 1434 4281 publicum
1450 4215 1605 4268 cestumant
1625 4230 1726 4271 ornnes
1739 4212 1808 4271 libri.

421 4318 601 4405 mauman
615 4318 714 4400 vulgo.
735 4311 894 4376 enemim
902 4328 1004 4374 eorum
1019 4307 1101 4371 Febr.
1111 4305 1190 4369 Brio.
1201 4304 1345 4407 sententia
1357 4306 1450 4373 Vatis.
1467 4311 1591 4372 strerutir
1605 4322 1692 4394 atque
1705 4314 1808 4397 r'gnarit
