4050 5009
531 332 607 421 ael

530 524 609 585 atra
627 506 757 612 palam
773 505 935 587 uantur
954 538 969 583 r
986 532 1080 600 rme,
1104 508 1164 585 vel
1180 504 1395 614 prumieaie,
1422 504 1482 582 rel
1501 503 1644 582 ibidem
1665 501 1813 583 relictis
1829 501 1956 581 Mau·

533 632 608 725 rie,
632 632 757 711 solum
777 659 868 710 cum
889 630 1001 709 Sulla<
1020 632 1177 709 iturum
1226 634 1283 707 Ea
1301 656 1377 722 ree,
1401 627 1504 705 utin
1521 630 1590 705 tali
1604 631 1777 736 negotio,
1794 628 1957 733 proba·

536 772 575 833 ta
586 736 603 849 ς’
622 784 667 833 ac
687 758 816 835 statim
830 757 1018 862 profecti,
1033 757 1126 861 quia
1143 757 1192 833 de
1207 755 1410 859 improviso
1430 752 1670 844 acciderant,
1683 755 1809 831 dubio
1824 772 1961 858 atque

537 878 736 958 haeeitante
755 880 942 987 Iugurtha
953 938 967 971 „
982 881 1192 957 incolumen
1212 895 1421 956 transeunt
1469 877 1621 956 Deinde
1634 880 1766 983 paucis
1778 880 1959 969 diebus,

473 1014 528 1075 108
539 1032 617 1109 quo
649 1006 704 1095 ire
735 1006 1002 1096 intenderant,
1023 995 1250 1110 perventum
1281 1020 1343 1080 est.
1393 1003 1455 1081 Ibi
1477 1029 1566 1079 cum
1597 1002 1745 1080 Boccho
1765 1006 1958 1082 Numida

537 1128 715 1233 quidam,
726 1133 848 1234 Aspar
864 1129 1036 1219 nomine,
1057 1130 1226 1204 multum
1238 1146 1277 1206 et
1296 1128 1536 1207 familiariter
1552 1129 1705 1232 agebat:
1723 1131 1959 1234 praemimur

537 1255 587 1333 ab
603 1252 809 1363 Iugurtha,
831 1270 1033 1358 postquam
1045 1254 1192 1329 Sullam
1211 1255 1378 1331 aeeitum
1396 1255 1589 1345 audierat,
1605 1270 1734 1328 orator
1745 1270 1784 1329 et
1795 1256 1958 1331 subdo·

462 1378 464 1383 ’
536 1380 573 1455 le
585 1380 824 1485 speculatum
841 1376 979 1455 Bocchi
994 1378 1172 1456 consilia:
1193 1396 1373 1483 praeterea
1386 1381 1539 1470 Dabar,
1552 1378 1806 1483 Massugradae
1822 1378 1957 1472 filius,

538 1530 583 1579 ex
608 1520 719 1609 gente
741 1503 964 1593 Masinissae,
988 1519 1157 1579 ceterum
1184 1516 1358 1578 materno
1385 1530 1520 1608 genere
1546 1504 1687 1606 impar;
1713 1530 1808 1582 nam
1836 1524 1958 1611 pater

538 1628 619 1703 eius
640 1654 686 1703 ex
704 1626 921 1703 concubina
938 1642 1043 1702 ortus
1064 1642 1164 1719 erat3
1184 1627 1322 1701 Mauro
1341 1627 1393 1703 ob
1414 1628 1558 1733 ingenii
1574 1629 1696 1704 multa
1710 1631 1815 1707 bona
1834 1659 1958 1709 carus

539 1768 790 1854 acceptusque
811 1784 823 1824 τ
845 1776 960 1854 quem
979 1748 1150 1825 Bocchus
1170 1749 1293 1825 fidum
1304 1774 1379 1825 esse
1395 1751 1574 1827 Romanis
1589 1753 1720 1828 multis
1741 1760 1837 1832 ante
1853 1774 1956 1833 tem·

538 1876 745 1981 pestatihua
765 1892 966 1983 expertus,
988 1875 1095 1950 illico
1115 1872 1167 1947 ad
1188 1872 1335 1950 Sullam
1348 1874 1579 1951 nunciatum
1595 1877 1733 1969 mittit,
1757 1899 1952 1985 paratum

537 1999 774 2089 sesetacere,
796 2025 883 2102 quae
893 2000 1061 2104 populus
1078 1999 1272 2074 Romanus
1284 1996 1397 2073 vellet
1415 2032 1423 2070 ε
1451 1998 1644 2102 colloquio
1656 2002 1778 2094 diem,
1799 2005 1955 2098 locum,

538 2140 687 2229 tempus
707 2123 786 2228 ipre
809 2122 1022 2226 delegerat:
1049 2121 1311 2198 consultaseae
1338 2124 1467 2197 omnia
1488 2150 1579 2198 cum
1605 2126 1672 2201 illo
1703 2128 1857 2235 integra
1880 2130 1951 2205 ha-

538 2248 644 2337 bere,
670 2272 749 2323 neu
768 2242 964 2351 Iugurthae
979 2244 1146 2351 legatum
1166 2245 1465 2350 pertimeeceret,
1487 2275 1566 2352 quo
1589 2277 1647 2327 rer
1660 2258 1883 2333 communis
1903 2256 1949 2331 li-

540 2371 687 2447 centius
695 2385 888 2477 gererettu
894 2401 905 2465 3
921 2395 1015 2445 nam
1030 2371 1078 2445 ab
1094 2370 1239 2446 insidiis
1254 2370 1335 2447 eius
1352 2371 1463 2447 aliter
1478 2400 1608 2451 cavere
1624 2377 1849 2480 nequivisse.
1875 2380 1948 2455 Sed

540 2521 607 2601 ego
636 2494 865 2599 comperior,
890 2492 1085 2573 Bocchum
1112 2495 1230 2601 magis
1263 2495 1408 2573 Punica
1438 2494 1512 2574 fide
1538 2526 1657 2604 quam
1682 2502 1741 2578 oh·
1760 2530 1830 2597 ea,
1855 2530 1944 2609 quae

540 2750 656 2810 Vina.
676 2746 798 2814 Vrat.1.
815 2767 844 2809 2.
864 2744 969 2815 Fratre.
989 2746 1049 2808 Erl.
1068 2746 1138 2809 Tur.
1158 2747 1265 2820 ΒΜ.
1281 2748 1349 2811 Eec.
1367 2749 1535 2815 Struma.
1565 2753 1662 2816 Guell.
1675 2778 1723 2818 rr.
1742 2758 1824 2821 leid.
1836 2762 1869 2823 k.
1888 2762 1945 2821 ali·

542 2862 614 2933 quot
628 2862 660 2913 ut
674 2854 805 2919 addunt,
820 2855 938 2914 credere
958 2872 1019 2913 om.
1040 2852 1123 2935 Berg.
1152 2861 1210 2933 opt.
1217 2855 1340 2930 sermm
1358 2854 1427 2921 Vin.
1444 2878 1470 2918 ι.
1492 2880 1532 2917 m.
1540 2880 1586 2941 pr.
1607 2860 1692 2923 Febr.
1707 2884 1733 2933 r,
1754 2864 1806 2926 Ac.
1826 2868 1897 2929 Sen.
1914 2886 1939 2931 r.

541 2957 642 3019 lleura.
663 2958 731 3019 Ere.
751 2957 883 3024 Guelless.
905 2959 998 3035 sactu
1019 2959 1116 3017 ceteri.
1128 2960 1225 3035 fietu
1246 2979 1308 3018 om.
1326 2959 1395 3019 Tur.
1423 2961 1521 3024 media
1540 2975 1646 3027 eastra
1657 2968 1728 3035 Tur.
1756 2972 1887 3051 madata
1903 2980 1944 3032 cst

540 3062 621 3129 Laid.
633 3061 663 3121 b.
675 3062 705 3122 d.
717 3066 738 3127 l.
749 3083 790 3123 m.
810 3062 913 3131 Bael-
932 3061 1084 3123 aecum
1103 3060 1201 3121 Guelf.
1212 3062 1242 3133 4.
1263 3062 1348 3129 Rem.
1367 3067 1472 3129 Vinar.
1485 3089 1510 3128 ι.
1532 3070 1644 3140 Fabric.
1655 3093 1682 3133 a.
1700 3075 1781 3139 Vrat.
1793 3098 1820 3138 r.
1841 3084 1940 3141 franc.

539 3166 591 3228 de.
612 3167 694 3229 Leid.
708 3189 748 3227 m.
759 3188 790 3227 n.
810 3168 852 3229 aie
865 3167 1006 3229 Madua-
1027 3157 1153 3248 quatuor
1160 3166 1287 3228 Parisini.
1308 3169 1401 3230 Bern..
1415 3192 1440 3232 1.
1459 3173 1632 3237 aeciderunt
1650 3178 1736 3240 Febr.
1754 3202 1785 3241 ι.
1800 3182 1898 3245 Senat.
1916 3203 1941 3241 ι.

538 3268 621 3354 Berg.
641 3272 837 3337 struutrat.
856 3292 883 3336 a.
905 3270 1343 3353 Gu01t1.3.6.9.10.11.,12.
1362 3273 1577 3342 Leid.a.f.h.i.
1589 3280 1619 3348 k.
1645 3282 1738 3344 Mart.
1757 3300 1786 3351 r.
1815 3305 1938 3351 mecere-

501 3424 504 3437 .
539 3385 612 3437 rum
630 3376 706 3435 Edd.
721 3384 789 3439 vett.
810 3374 982 3437 accusarint
1001 3374 1122 3438 Havete.
1143 3396 1201 3456 (μω
1212 3375 1403 3439 intenderant
1421 3379 1492 3441 Tur.

498 3506 501 3513 ¹
623 3524 706 3607 Cap„
720 3528 794 3589 108..
815 3528 939 3589 mullum
959 3527 1150 3609 [familialiter
1177 3530 1252 3592 Ere..
1279 3530 1376 3593 Guell.
1397 3555 1422 3593 1.
1439 3534 1468 3596 6.
1485 3556 1541 3596 ιι..
1560 3536 1738 3618 maculatum
1760 3550 1822 3606 ete,
1846 3539 1936 3604 Codd.

541 3651 629 3713 qaam
653 3634 777 3694 maxima
792 3636 926 3705 variant,
943 3635 994 3694 alii
1013 3636 1176 3715 mentimur
1187 3640 1310 3719 legunt,
1326 3639 1378 3697 alii
1395 3640 1490 3711 ierat,
1502 3650 1642 3713 venerat,
1661 3644 1801 3705 aredisrat
1817 3648 1933 3707 addunt

541 3745 739 3797 mater-nuta
756 3746 827 3798 erut·
841 3739 943 3800 Frank.
964 3738 1061 3802 Struv.
1080 3737 1169 3799 dead.
1190 3739 1367 3812 Guels..1.l.
1382 3765 1427 3808 rr.
1447 3744 1527 3803 leid.
1536 3767 1564 3812 a.
1571 3768 1601 3829 g.
1614 3744 1644 3807 h.
1658 3748 1688 3813 d.
1698 3771 1724 3809 e.
1733 3770 1775 3808 m.
1783 3772 1816 3810 n.
1838 3753 1894 3819 Pal.
1910 3751 1935 3809 5.

541 3842 570 3901 6.
592 3841 703 3908 Arond.
723 3840 819 3903 Turio.
839 3840 901 3901 Bae.
914 3844 944 3915 4.
964 3854 1089 3905 mater-
1101 3854 1168 3905 orta
1182 3854 1247 3906 orat
1265 3848 1369 3911 Vinar.
1389 3848 1528 3916 senata.
1548 3852 1649 3913 Heuu.
1669 3856 1730 3916 ine.
1746 3876 1774 3915 a.
1795 3856 1891 3919 Gnall.
1906 3880 1930 3939 7·

539 3944 620 4005 Leid.
632 3946 660 4005 k.
682 3945 769 4009 Palat.
780 3968 807 4027 7.
827 3944 987 4013 Bern.1.3.
1010 3959 1182 4029 nampater.
1202 3970 1274 4009 nam
1293 3970 1354 4014 om.
1374 3953 1442 4020 Son.
1459 3973 1486 4015 a.
1507 3955 1617 4018 Hense..
1617 3961 1720 4036 fidum
1732 3981 1931 4031 caracterem,

538 4048 643 4111 Franc.
664 4048 744 4109 leid.
761 4070 800 4111 m.
822 4061 892 4112 ante
911 4052 1027 4113 Gruteri
1038 4055 1178 4118 melioret.
1199 4054 1299 4127 Baua.
1319 4066 1408 4117 antea
1429 4059 1611 4124 Cortiilibri.
1632 4064 1712 4126 illene
1732 4086 1795 4127 om.
1816 4068 1929 4131 Barna.

539 4156 581 4215 ad
593 4152 707 4213 Sullam
720 4155 857 4215 numium
876 4155 956 4216 Vrat.
969 4178 994 4216 r.
1014 4156 1157 4237 delegaret
1175 4159 1246 4219 vin.
1260 4180 1285 4218 1.
1305 4159 1418 4223 rubrio.
1428 4186 1455 4223 1.
1476 4164 1647 4248 Guelf.3.9.
1668 4171 1803 4232 consuto
1823 4174 1926 4235 Falerio.

541 4280 569 4321 ι..
589 4258 656 4319 Seu.
670 4279 697 4321 ι.
717 4278 813 4343 mpr.
827 4280 854 4321 a.
876 4259 944 4325 Vin.
960 4280 986 4325 a.
1006 4260 1105 4322 lleuu.
1126 4262 1220 4325 Strur.
1239 4264 1397 4330 vaura.
1419 4266 1516 4335 Guelf.
1527 4270 1556 4331 3.
1565 4271 1594 4343 l.
1605 4293 1635 4355 9.
1655 4260 1778 4341 Palatia.
1794 4282 1927 4342 meliora·
