<?xml version="1.0" encoding="UTF-8"?>
<!DOCTYPE html PUBLIC "-//W3C//DTD XHTML 1.0 Transitional//EN"
    "http://www.w3.org/TR/xhtml1/DTD/xhtml1-transitional.dtd">
<html xmlns="http://www.w3.org/1999/xhtml" xml:lang="en" lang="en">
 <head>
  <title>
</title>
<meta http-equiv="Content-Type" content="text/html;charset=utf-8" />
  <meta name='ocr-system' content='tesseract 3.04.00' />
  <meta name='ocr-capabilities' content='ocr_page ocr_carea ocr_par ocr_line ocrx_word'/>
</head>
<body>
  <div class='ocr_page' id='page_1' title='image "./salustiiquaeexs00sallgoog_0040.png"; bbox 0 0 4050 5009; ppageno 0'>
   <div class='ocr_carea' id='block_1_1' title="bbox 400 376 447 445">
    <p class='ocr_par' dir='ltr' id='par_1_1' title="bbox 400 376 447 445">
     <span class='ocr_line' id='line_1_1' title="bbox 400 376 447 445; baseline -0.043 0"><span class='ocrx_word' id='word_1_1' title='bbox 400 376 447 445; x_wconf 77' lang='lat'><strong>30</strong></span> 
     </span>
    </p>
   </div>
   <div class='ocr_carea' id='block_1_2' title="bbox 396 548 1812 1293">
    <p class='ocr_par' dir='ltr' id='par_1_2' title="bbox 396 548 1812 1293">
     <span class='ocr_line' id='line_1_2' title="bbox 398 548 1812 652; baseline 0.007 -26"><span class='ocrx_word' id='word_1_2' title='bbox 398 548 638 652; x_wconf 75' lang='lat' dir='ltr'><strong>Rheginorum</strong></span> <span class='ocrx_word' id='word_1_3' title='bbox 652 574 736 643; x_wconf 83' lang='lat' dir='ltr'><strong>agro</strong></span> <span class='ocrx_word' id='word_1_4' title='bbox 754 553 932 620; x_wconf 86' lang='lat' dir='ltr'><strong>considere</strong></span> <span class='ocrx_word' id='word_1_5' title='bbox 946 552 1070 639; x_wconf 76' lang='lat' dir='ltr'><strong>coegit</strong></span> <span class='ocrx_word' id='word_1_6' title='bbox 1098 548 1268 637; x_wconf 77' lang='lat' dir='ltr'><strong>Fugitivi,</strong></span> <span class='ocrx_word' id='word_1_7' title='bbox 1288 553 1436 622; x_wconf 86' lang='lat' dir='ltr'><strong>Cilicum</strong></span> <span class='ocrx_word' id='word_1_8' title='bbox 1449 562 1593 629; x_wconf 81' lang='lat' dir='ltr'><strong>navibus</strong></span> <span class='ocrx_word' id='word_1_9' title='bbox 1606 564 1812 638; x_wconf 81' lang='lat' dir='ltr'><strong>insiciliam</strong></span> 
     </span>
     <span class='ocr_line' id='line_1_3' title="bbox 397 648 1811 759; baseline 0.006 -23"><span class='ocrx_word' id='word_1_10' title='bbox 397 648 630 736; x_wconf 74' lang='lat' dir='ltr'><strong>transmittere</strong></span> <span class='ocrx_word' id='word_1_11' title='bbox 648 662 780 747; x_wconf 89' lang='lat' dir='ltr'><strong>conati,</strong></span> <span class='ocrx_word' id='word_1_12' title='bbox 812 682 872 746; x_wconf 88' lang='lat' dir='ltr'><strong>spe</strong></span> <span class='ocrx_word' id='word_1_13' title='bbox 899 660 1087 745; x_wconf 82' lang='lat' dir='ltr'><strong>frustrata,</strong></span> <span class='ocrx_word' id='word_1_14' title='bbox 1117 680 1156 725; x_wconf 87' lang='lat' dir='ltr'><strong>re</strong></span> <span class='ocrx_word' id='word_1_15' title='bbox 1175 658 1401 729; x_wconf 82' lang='lat' dir='ltr'><strong>frumentaria</strong></span> <span class='ocrx_word' id='word_1_16' title='bbox 1431 668 1591 736; x_wconf 89' lang='lat' dir='ltr'><strong>laborare</strong></span> <span class='ocrx_word' id='word_1_17' title='bbox 1624 688 1811 759; x_wconf 75' lang='lat' dir='ltr'><strong>ruperunt.</strong></span> 
     </span>
     <span class='ocr_line' id='line_1_4' title="bbox 398 766 1810 866; baseline 0.005 -24"><span class='ocrx_word' id='word_1_18' title='bbox 398 782 535 843; x_wconf 76' lang='lat' dir='ltr'><strong>Crassus</strong></span> <span class='ocrx_word' id='word_1_19' title='bbox 555 774 668 857; x_wconf 85' lang='lat' dir='ltr'><strong>enim,</strong></span> <span class='ocrx_word' id='word_1_20' title='bbox 688 767 853 838; x_wconf 84' lang='lat' dir='ltr'><strong>altissima</strong></span> <span class='ocrx_word' id='word_1_21' title='bbox 876 766 968 833; x_wconf 86' lang='lat' dir='ltr'><strong>iossa</strong></span> <span class='ocrx_word' id='word_1_22' title='bbox 986 788 1051 854; x_wconf 88' lang='lat' dir='ltr'><strong>per</strong></span> <span class='ocrx_word' id='word_1_23' title='bbox 1070 767 1224 833; x_wconf 88' lang='lat' dir='ltr'><strong>medium</strong></span> <span class='ocrx_word' id='word_1_24' title='bbox 1246 766 1413 837; x_wconf 89' lang='lat' dir='ltr'><strong>isthmum</strong></span> <span class='ocrx_word' id='word_1_25' title='bbox 1435 776 1538 841; x_wconf 88' lang='lat' dir='ltr'><strong>ducta</strong></span> <span class='ocrx_word' id='word_1_26' title='bbox 1555 777 1665 866; x_wconf 82' lang='lat' dir='ltr'><strong>fame,</strong></span> <span class='ocrx_word' id='word_1_27' title='bbox 1684 801 1743 849; x_wconf 83' lang='lat' dir='ltr'><strong>eos</strong></span> <span class='ocrx_word' id='word_1_28' title='bbox 1765 789 1810 851; x_wconf 85' lang='lat' dir='ltr'><strong>ad</strong></span> 
     </span>
     <span class='ocr_line' id='line_1_5' title="bbox 396 874 1811 970; baseline -0.003 -21"><span class='ocrx_word' id='word_1_29' title='bbox 396 880 614 949; x_wconf 87' lang='lat' dir='ltr'><strong>deditionem</strong></span> <span class='ocrx_word' id='word_1_30' title='bbox 634 875 840 961; x_wconf 86' lang='lat' dir='ltr'>compellere</span> <span class='ocrx_word' id='word_1_31' title='bbox 856 874 999 940; x_wconf 77' lang='lat' dir='ltr'><strong>studuit.</strong></span> <span class='ocrx_word' id='word_1_32' title='bbox 1012 874 1049 959; x_wconf 60' lang='grc' dir='ltr'><strong>θ)</strong></span> <span class='ocrx_word' id='word_1_33' title='bbox 1069 874 1140 962; x_wconf 80' lang='lat' dir='ltr'><strong>Qui</strong></span> <span class='ocrx_word' id='word_1_34' title='bbox 1157 897 1236 939; x_wconf 88' lang='lat' dir='ltr'><strong>cum</strong></span> <span class='ocrx_word' id='word_1_35' title='bbox 1254 886 1356 944; x_wconf 88' lang='lat' dir='ltr'><strong>nocte</strong></span> <span class='ocrx_word' id='word_1_36' title='bbox 1366 883 1559 965; x_wconf 90' lang='lat' dir='ltr'><strong>procellosa</strong></span> <span class='ocrx_word' id='word_1_37' title='bbox 1573 885 1684 970; x_wconf 87' lang='lat' dir='ltr'><strong>elapsi</strong></span> <span class='ocrx_word' id='word_1_38' title='bbox 1701 888 1811 955; x_wconf 84' lang='lat' dir='ltr'><strong>an.</strong></span> 
     </span>
     <span class='ocr_line' id='line_1_6' title="bbox 397 982 1808 1070; baseline 0.005 -14"><span class='ocrx_word' id='word_1_39' title='bbox 397 988 536 1056; x_wconf 88' lang='lat' dir='ltr'><strong>dusium</strong></span> <span class='ocrx_word' id='word_1_40' title='bbox 557 984 827 1066; x_wconf 73' lang='lat' dir='ltr'><strong>contendissent,</strong></span> <span class='ocrx_word' id='word_1_41' title='bbox 846 982 983 1046; x_wconf 84' lang='lat' dir='ltr'><strong>Crassus</strong></span> <span class='ocrx_word' id='word_1_42' title='bbox 997 988 1093 1047; x_wconf 90' lang='lat' dir='ltr'><strong>tanto</strong></span> <span class='ocrx_word' id='word_1_43' title='bbox 1114 989 1244 1049; x_wconf 88' lang='lat' dir='ltr'><strong>terrore</strong></span> <span class='ocrx_word' id='word_1_44' title='bbox 1260 987 1438 1070; x_wconf 85' lang='lat' dir='ltr'><strong>perculsus</strong></span> <span class='ocrx_word' id='word_1_45' title='bbox 1463 996 1533 1067; x_wconf 87' lang='lat' dir='ltr'><strong>est,</strong></span> <span class='ocrx_word' id='word_1_46' title='bbox 1559 999 1599 1055; x_wconf 89' lang='lat' dir='ltr'><strong>ut</strong></span> <span class='ocrx_word' id='word_1_47' title='bbox 1625 992 1739 1061; x_wconf 85' lang='lat' dir='ltr'><strong>literis</strong></span> <span class='ocrx_word' id='word_1_48' title='bbox 1762 1000 1808 1062; x_wconf 92' lang='lat' dir='ltr'><strong>ad</strong></span> 
     </span>
     <span class='ocr_line' id='line_1_7' title="bbox 396 1087 1810 1176; baseline 0.006 -15"><span class='ocrx_word' id='word_1_49' title='bbox 396 1104 553 1173; x_wconf 77' lang='lat' dir='ltr'><strong>senatum</strong></span> <span class='ocrx_word' id='word_1_50' title='bbox 568 1092 680 1160; x_wconf 87' lang='lat' dir='ltr'><strong>missis</strong></span> <span class='ocrx_word' id='word_1_51' title='bbox 699 1099 733 1157; x_wconf 84' lang='lat' dir='ltr'><strong>et</strong></span> <span class='ocrx_word' id='word_1_52' title='bbox 746 1088 948 1175; x_wconf 89' lang='lat' dir='ltr'><strong>Pompejum</strong></span> <span class='ocrx_word' id='word_1_53' title='bbox 970 1108 1010 1153; x_wconf 88' lang='lat' dir='ltr'><strong>ex</strong></span> <span class='ocrx_word' id='word_1_54' title='bbox 1023 1087 1209 1176; x_wconf 88' lang='lat' dir='ltr'><strong>Hispania,</strong></span> <span class='ocrx_word' id='word_1_55' title='bbox 1229 1099 1263 1157; x_wconf 86' lang='lat' dir='ltr'><strong>ct</strong></span> <span class='ocrx_word' id='word_1_56' title='bbox 1290 1094 1475 1159; x_wconf 87' lang='lat' dir='ltr'><strong>Lucullum</strong></span> <span class='ocrx_word' id='word_1_57' title='bbox 1498 1116 1539 1161; x_wconf 83' lang='lat' dir='ltr'><strong>ex</strong></span> <span class='ocrx_word' id='word_1_58' title='bbox 1559 1098 1709 1165; x_wconf 84' lang='lat' dir='ltr'><strong>Thracia</strong></span> <span class='ocrx_word' id='word_1_59' title='bbox 1730 1093 1810 1169; x_wconf 81' lang='lat' dir='ltr'><strong>cum</strong></span> 
     </span>
     <span class='ocr_line' id='line_1_8' title="bbox 398 1194 1810 1293; baseline 0.006 -26"><span class='ocrx_word' id='word_1_60' title='bbox 398 1201 603 1267; x_wconf 81' lang='lat' dir='ltr'><strong>exercitibus</strong></span> <span class='ocrx_word' id='word_1_61' title='bbox 622 1194 660 1263; x_wconf 90' lang='lat' dir='ltr'><strong>in</strong></span> <span class='ocrx_word' id='word_1_62' title='bbox 686 1194 821 1262; x_wconf 85' lang='lat' dir='ltr'><strong>Italiam</strong></span> <span class='ocrx_word' id='word_1_63' title='bbox 841 1198 1053 1261; x_wconf 82' lang='lat' dir='ltr'><strong>revocandos</strong></span> <span class='ocrx_word' id='word_1_64' title='bbox 1066 1196 1296 1279; x_wconf 76' lang='lat' dir='ltr'><strong>censeret.⁶⁰)</strong></span> <span class='ocrx_word' id='word_1_65' title='bbox 1315 1200 1383 1263; x_wconf 88' lang='lat' dir='ltr'><strong>Sed</strong></span> <span class='ocrx_word' id='word_1_66' title='bbox 1398 1201 1505 1285; x_wconf 92' lang='lat' dir='ltr'><strong>paulo</strong></span> <span class='ocrx_word' id='word_1_67' title='bbox 1527 1210 1621 1287; x_wconf 88' lang='lat' dir='ltr'><strong>post,</strong></span> <span class='ocrx_word' id='word_1_68' title='bbox 1641 1204 1810 1293; x_wconf 80' lang='lat' dir='ltr'><strong>fugitivo-</strong></span> 
     </span>
    </p>
   </div>
   <div class='ocr_carea' id='block_1_3' title="bbox 399 1302 1852 1393">
    <p class='ocr_par' dir='ltr' id='par_1_3' title="bbox 399 1302 1852 1393">
     <span class='ocr_line' id='line_1_9' title="bbox 399 1302 1852 1393; baseline 0.003 -22"><span class='ocrx_word' id='word_1_69' title='bbox 399 1329 477 1371; x_wconf 86' lang='lat' dir='ltr'><strong>rum</strong></span> <span class='ocrx_word' id='word_1_70' title='bbox 500 1324 595 1391; x_wconf 87' lang='lat' dir='ltr'><strong>pars,</strong></span> <span class='ocrx_word' id='word_1_71' title='bbox 616 1324 693 1387; x_wconf 83' lang='lat' dir='ltr'><strong>quae</strong></span> <span class='ocrx_word' id='word_1_72' title='bbox 712 1325 733 1367; x_wconf 86' lang='lat' dir='ltr'><strong>a</strong></span> <span class='ocrx_word' id='word_1_73' title='bbox 754 1308 870 1367; x_wconf 83' lang='lat' dir='ltr'><strong>crasso</strong></span> <span class='ocrx_word' id='word_1_74' title='bbox 896 1302 1114 1386; x_wconf 83' lang='lat' dir='ltr'><strong>discesserat,</strong></span> <span class='ocrx_word' id='word_1_75' title='bbox 1131 1302 1242 1388; x_wconf 85' lang='lat' dir='ltr'><strong>victa,</strong></span> <span class='ocrx_word' id='word_1_76' title='bbox 1262 1310 1296 1393; x_wconf 82' lang='lat' dir='ltr'><strong>et</strong></span> <span class='ocrx_word' id='word_1_77' title='bbox 1321 1305 1471 1387; x_wconf 84' lang='lat' dir='ltr'><strong>amplius</strong></span> <span class='ocrx_word' id='word_1_78' title='bbox 1492 1310 1680 1375; x_wconf 71' lang='lat' dir='ltr'><strong>duodecimv</strong></span> <span class='ocrx_word' id='word_1_79' title='bbox 1695 1315 1808 1380; x_wconf 83' lang='lat' dir='ltr'><strong>millia</strong></span> <span class='ocrx_word' id='word_1_80' title='bbox 1850 1331 1852 1334; x_wconf 87' lang='lat'>·</span> 
     </span>
    </p>
   </div>
   <div class='ocr_carea' id='block_1_4' title="bbox 396 1408 1809 1507">
    <p class='ocr_par' dir='ltr' id='par_1_4' title="bbox 396 1408 1809 1507">
     <span class='ocr_line' id='line_1_10' title="bbox 396 1408 1809 1507; baseline 0.005 -28"><span class='ocrx_word' id='word_1_81' title='bbox 396 1414 547 1479; x_wconf 89' lang='lat' dir='ltr'><strong>bostium</strong></span> <span class='ocrx_word' id='word_1_82' title='bbox 564 1430 650 1477; x_wconf 83' lang='lat' dir='ltr'><strong>caesa</strong></span> <span class='ocrx_word' id='word_1_83' title='bbox 667 1420 756 1475; x_wconf 88' lang='lat' dir='ltr'><strong>sunt.</strong></span> <span class='ocrx_word' id='word_1_84' title='bbox 769 1409 847 1495; x_wconf 69' lang='lat'><strong>⁰⁹⁰)</strong></span> <span class='ocrx_word' id='word_1_85' title='bbox 866 1411 1068 1494; x_wconf 82' lang='lat' dir='ltr'><strong>Spartacum</strong></span> <span class='ocrx_word' id='word_1_86' title='bbox 1082 1410 1196 1494; x_wconf 90' lang='lat' dir='ltr'><strong>ipsum</strong></span> <span class='ocrx_word' id='word_1_87' title='bbox 1210 1409 1249 1472; x_wconf 90' lang='lat' dir='ltr'><strong>in</strong></span> <span class='ocrx_word' id='word_1_88' title='bbox 1267 1408 1372 1474; x_wconf 88' lang='lat' dir='ltr'><strong>saltus</strong></span> <span class='ocrx_word' id='word_1_89' title='bbox 1392 1412 1565 1478; x_wconf 85' lang='lat' dir='ltr'><strong>Petelinos</strong></span> <span class='ocrx_word' id='word_1_90' title='bbox 1580 1418 1809 1507; x_wconf 80' lang='lat' dir='ltr'><strong>recedentem,</strong></span> 
     </span>
    </p>
   </div>
   <div class='ocr_carea' id='block_1_5' title="bbox 236 1494 1924 1714">
    <p class='ocr_par' dir='ltr' id='par_1_5' title="bbox 236 1494 1924 1714">
     <span class='ocr_line' id='line_1_11' title="bbox 236 1494 1808 1609; baseline 0.004 -25"><span class='ocrx_word' id='word_1_91' title='bbox 236 1494 249 1519; x_wconf 45' lang='lat'><strong>⁸</strong></span> <span class='ocrx_word' id='word_1_92' title='bbox 273 1513 276 1519; x_wconf 79' lang='grc'><strong>’</strong></span> <span class='ocrx_word' id='word_1_93' title='bbox 398 1520 548 1605; x_wconf 77' lang='lat' dir='ltr'><strong>Quintus</strong></span> <span class='ocrx_word' id='word_1_94' title='bbox 562 1517 674 1583; x_wconf 88' lang='lat' dir='ltr'><strong>Crassi</strong></span> <span class='ocrx_word' id='word_1_95' title='bbox 690 1518 822 1606; x_wconf 83' lang='lat' dir='ltr'><strong>legatus</strong></span> <span class='ocrx_word' id='word_1_96' title='bbox 853 1527 888 1585; x_wconf 91' lang='lat' dir='ltr'><strong>et</strong></span> <span class='ocrx_word' id='word_1_97' title='bbox 911 1518 1066 1601; x_wconf 87' lang='lat' dir='ltr'><strong>Scropba</strong></span> <span class='ocrx_word' id='word_1_98' title='bbox 1087 1523 1237 1598; x_wconf 74' lang='lat' dir='ltr'><strong>questos</strong></span> <span class='ocrx_word' id='word_1_99' title='bbox 1256 1514 1419 1601; x_wconf 82' lang='lat' dir='ltr'><strong>insecuti,</strong></span> <span class='ocrx_word' id='word_1_100' title='bbox 1446 1519 1561 1585; x_wconf 86' lang='lat' dir='ltr'><strong>subito</strong></span> <span class='ocrx_word' id='word_1_101' title='bbox 1581 1520 1808 1609; x_wconf 81' lang='lat' dir='ltr'><strong>fugitivorum</strong></span> 
     </span>
     <span class='ocr_line' id='line_1_12' title="bbox 377 1618 1924 1714; baseline 0.005 -25"><span class='ocrx_word' id='word_1_102' title='bbox 377 1668 379 1677; x_wconf 68' lang='lat'><strong>,</strong></span> <span class='ocrx_word' id='word_1_103' title='bbox 398 1625 530 1709; x_wconf 90' lang='lat' dir='ltr'><strong>impetu</strong></span> <span class='ocrx_word' id='word_1_104' title='bbox 550 1625 721 1710; x_wconf 87' lang='lat' dir='ltr'><strong>oppressi,</strong></span> <span class='ocrx_word' id='word_1_105' title='bbox 751 1618 857 1690; x_wconf 86' lang='lat' dir='ltr'><strong>effusa</strong></span> <span class='ocrx_word' id='word_1_106' title='bbox 879 1623 962 1711; x_wconf 80' lang='lat' dir='ltr'><strong>fuga</strong></span> <span class='ocrx_word' id='word_1_107' title='bbox 982 1626 1092 1685; x_wconf 86' lang='lat' dir='ltr'><strong>castra</strong></span> <span class='ocrx_word' id='word_1_108' title='bbox 1111 1620 1297 1703; x_wconf 88' lang='lat' dir='ltr'><strong>petierunt.</strong></span> <span class='ocrx_word' id='word_1_109' title='bbox 1310 1619 1412 1707; x_wconf 77' lang='lat'>⁰⁰⁰⁰)</span> <span class='ocrx_word' id='word_1_110' title='bbox 1432 1624 1570 1692; x_wconf 88' lang='lat' dir='ltr'><strong>Crassus</strong></span> <span class='ocrx_word' id='word_1_111' title='bbox 1589 1626 1699 1714; x_wconf 82' lang='lat' dir='ltr'><strong>igitur</strong></span> <span class='ocrx_word' id='word_1_112' title='bbox 1715 1640 1754 1695; x_wconf 88' lang='lat' dir='ltr'><strong>ut</strong></span> <span class='ocrx_word' id='word_1_113' title='bbox 1774 1642 1809 1699; x_wconf 85' lang='lat' dir='ltr'><strong>et</strong></span> <span class='ocrx_word' id='word_1_114' title='bbox 1920 1679 1924 1685; x_wconf 78' lang='lat'><em>.</em></span> 
     </span>
    </p>
   </div>
   <div class='ocr_carea' id='block_1_6' title="bbox 337 1725 1807 1819">
    <p class='ocr_par' dir='ltr' id='par_1_6' title="bbox 337 1725 1807 1819">
     <span class='ocr_line' id='line_1_13' title="bbox 337 1725 1807 1819; baseline 0.004 -24"><span class='ocrx_word' id='word_1_115' title='bbox 337 1810 340 1819; x_wconf 91' lang='lat'><em>.</em></span> <span class='ocrx_word' id='word_1_116' title='bbox 361 1744 363 1751; x_wconf 62' lang='lat'><strong>⁴</strong></span> <span class='ocrx_word' id='word_1_117' title='bbox 396 1731 600 1818; x_wconf 76' lang='lat' dir='ltr'><strong>ignominiae</strong></span> <span class='ocrx_word' id='word_1_118' title='bbox 619 1732 734 1797; x_wconf 85' lang='lat' dir='ltr'><strong>labem</strong></span> <span class='ocrx_word' id='word_1_119' title='bbox 753 1734 924 1815; x_wconf 87' lang='lat' dir='ltr'><strong>aboleret,</strong></span> <span class='ocrx_word' id='word_1_120' title='bbox 946 1736 980 1795; x_wconf 88' lang='lat' dir='ltr'><strong>et</strong></span> <span class='ocrx_word' id='word_1_121' title='bbox 999 1725 1156 1809; x_wconf 88' lang='lat' dir='ltr'><strong>Pompeji</strong></span> <span class='ocrx_word' id='word_1_122' title='bbox 1175 1726 1325 1791; x_wconf 89' lang='lat' dir='ltr'><strong>reditum</strong></span> <span class='ocrx_word' id='word_1_123' title='bbox 1346 1732 1574 1817; x_wconf 80' lang='lat' dir='ltr'><strong>antevenirct,</strong></span> <span class='ocrx_word' id='word_1_124' title='bbox 1595 1736 1807 1806; x_wconf 82' lang='lat' dir='ltr'><strong>atrocissimo</strong></span> 
     </span>
    </p>
   </div>
   <div class='ocr_carea' id='block_1_7' title="bbox 493 2065 1807 2162">
    <p class='ocr_par' dir='ltr' id='par_1_7' title="bbox 493 2065 1807 2162">
     <span class='ocr_line' id='line_1_14' title="bbox 493 2065 1807 2162; baseline 0.018 -37"><span class='ocrx_word' id='word_1_125' title='bbox 493 2078 529 2162; x_wconf 76' lang='grc' dir='ltr'><strong>ο)</strong></span> <span class='ocrx_word' id='word_1_126' title='bbox 551 2079 640 2143; x_wconf 62' lang='lat' dir='ltr'><strong>Plus,</strong></span> <span class='ocrx_word' id='word_1_127' title='bbox 653 2079 678 2141; x_wconf 75' lang='grc' dir='ltr'><strong>ι,</strong></span> <span class='ocrx_word' id='word_1_128' title='bbox 697 2082 721 2141; x_wconf 81' lang='lat'><strong>1,</strong></span> <span class='ocrx_word' id='word_1_129' title='bbox 732 2072 877 2157; x_wconf 81' lang='lat' dir='ltr'><strong>Appian.</strong></span> <span class='ocrx_word' id='word_1_130' title='bbox 894 2065 918 2127; x_wconf 94' lang='lat' dir='ltr'><strong>l.</strong></span> <span class='ocrx_word' id='word_1_131' title='bbox 937 2066 961 2130; x_wconf 92' lang='lat' dir='ltr'><strong>l.</strong></span> <span class='ocrx_word' id='word_1_132' title='bbox 984 2068 1144 2133; x_wconf 89' lang='lat' dir='ltr'><strong>Ceterum</strong></span> <span class='ocrx_word' id='word_1_133' title='bbox 1161 2071 1277 2137; x_wconf 83' lang='lat' dir='ltr'><strong>hieme</strong></span> <span class='ocrx_word' id='word_1_134' title='bbox 1293 2074 1360 2139; x_wconf 89' lang='lat' dir='ltr'><strong>boc</strong></span> <span class='ocrx_word' id='word_1_135' title='bbox 1374 2075 1503 2140; x_wconf 86' lang='lat' dir='ltr'><strong>factum</strong></span> <span class='ocrx_word' id='word_1_136' title='bbox 1516 2094 1591 2142; x_wconf 86' lang='lat' dir='ltr'><strong>esse</strong></span> <span class='ocrx_word' id='word_1_137' title='bbox 1609 2080 1807 2147; x_wconf 88' lang='lat' dir='ltr'><strong>testimonio</strong></span> 
     </span>
    </p>
   </div>
   <div class='ocr_carea' id='block_1_8' title="bbox 396 2156 1808 2312">
    <p class='ocr_par' dir='ltr' id='par_1_8' title="bbox 396 2156 1808 2312">
     <span class='ocr_line' id='line_1_15' title="bbox 396 2156 1808 2312; baseline 0.008 -64"><span class='ocrx_word' id='word_1_138' title='bbox 396 2192 477 2312; x_wconf 59' lang='lat' dir='ltr'><strong>surm</strong></span> <span class='ocrx_word' id='word_1_139' title='bbox 494 2185 599 2250; x_wconf 76' lang='lat' dir='ltr'><strong>verba</strong></span> <span class='ocrx_word' id='word_1_140' title='bbox 620 2176 812 2248; x_wconf 84' lang='lat' dir='ltr'><strong>Plutarchi:</strong></span> <span class='ocrx_word' id='word_1_141' title='bbox 849 2156 951 2246; x_wconf 62' lang='grc' dir='ltr'><em>νύκτα</em></span> <span class='ocrx_word' id='word_1_142' title='bbox 981 2160 1136 2277; x_wconf 50' lang='grc' dir='ltr'><strong>νεφετιᾶδη</strong></span> <span class='ocrx_word' id='word_1_143' title='bbox 1163 2175 1223 2252; x_wconf 65' lang='grc' dir='ltr'><strong>καὶ</strong></span> <span class='ocrx_word' id='word_1_144' title='bbox 1250 2166 1416 2283; x_wconf 66' lang='grc' dir='ltr'><strong>πνεύματι</strong></span> <span class='ocrx_word' id='word_1_145' title='bbox 1453 2168 1615 2285; x_wconf 68' lang='grc' dir='ltr'><strong><em>χειμέριον</em></strong></span> <span class='ocrx_word' id='word_1_146' title='bbox 1642 2167 1808 2287; x_wconf 62' lang='grc' dir='ltr'><em>παρωφψ</em></span> 
     </span>
    </p>
   </div>
   <div class='ocr_carea' id='block_1_9' title="bbox 396 2286 1811 2933">
    <p class='ocr_par' dir='ltr' id='par_1_9' title="bbox 396 2286 763 2391">
     <span class='ocr_line' id='line_1_16' title="bbox 396 2286 763 2391; baseline 0.033 -12"><span class='ocrx_word' id='word_1_147' title='bbox 396 2286 518 2383; x_wconf 64' lang='lat' dir='ltr'><strong>aatar.</strong></span> <span class='ocrx_word' id='word_1_148' title='bbox 758 2384 763 2391; x_wconf 78' lang='grc'>,</span> 
     </span>
    </p>

    <p class='ocr_par' dir='ltr' id='par_1_10' title="bbox 396 2405 1811 2933">
     <span class='ocr_line' id='line_1_17' title="bbox 487 2405 1811 2517; baseline -0.007 -23"><span class='ocrx_word' id='word_1_149' title='bbox 487 2432 545 2517; x_wconf 72' lang='lat'><strong>⁰⁹)</strong></span> <span class='ocrx_word' id='word_1_150' title='bbox 566 2431 641 2494; x_wconf 87' lang='lat' dir='ltr'><strong>Hoc</strong></span> <span class='ocrx_word' id='word_1_151' title='bbox 660 2421 723 2490; x_wconf 86' lang='lat' dir='ltr'><strong>sub</strong></span> <span class='ocrx_word' id='word_1_152' title='bbox 744 2418 847 2497; x_wconf 86' lang='lat' dir='ltr'><strong>hujus</strong></span> <span class='ocrx_word' id='word_1_153' title='bbox 870 2420 954 2482; x_wconf 88' lang='lat' dir='ltr'><strong>anni</strong></span> <span class='ocrx_word' id='word_1_154' title='bbox 976 2420 1098 2501; x_wconf 83' lang='lat' dir='ltr'><strong>finem,</strong></span> <span class='ocrx_word' id='word_1_155' title='bbox 1117 2420 1174 2482; x_wconf 85' lang='lat' dir='ltr'><strong>vel</strong></span> <span class='ocrx_word' id='word_1_156' title='bbox 1198 2420 1372 2500; x_wconf 81' lang='lat' dir='ltr'><strong>sequentis</strong></span> <span class='ocrx_word' id='word_1_157' title='bbox 1389 2405 1494 2486; x_wconf 84' lang='lat' dir='ltr'><strong>initio</strong></span> <span class='ocrx_word' id='word_1_158' title='bbox 1513 2423 1642 2489; x_wconf 87' lang='lat' dir='ltr'><strong>factum</strong></span> <span class='ocrx_word' id='word_1_159' title='bbox 1663 2448 1734 2496; x_wconf 82' lang='lat' dir='ltr'><strong>esse</strong></span> <span class='ocrx_word' id='word_1_160' title='bbox 1754 2430 1811 2495; x_wconf 74' lang='lat' dir='ltr'><strong>vi.</strong></span> 
     </span>
     <span class='ocr_line' id='line_1_18' title="bbox 396 2522 1810 2619; baseline -0.007 -21"><span class='ocrx_word' id='word_1_161' title='bbox 396 2542 514 2619; x_wconf 80' lang='lat' dir='ltr'><strong>datur3</strong></span> <span class='ocrx_word' id='word_1_162' title='bbox 534 2541 691 2601; x_wconf 80' lang='lat' dir='ltr'><strong>Ceterum</strong></span> <span class='ocrx_word' id='word_1_163' title='bbox 711 2526 806 2608; x_wconf 91' lang='lat' dir='ltr'><strong>quod</strong></span> <span class='ocrx_word' id='word_1_164' title='bbox 824 2522 1029 2589; x_wconf 87' lang='lat' dir='ltr'><strong>Debrossius</strong></span> <span class='ocrx_word' id='word_1_165' title='bbox 1046 2522 1202 2601; x_wconf 87' lang='lat' dir='ltr'><strong>addidit,</strong></span> <span class='ocrx_word' id='word_1_166' title='bbox 1224 2525 1359 2588; x_wconf 89' lang='lat' dir='ltr'><strong>senatui</strong></span> <span class='ocrx_word' id='word_1_167' title='bbox 1385 2526 1569 2594; x_wconf 88' lang='lat' dir='ltr'><strong>consilium</strong></span> <span class='ocrx_word' id='word_1_168' title='bbox 1593 2530 1718 2613; x_wconf 84' lang='lat' dir='ltr'><strong>fuisse,</strong></span> <span class='ocrx_word' id='word_1_169' title='bbox 1740 2537 1810 2602; x_wconf 80' lang='lat' dir='ltr'><strong>Lu.</strong></span> 
     </span>
     <span class='ocr_line' id='line_1_19' title="bbox 397 2629 1808 2722; baseline -0.007 -11"><span class='ocrx_word' id='word_1_170' title='bbox 397 2646 529 2711; x_wconf 85' lang='lat' dir='ltr'><strong>cultum</strong></span> <span class='ocrx_word' id='word_1_171' title='bbox 543 2653 681 2722; x_wconf 88' lang='lat' dir='ltr'><strong>quoque</strong></span> <span class='ocrx_word' id='word_1_172' title='bbox 696 2652 774 2693; x_wconf 91' lang='lat' dir='ltr'><strong>cum</strong></span> <span class='ocrx_word' id='word_1_173' title='bbox 789 2629 939 2695; x_wconf 84' lang='lat' dir='ltr'><strong>exercitu</strong></span> <span class='ocrx_word' id='word_1_174' title='bbox 954 2650 974 2693; x_wconf 91' lang='lat' dir='ltr'><strong>e</strong></span> <span class='ocrx_word' id='word_1_175' title='bbox 990 2630 1194 2694; x_wconf 89' lang='lat' dir='ltr'><strong>Macedonia</strong></span> <span class='ocrx_word' id='word_1_176' title='bbox 1207 2648 1385 2715; x_wconf 81' lang='lat' dir='ltr'><strong>revocare,</strong></span> <span class='ocrx_word' id='word_1_177' title='bbox 1406 2631 1479 2711; x_wconf 84' lang='lat' dir='ltr'><strong>ejus</strong></span> <span class='ocrx_word' id='word_1_178' title='bbox 1496 2631 1549 2697; x_wconf 91' lang='lat' dir='ltr'><strong>rei</strong></span> <span class='ocrx_word' id='word_1_179' title='bbox 1563 2634 1702 2699; x_wconf 89' lang='lat' dir='ltr'><strong>nullum</strong></span> <span class='ocrx_word' id='word_1_180' title='bbox 1715 2644 1808 2721; x_wconf 91' lang='lat' dir='ltr'><strong>apud</strong></span> 
     </span>
     <span class='ocr_line' id='line_1_20' title="bbox 396 2734 1810 2833; baseline -0.006 -23"><span class='ocrx_word' id='word_1_181' title='bbox 396 2752 556 2833; x_wconf 77' lang='lat' dir='ltr'><strong>antiquos</strong></span> <span class='ocrx_word' id='word_1_182' title='bbox 574 2739 756 2821; x_wconf 86' lang='lat' dir='ltr'><strong>scriptores</strong></span> <span class='ocrx_word' id='word_1_183' title='bbox 768 2744 874 2802; x_wconf 81' lang='lat' dir='ltr'><strong>exstat</strong></span> <span class='ocrx_word' id='word_1_184' title='bbox 890 2734 1136 2801; x_wconf 89' lang='lat' dir='ltr'><strong>testimonium.</strong></span> <span class='ocrx_word' id='word_1_185' title='bbox 1152 2734 1439 2822; x_wconf 83' lang='lat' dir='ltr'><strong>SolusAppianus</strong></span> <span class='ocrx_word' id='word_1_186' title='bbox 1452 2746 1570 2804; x_wconf 85' lang='lat' dir='ltr'><strong>auctor</strong></span> <span class='ocrx_word' id='word_1_187' title='bbox 1589 2747 1657 2820; x_wconf 89' lang='lat' dir='ltr'><strong>est,</strong></span> <span class='ocrx_word' id='word_1_188' title='bbox 1673 2742 1810 2827; x_wconf 82' lang='lat' dir='ltr'><strong>Sparta-</strong></span> 
     </span>
     <span class='ocr_line' id='line_1_21' title="bbox 396 2840 1810 2933; baseline -0.004 -16"><span class='ocrx_word' id='word_1_189' title='bbox 396 2878 474 2923; x_wconf 87' lang='lat' dir='ltr'><strong>cum</strong></span> <span class='ocrx_word' id='word_1_190' title='bbox 480 2850 568 2917; x_wconf 81' lang='lat' dir='ltr'><strong>falso</strong></span> <span class='ocrx_word' id='word_1_191' title='bbox 575 2840 700 2907; x_wconf 87' lang='lat' dir='ltr'><strong>nuntio</strong></span> <span class='ocrx_word' id='word_1_192' title='bbox 710 2843 898 2929; x_wconf 58' lang='lat' dir='ltr'><strong>deluoulli</strong></span> <span class='ocrx_word' id='word_1_193' title='bbox 905 2862 945 2908; x_wconf 78' lang='lat' dir='ltr'><strong>ex</strong></span> <span class='ocrx_word' id='word_1_194' title='bbox 952 2842 1034 2907; x_wconf 83' lang='lat' dir='ltr'><strong>Asia</strong></span> <span class='ocrx_word' id='word_1_195' title='bbox 1040 2842 1155 2910; x_wconf 88' lang='lat' dir='ltr'><strong>reditu</strong></span> <span class='ocrx_word' id='word_1_196' title='bbox 1162 2853 1375 2930; x_wconf 87' lang='lat' dir='ltr'><strong>permotum,</strong></span> <span class='ocrx_word' id='word_1_197' title='bbox 1389 2844 1551 2911; x_wconf 90' lang='lat' dir='ltr'><strong>ultimum</strong></span> <span class='ocrx_word' id='word_1_198' title='bbox 1560 2846 1810 2933; x_wconf 81' lang='lat' dir='ltr'><strong>proeliumcum</strong></span> 
     </span>
    </p>
   </div>
   <div class='ocr_carea' id='block_1_10' title="bbox 397 2948 1854 3029">
    <p class='ocr_par' dir='ltr' id='par_1_11' title="bbox 397 2948 1854 3029">
     <span class='ocr_line' id='line_1_22' title="bbox 397 2948 1854 3029; baseline -0.003 -10"><span class='ocrx_word' id='word_1_199' title='bbox 397 2966 515 3029; x_wconf 77' lang='lat' dir='ltr'><strong>crasso</strong></span> <span class='ocrx_word' id='word_1_200' title='bbox 528 2948 735 3019; x_wconf 87' lang='lat' dir='ltr'><strong>commisisse</strong></span> <span class='ocrx_word' id='word_1_201' title='bbox 755 2951 779 3016; x_wconf 92' lang='lat' dir='ltr'><strong>l.</strong></span> <span class='ocrx_word' id='word_1_202' title='bbox 798 2956 820 3015; x_wconf 91' lang='lat' dir='ltr'><strong>l.</strong></span> <span class='ocrx_word' id='word_1_203' title='bbox 844 2972 872 3015; x_wconf 90' lang='lat' dir='ltr'><strong>c.</strong></span> <span class='ocrx_word' id='word_1_204' title='bbox 896 2966 964 3014; x_wconf 81' lang='lat' dir='ltr'><strong>rao.</strong></span> <span class='ocrx_word' id='word_1_205' title='bbox 984 2954 1030 3014; x_wconf 89' lang='lat' dir='ltr'><strong>dc</strong></span> <span class='ocrx_word' id='word_1_206' title='bbox 1055 2950 1203 3014; x_wconf 86' lang='lat' dir='ltr'><strong>transitu</strong></span> <span class='ocrx_word' id='word_1_207' title='bbox 1220 2951 1260 3014; x_wconf 93' lang='lat' dir='ltr'><strong>in</strong></span> <span class='ocrx_word' id='word_1_208' title='bbox 1282 2949 1448 3015; x_wconf 88' lang='lat' dir='ltr'><strong>Siciliam.</strong></span> <span class='ocrx_word' id='word_1_209' title='bbox 1470 2950 1531 3016; x_wconf 79' lang='lat' dir='ltr'><strong>cir.</strong></span> <span class='ocrx_word' id='word_1_210' title='bbox 1558 2955 1626 3017; x_wconf 90' lang='lat' dir='ltr'><strong>Cic.</strong></span> <span class='ocrx_word' id='word_1_211' title='bbox 1650 2954 1689 3017; x_wconf 91' lang='lat' dir='ltr'><strong>in</strong></span> <span class='ocrx_word' id='word_1_212' title='bbox 1711 2955 1809 3017; x_wconf 82' lang='lat' dir='ltr'><strong>Verr.</strong></span> <span class='ocrx_word' id='word_1_213' title='bbox 1827 2969 1854 2987; x_wconf 49' lang='lat'><strong>⁴·</strong></span> 
     </span>
    </p>
   </div>
   <div class='ocr_carea' id='block_1_11' title="bbox 391 3034 1810 3357">
    <p class='ocr_par' dir='ltr' id='par_1_12' title="bbox 391 3034 1810 3357">
     <span class='ocr_line' id='line_1_23' title="bbox 395 3034 1810 3137; baseline -0.001 -15"><span class='ocrx_word' id='word_1_214' title='bbox 395 3072 435 3134; x_wconf 81' lang='lat' dir='ltr'><strong>v.</strong></span> <span class='ocrx_word' id='word_1_215' title='bbox 448 3084 476 3128; x_wconf 84' lang='lat' dir='ltr'><strong>o.</strong></span> <span class='ocrx_word' id='word_1_216' title='bbox 492 3060 560 3136; x_wconf 64' lang='grc' dir='ltr'><strong>«Μ.</strong></span> <span class='ocrx_word' id='word_1_217' title='bbox 572 3058 692 3137; x_wconf 83' lang='lat' dir='ltr'><strong>Crassi,</strong></span> <span class='ocrx_word' id='word_1_218' title='bbox 709 3054 888 3122; x_wconf 84' lang='lat' dir='ltr'><strong>fortissimi</strong></span> <span class='ocrx_word' id='word_1_219' title='bbox 903 3056 983 3134; x_wconf 83' lang='lat' dir='ltr'><strong>viri,</strong></span> <span class='ocrx_word' id='word_1_220' title='bbox 995 3054 1122 3122; x_wconf 85' lang='lat' dir='ltr'><strong>virtute</strong></span> <span class='ocrx_word' id='word_1_221' title='bbox 1133 3055 1351 3137; x_wconf 86' lang='lat' dir='ltr'><strong>consilioque</strong></span> <span class='ocrx_word' id='word_1_222' title='bbox 1366 3034 1505 3137; x_wconf 82' lang='lat' dir='ltr'><strong>lactum,</strong></span> <span class='ocrx_word' id='word_1_223' title='bbox 1516 3076 1562 3120; x_wconf 90' lang='lat' dir='ltr'><strong>ne</strong></span> <span class='ocrx_word' id='word_1_224' title='bbox 1582 3056 1714 3120; x_wconf 90' lang='lat' dir='ltr'><strong>ratibus</strong></span> <span class='ocrx_word' id='word_1_225' title='bbox 1724 3077 1810 3121; x_wconf 88' lang='lat' dir='ltr'><strong>con·</strong></span> 
     </span>
     <span class='ocr_line' id='line_1_24' title="bbox 391 3159 1810 3253; baseline -0.004 -20"><span class='ocrx_word' id='word_1_226' title='bbox 391 3166 520 3250; x_wconf 88' lang='lat' dir='ltr'><strong>junctis</strong></span> <span class='ocrx_word' id='word_1_227' title='bbox 549 3162 638 3229; x_wconf 84' lang='lat' dir='ltr'><strong>freto</strong></span> <span class='ocrx_word' id='word_1_228' title='bbox 661 3163 801 3253; x_wconf 80' lang='lat' dir='ltr'><strong>fugitivi</strong></span> <span class='ocrx_word' id='word_1_229' title='bbox 830 3168 875 3229; x_wconf 86' lang='lat' dir='ltr'><strong>ad</strong></span> <span class='ocrx_word' id='word_1_230' title='bbox 899 3164 1089 3227; x_wconf 86' lang='lat' dir='ltr'><strong>Messanam</strong></span> <span class='ocrx_word' id='word_1_231' title='bbox 1118 3159 1266 3220; x_wconf 89' lang='lat' dir='ltr'><strong>transire</strong></span> <span class='ocrx_word' id='word_1_232' title='bbox 1289 3163 1445 3239; x_wconf 79' lang='lat' dir='ltr'><strong>possent3</strong></span> <span class='ocrx_word' id='word_1_233' title='bbox 1465 3177 1486 3219; x_wconf 92' lang='lat' dir='ltr'><strong>a</strong></span> <span class='ocrx_word' id='word_1_234' title='bbox 1513 3177 1583 3239; x_wconf 84' lang='lat' dir='ltr'><strong>quo</strong></span> <span class='ocrx_word' id='word_1_235' title='bbox 1604 3159 1662 3223; x_wconf 91' lang='lat' dir='ltr'><strong>illi</strong></span> <span class='ocrx_word' id='word_1_236' title='bbox 1684 3170 1810 3226; x_wconf 90' lang='lat' dir='ltr'><strong>conatu</strong></span> 
     </span>
     <span class='ocr_line' id='line_1_25' title="bbox 396 3259 1809 3357; baseline -0.004 -20"><span class='ocrx_word' id='word_1_237' title='bbox 396 3292 469 3337; x_wconf 89' lang='lat' dir='ltr'><strong>non</strong></span> <span class='ocrx_word' id='word_1_238' title='bbox 487 3278 581 3336; x_wconf 85' lang='lat' dir='ltr'><strong>tanto</strong></span> <span class='ocrx_word' id='word_1_239' title='bbox 607 3291 711 3357; x_wconf 88' lang='lat' dir='ltr'><strong>opere</strong></span> <span class='ocrx_word' id='word_1_240' title='bbox 731 3265 945 3355; x_wconf 86' lang='lat' dir='ltr'><strong>probibendi</strong></span> <span class='ocrx_word' id='word_1_241' title='bbox 963 3262 1126 3346; x_wconf 85' lang='lat' dir='ltr'><strong>fuissent,</strong></span> <span class='ocrx_word' id='word_1_242' title='bbox 1150 3260 1181 3324; x_wconf 90' lang='lat' dir='ltr'><strong>si</strong></span> <span class='ocrx_word' id='word_1_243' title='bbox 1194 3260 1267 3322; x_wconf 90' lang='lat' dir='ltr'><strong>ulla</strong></span> <span class='ocrx_word' id='word_1_244' title='bbox 1289 3259 1326 3322; x_wconf 93' lang='lat' dir='ltr'><strong>in</strong></span> <span class='ocrx_word' id='word_1_245' title='bbox 1343 3260 1463 3349; x_wconf 85' lang='lat' dir='ltr'><strong>Sicilia</strong></span> <span class='ocrx_word' id='word_1_246' title='bbox 1482 3264 1642 3349; x_wconf 85' lang='lat' dir='ltr'><strong>praesidia</strong></span> <span class='ocrx_word' id='word_1_247' title='bbox 1666 3269 1712 3331; x_wconf 90' lang='lat' dir='ltr'><strong>ad</strong></span> <span class='ocrx_word' id='word_1_248' title='bbox 1728 3268 1809 3333; x_wconf 83' lang='lat' dir='ltr'><strong>illo·</strong></span> 
     </span>
    </p>
   </div>
   <div class='ocr_carea' id='block_1_12' title="bbox 394 3370 1094 3459">
    <p class='ocr_par' dir='ltr' id='par_1_13' title="bbox 394 3370 1094 3459">
     <span class='ocr_line' id='line_1_26' title="bbox 394 3370 1094 3459; baseline -0.016 -17"><span class='ocrx_word' id='word_1_249' title='bbox 394 3398 471 3441; x_wconf 89' lang='lat' dir='ltr'><strong>rum</strong></span> <span class='ocrx_word' id='word_1_250' title='bbox 493 3382 677 3445; x_wconf 80' lang='lat' dir='ltr'><strong>adventum</strong></span> <span class='ocrx_word' id='word_1_251' title='bbox 700 3370 860 3459; x_wconf 89' lang='lat' dir='ltr'><strong>opposita</strong></span> <span class='ocrx_word' id='word_1_252' title='bbox 878 3373 1094 3453; x_wconf 88' lang='lat' dir='ltr'><strong>putarentur.</strong></span> 
     </span>
    </p>
   </div>
   <div class='ocr_carea' id='block_1_13' title="bbox 473 3488 1897 3586">
    <p class='ocr_par' dir='ltr' id='par_1_14' title="bbox 473 3488 1897 3586">
     <span class='ocr_line' id='line_1_27' title="bbox 473 3488 1897 3586; baseline -0.004 -21"><span class='ocrx_word' id='word_1_253' title='bbox 473 3500 553 3586; x_wconf 65' lang='grc' dir='ltr'><strong>Μ)</strong></span> <span class='ocrx_word' id='word_1_254' title='bbox 573 3500 646 3565; x_wconf 81' lang='lat' dir='ltr'><strong>Liv.</strong></span> <span class='ocrx_word' id='word_1_255' title='bbox 667 3496 756 3582; x_wconf 87' lang='lat' dir='ltr'><strong>Epit.</strong></span> <span class='ocrx_word' id='word_1_256' title='bbox 775 3494 906 3559; x_wconf 89' lang='lat' dir='ltr'><strong>XCVII.</strong></span> <span class='ocrx_word' id='word_1_257' title='bbox 925 3492 995 3569; x_wconf 58' lang='grc' dir='ltr'><strong>«Μ.</strong></span> <span class='ocrx_word' id='word_1_258' title='bbox 1016 3491 1152 3554; x_wconf 82' lang='lat' dir='ltr'><strong>crassus</strong></span> <span class='ocrx_word' id='word_1_259' title='bbox 1173 3496 1300 3575; x_wconf 75' lang='lat' dir='ltr'><strong>praetor</strong></span> <span class='ocrx_word' id='word_1_260' title='bbox 1315 3488 1469 3575; x_wconf 89' lang='lat' dir='ltr'><strong>primum</strong></span> <span class='ocrx_word' id='word_1_261' title='bbox 1494 3512 1572 3555; x_wconf 89' lang='lat' dir='ltr'><strong>cum</strong></span> <span class='ocrx_word' id='word_1_262' title='bbox 1595 3503 1694 3579; x_wconf 84' lang='lat' dir='ltr'><strong>parte</strong></span> <span class='ocrx_word' id='word_1_263' title='bbox 1716 3496 1808 3583; x_wconf 83' lang='lat' dir='ltr'><strong>fugi-</strong></span> <span class='ocrx_word' id='word_1_264' title='bbox 1895 3515 1897 3519; x_wconf 87' lang='lat'>·</span> 
     </span>
    </p>
   </div>
   <div class='ocr_carea' id='block_1_14' title="bbox 394 3594 1808 3898">
    <p class='ocr_par' dir='ltr' id='par_1_15' title="bbox 394 3594 1808 3898">
     <span class='ocr_line' id='line_1_28' title="bbox 395 3594 1808 3701; baseline 0 -32"><span class='ocrx_word' id='word_1_265' title='bbox 395 3604 562 3687; x_wconf 69' lang='lat' dir='ltr'><strong>tinorum,</strong></span> <span class='ocrx_word' id='word_1_266' title='bbox 583 3626 659 3689; x_wconf 79' lang='lat' dir='ltr'><strong>quae</strong></span> <span class='ocrx_word' id='word_1_267' title='bbox 678 3626 719 3670; x_wconf 83' lang='lat' dir='ltr'><strong>ex</strong></span> <span class='ocrx_word' id='word_1_268' title='bbox 738 3601 849 3701; x_wconf 88' lang='lat' dir='ltr'><strong>Gallis</strong></span> <span class='ocrx_word' id='word_1_269' title='bbox 864 3597 1113 3680; x_wconf 84' lang='lat' dir='ltr'><strong>Germanisque</strong></span> <span class='ocrx_word' id='word_1_270' title='bbox 1127 3596 1318 3680; x_wconf 86' lang='lat' dir='ltr'><strong>constabat,</strong></span> <span class='ocrx_word' id='word_1_271' title='bbox 1338 3594 1487 3661; x_wconf 83' lang='lat' dir='ltr'><strong>feliciter</strong></span> <span class='ocrx_word' id='word_1_272' title='bbox 1502 3601 1689 3688; x_wconf 82' lang='lat' dir='ltr'><strong>pugnavit,</strong></span> <span class='ocrx_word' id='word_1_273' title='bbox 1714 3602 1808 3669; x_wconf 79' lang='lat' dir='ltr'><strong>caesis</strong></span> 
     </span>
     <span class='ocr_line' id='line_1_29' title="bbox 394 3702 1808 3790; baseline 0 -15"><span class='ocrx_word' id='word_1_274' title='bbox 394 3713 547 3778; x_wconf 86' lang='lat' dir='ltr'><strong>hostium</strong></span> <span class='ocrx_word' id='word_1_275' title='bbox 566 3714 686 3777; x_wconf 88' lang='lat' dir='ltr'>XXXV</span> <span class='ocrx_word' id='word_1_276' title='bbox 710 3710 867 3773; x_wconf 89' lang='lat' dir='ltr'><strong>millibus</strong></span> <span class='ocrx_word' id='word_1_277' title='bbox 888 3716 923 3773; x_wconf 87' lang='lat' dir='ltr'><strong>et</strong></span> <span class='ocrx_word' id='word_1_278' title='bbox 945 3708 1033 3769; x_wconf 86' lang='lat' dir='ltr'><strong>duce</strong></span> <span class='ocrx_word' id='word_1_279' title='bbox 1055 3702 1352 3786; x_wconf 73' lang='lat' dir='ltr'><strong>eorumCranico.</strong></span> <span class='ocrx_word' id='word_1_280' title='bbox 1392 3706 1477 3767; x_wconf 89' lang='lat' dir='ltr'><strong>Cum</strong></span> <span class='ocrx_word' id='word_1_281' title='bbox 1498 3706 1660 3790; x_wconf 87' lang='lat' dir='ltr'><strong>Spartaco</strong></span> <span class='ocrx_word' id='word_1_282' title='bbox 1680 3707 1808 3775; x_wconf 87' lang='lat' dir='ltr'><strong>deinde</strong></span> 
     </span>
     <span class='ocr_line' id='line_1_30' title="bbox 396 3806 1569 3898; baseline -0.004 -17"><span class='ocrx_word' id='word_1_283' title='bbox 396 3818 540 3884; x_wconf 78' lang='lat' dir='ltr'><strong>bellavit</strong></span> <span class='ocrx_word' id='word_1_284' title='bbox 558 3816 650 3881; x_wconf 84' lang='lat' dir='ltr'><strong>caesis</strong></span> <span class='ocrx_word' id='word_1_285' title='bbox 669 3836 746 3878; x_wconf 87' lang='lat' dir='ltr'><strong>cum</strong></span> <span class='ocrx_word' id='word_1_286' title='bbox 766 3814 842 3898; x_wconf 91' lang='lat' dir='ltr'><strong>ipso</strong></span> <span class='ocrx_word' id='word_1_287' title='bbox 864 3810 1024 3875; x_wconf 88' lang='lat' dir='ltr'><strong>millibus</strong></span> <span class='ocrx_word' id='word_1_288' title='bbox 1044 3809 1133 3873; x_wconf 67' lang='lat' dir='ltr'><strong>Lx.»</strong></span> <span class='ocrx_word' id='word_1_289' title='bbox 1152 3806 1213 3872; x_wconf 86' lang='lat' dir='ltr'><strong>cfr.</strong></span> <span class='ocrx_word' id='word_1_290' title='bbox 1236 3808 1327 3873; x_wconf 90' lang='lat' dir='ltr'><strong>Plut.</strong></span> <span class='ocrx_word' id='word_1_291' title='bbox 1346 3811 1453 3874; x_wconf 87' lang='lat' dir='ltr'><strong>Crass.</strong></span> <span class='ocrx_word' id='word_1_292' title='bbox 1472 3832 1499 3874; x_wconf 92' lang='lat' dir='ltr'><strong>c.</strong></span> <span class='ocrx_word' id='word_1_293' title='bbox 1519 3831 1569 3876; x_wconf 84' lang='grc' dir='ltr'><strong>ιι.</strong></span> 
     </span>
    </p>
   </div>
   <div class='ocr_carea' id='block_1_15' title="bbox 394 3930 1809 4341">
    <p class='ocr_par' dir='ltr' id='par_1_16' title="bbox 394 3930 1809 4341">
     <span class='ocr_line' id='line_1_31' title="bbox 480 3930 1807 4021; baseline 0 -22"><span class='ocrx_word' id='word_1_294' title='bbox 480 3936 584 4021; x_wconf 67' lang='lat'><strong>⁶⁶⁹⁹)</strong></span> <span class='ocrx_word' id='word_1_295' title='bbox 604 3934 757 3999; x_wconf 87' lang='lat' dir='ltr'><strong>Frontin.</strong></span> <span class='ocrx_word' id='word_1_296' title='bbox 781 3936 826 3996; x_wconf 89' lang='lat'><strong>11.</strong></span> <span class='ocrx_word' id='word_1_297' title='bbox 849 3949 879 4009; x_wconf 81' lang='lat'><strong>4.</strong></span> <span class='ocrx_word' id='word_1_298' title='bbox 905 3958 933 4019; x_wconf 87' lang='lat'><strong>7.</strong></span> <span class='ocrx_word' id='word_1_299' title='bbox 952 3932 1101 4019; x_wconf 82' lang='lat' dir='ltr'><strong>Strateg.&#39;</strong></span> <span class='ocrx_word' id='word_1_300' title='bbox 1115 3932 1159 3993; x_wconf 88' lang='lat'><strong>11.</strong></span> <span class='ocrx_word' id='word_1_301' title='bbox 1176 3936 1204 3994; x_wconf 84' lang='lat'><strong>5.</strong></span> <span class='ocrx_word' id='word_1_302' title='bbox 1226 3935 1277 4007; x_wconf 74' lang='grc'><strong>34.</strong></span> <span class='ocrx_word' id='word_1_303' title='bbox 1296 3930 1474 4019; x_wconf 61' lang='lat' dir='ltr'><strong>,Triginta</strong></span> <span class='ocrx_word' id='word_1_304' title='bbox 1506 3934 1663 4018; x_wconf 85' lang='lat' dir='ltr'><strong>quinque</strong></span> <span class='ocrx_word' id='word_1_305' title='bbox 1694 3935 1807 3999; x_wconf 85' lang='lat' dir='ltr'><strong>millia</strong></span> 
     </span>
     <span class='ocr_line' id='line_1_32' title="bbox 394 4037 1809 4126; baseline -0.003 -17"><span class='ocrx_word' id='word_1_306' title='bbox 394 4053 604 4109; x_wconf 87' lang='lat' dir='ltr'><strong>armatorum</strong></span> <span class='ocrx_word' id='word_1_307' title='bbox 619 4061 661 4105; x_wconf 90' lang='lat' dir='ltr'><strong>eo</strong></span> <span class='ocrx_word' id='word_1_308' title='bbox 683 4040 808 4126; x_wconf 89' lang='lat' dir='ltr'><strong>proelio</strong></span> <span class='ocrx_word' id='word_1_309' title='bbox 829 4037 1008 4105; x_wconf 80' lang='lat' dir='ltr'><strong>interiecta</strong></span> <span class='ocrx_word' id='word_1_310' title='bbox 1029 4058 1108 4101; x_wconf 89' lang='lat' dir='ltr'><strong>cum</strong></span> <span class='ocrx_word' id='word_1_311' title='bbox 1124 4038 1209 4124; x_wconf 87' lang='lat' dir='ltr'><strong>ipsis</strong></span> <span class='ocrx_word' id='word_1_312' title='bbox 1228 4037 1373 4102; x_wconf 90' lang='lat' dir='ltr'><strong>ducibus</strong></span> <span class='ocrx_word' id='word_1_313' title='bbox 1393 4039 1514 4106; x_wconf 81' lang='lat' dir='ltr'><strong>Livius</strong></span> <span class='ocrx_word' id='word_1_314' title='bbox 1535 4040 1661 4115; x_wconf 85' lang='lat' dir='ltr'><strong>tradit,</strong></span> <span class='ocrx_word' id='word_1_315' title='bbox 1690 4062 1809 4126; x_wconf 85' lang='lat' dir='ltr'><strong>recep-</strong></span> 
     </span>
     <span class='ocr_line' id='line_1_33' title="bbox 395 4144 1805 4234; baseline 0.001 -21"><span class='ocrx_word' id='word_1_316' title='bbox 395 4162 444 4214; x_wconf 89' lang='lat' dir='ltr'><strong>tas</strong></span> <span class='ocrx_word' id='word_1_317' title='bbox 467 4149 621 4233; x_wconf 87' lang='lat' dir='ltr'><strong>quinque</strong></span> <span class='ocrx_word' id='word_1_318' title='bbox 639 4149 813 4211; x_wconf 74' lang='lat' dir='ltr'><strong>Romanas</strong></span> <span class='ocrx_word' id='word_1_319' title='bbox 833 4146 980 4231; x_wconf 87' lang='lat' dir='ltr'><strong>aquilas,</strong></span> <span class='ocrx_word' id='word_1_320' title='bbox 999 4144 1099 4231; x_wconf 84' lang='lat' dir='ltr'><strong>signa</strong></span> <span class='ocrx_word' id='word_1_321' title='bbox 1117 4164 1176 4211; x_wconf 86' lang='lat' dir='ltr'><strong>sex</strong></span> <span class='ocrx_word' id='word_1_322' title='bbox 1200 4152 1234 4209; x_wconf 88' lang='lat' dir='ltr'><strong>et</strong></span> <span class='ocrx_word' id='word_1_323' title='bbox 1250 4144 1398 4232; x_wconf 81' lang='lat' dir='ltr'><strong>viginti,</strong></span> <span class='ocrx_word' id='word_1_324' title='bbox 1425 4147 1536 4212; x_wconf 88' lang='lat' dir='ltr'><strong>multa</strong></span> <span class='ocrx_word' id='word_1_325' title='bbox 1553 4146 1683 4234; x_wconf 89' lang='lat' dir='ltr'><strong>spolia,</strong></span> <span class='ocrx_word' id='word_1_326' title='bbox 1713 4147 1805 4216; x_wconf 77' lang='lat' dir='ltr'><strong>inter</strong></span> 
     </span>
     <span class='ocr_line' id='line_1_34' title="bbox 394 4250 1297 4341; baseline -0.001 -23"><span class='ocrx_word' id='word_1_327' title='bbox 394 4276 472 4337; x_wconf 82' lang='lat' dir='ltr'><strong>quae</strong></span> <span class='ocrx_word' id='word_1_328' title='bbox 486 4256 639 4341; x_wconf 88' lang='lat' dir='ltr'><strong>quinque</strong></span> <span class='ocrx_word' id='word_1_329' title='bbox 663 4252 769 4319; x_wconf 78' lang='lat' dir='ltr'><strong>fasces</strong></span> <span class='ocrx_word' id='word_1_330' title='bbox 792 4272 871 4317; x_wconf 86' lang='lat' dir='ltr'><strong>cum</strong></span> <span class='ocrx_word' id='word_1_331' title='bbox 893 4251 1102 4319; x_wconf 67' lang='lat' dir='ltr'><strong>securibus.»</strong></span> <span class='ocrx_word' id='word_1_332' title='bbox 1121 4252 1211 4317; x_wconf 87' lang='lat' dir='ltr'><strong>Plut.</strong></span> <span class='ocrx_word' id='word_1_333' title='bbox 1228 4250 1255 4317; x_wconf 86' lang='lat'><strong>1.</strong></span> <span class='ocrx_word' id='word_1_334' title='bbox 1272 4250 1297 4317; x_wconf 90' lang='lat'><strong>1.</strong></span> 
     </span>
    </p>
   </div>
   <div class='ocr_carea' id='block_1_16' title="bbox 0 0 2030 5009">
    <p class='ocr_par' dir='ltr' id='par_1_17' title="bbox 0 0 2030 5009">
     <span class='ocr_line' id='line_1_35' title="bbox 0 0 2030 5009; baseline 0 1"><span class='ocrx_word' id='word_1_335' title='bbox 0 0 2030 5009; x_wconf 95' lang='lat' dir='ltr'><strong> </strong></span> 
     </span>
    </p>
   </div>
  </div>
 </body>
</html>
