4050 5009
1566 328 1614 414 55

321 530 412 615 cod.
432 530 464 606 Ι.
490 529 582 626 (cfr.
598 529 754 606 Pantini
770 529 933 635 Catalog.
950 531 992 603 T.
1013 529 1059 603 V.
1074 554 1157 635 pag.
1177 528 1282 631 stt.)
1306 532 1517 607 Membran.
1534 518 1621 609 Saso.

219 670 290 721 nr.
309 643 468 722 ineunte
481 647 523 735 ²3)
546 674 662 749 quem
680 647 835 721 Pantini
858 646 1012 751 optimae
1033 662 1134 719 notae
1155 645 1268 736 dicit,
1294 648 1443 752 quippe'
1452 648 1520 750 qui
1545 649 1624 725 edi·
1680 716 1684 727 .

220 759 336 836 tionis
355 762 544 837 Cortianae
553 762 731 837 lectiones
753 761 962 837 confirmet
1000 761 1073 836 Sed
1092 788 1181 837 eum
1202 760 1423 867 vigilantem
1440 764 1621 839 somnias·

217 900 258 953 se
280 876 515 952 crediderim.
540 878 723 976 Quamvis
731 877 837 953 enim
856 876 965 951 hunc
984 876 1129 951 librum
1149 878 1369 953 melioribus
1385 878 1623 970 adnumeres,

218 1001 339 1085 (nam
358 992 431 1067 sub
454 992 570 1067 linem
593 992 830 1096 potissimum
859 993 978 1066 bonas
1002 990 1156 1067 exhibet
1175 992 1375 1079 lectiones)
1402 1011 1530 1072 tamen
1558 996 1620 1087 iis,

217 1132 307 1209 quae
321 1108 470 1182 Cortius
489 1125 557 1181 aut
580 1125 717 1182 temere
742 1108 905 1212 conjecit
926 1124 995 1180 aut
1015 1108 1252 1198 emendavit,
1278 1108 1399 1183 rarius
1416 1111 1626 1201 consentit,
1665 1198 1668 1211 ‚

217 1220 292 1295 nisi
320 1221 418 1296 forte
439 1222 572 1296 statuis
597 1223 638 1297 in
656 1223 844 1312 editione,
870 1250 938 1327 per
962 1220 1180 1297 Johannem
1200 1225 1350 1327 Baptist
1377 1226 1622 1327 Pasqualium

216 1334 552 1411 MDCCfflVss.
578 1339 748 1413 Venetiis
775 1337 948 1443 vulgata,
973 1364 1091 1439 quam
1118 1338 1183 1413 ille
1203 1339 1353 1429 laudat,
1377 1340 1515 1415 multas
1534 1368 1625 1417 con·

216 1449 426 1553 iecturasa
459 1454 589 1527 Cortio
615 1454 846 1557 propositas,
868 1478 944 1527 esse
966 1452 1129 1556 rejectas.
1176 1457 1357 1529 Praeterea
1393 1455 1484 1530 libri
1518 1456 1622 1531 illius

216 1566 384 1670 margini
398 1564 542 1640 scholia
565 1585 658 1641 sunt
680 1568 887 1671 adscripta,
912 1596 1036 1673 neque
1058 1568 1117 1643 his
1140 1570 1309 1644 multum
1331 1571 1484 1646 tribuas.
1525 1574 1624 1649 Nam

216 1680 297 1757 fere
312 1680 523 1783 explicant,
548 1709 635 1787 quae
655 1682 742 1757 luce
760 1702 852 1758 sunt
870 1686 1049 1774 clariora,
1076 1686 1141 1761 sed
1162 1688 1319 1764 obscura
1342 1689 1486 1765 intacta
1506 1691 1621 1767 relin-

216 1812 356 1899 quunt
390 1800 588 1873 Accedunt
610 1800 736 1903 glossae
759 1799 998 1875 interlineas
1032 1816 1070 1873 et
1092 1826 1224 1903 paucae
1256 1802 1620 1895 animadversiones,

215 1914 399 2018 pluribus
413 1915 513 1989 foliis
532 1916 736 2020 separatim
746 1917 915 2021 scriptae3
933 1915 1102 2019 primum
1119 1914 1267 2018 aliquot
1280 1944 1385 1993 voces
1397 1919 1619 1995 Salustianae

215 2046 256 2105 et
271 2030 405 2105 divisio
419 2033 520 2111 orbis
537 2050 741 2121 terrarum,
759 2060 877 2135 quam
895 2032 937 2105 in
952 2031 1054 2106 bello
1069 2032 1093 2102 J
1096 2030 1304 2137 ugurthino
1317 2035 1514 2137 proposuit
1529 2062 1619 2111 auc·
1658 2122 1661 2129 Δ

217 2146 696 2241 tor‚fusiusillustrantur;
718 2149 793 2222 alia
804 2148 852 2223 ad
865 2148 1143 2252 etymologiam,
1161 2175 1283 2253 pauca
1297 2149 1346 2224 ad
1360 2150 1617 2241 Salustianum

215 2259 372 2335 dicendi
389 2289 506 2365 genus
523 2281 704 2367 spectant
729 2266 776 2338 In
799 2264 1079 2353 fineCatilinae,
1105 2264 1201 2339 acies
1227 2262 1369 2338 directa
1381 2264 1541 2341 mirifica
1556 2294 1619 2341 co·

215 2374 346 2451 lorum
357 2379 536 2453 varietate
550 2380 777 2453 adumbrata
784 2412 795 2472 3
820 2382 863 2455 in
883 2378 960 2454 fine
983 2376 1098 2453 totius
1115 2379 1278 2468 Codicis,
1304 2380 1389 2479 (qui
1404 2398 1541 2483 praeter
1553 2382 1621 2457 Ju-

214 2491 400 2599 gurtham
426 2512 464 2568 et
494 2497 701 2569 Catilinam
733 2496 946 2601 complures
978 2494 1169 2569 Ciceronis
1200 2494 1387 2569 orationes
1411 2512 1450 2569 et
1472 2497 1620 2572 Seneca:

214 2612 313 2712 Epp.
333 2609 383 2683 ad
403 2611 567 2686 Paulum
596 2611 790 2708 continet)
805 2611 991 2715 scriptum
1015 2628 1087 2685 est:
1119 2608 1211 2684 liber
1238 2612 1343 2684 Petri
1365 2610 1412 2685 dc
1443 2612 1619 2703 Modicia,

217 2724 344 2798 Cosmi
351 2726 436 2821 filii.
477 2725 771 2831 Orthographiae
795 2728 929 2802 veteris
959 2754 1083 2829 pauca
1118 2724 1288 2829 vestigia3
1313 2724 1424 2815 lubet,
1450 2746 1621 2832 quattuor

215 2845 392 2939 repperit,
413 2842 669 2916 advorsarew
693 2845 797 2947 (lug.
816 2869 846 2915 c
865 2847 945 2928 so.)
966 2841 1104 2944 saepius
1121 2840 1351 2947 gerundium
1376 2842 1417 2916 in
1431 2872 1455 2917 u
1478 2844 1620 2918 flexum
1714 2918 1717 2927 .

214 2958 412 3067 capimtdi,
423 2957 620 3057 faciundi,
645 2959 839 3048 leniunda,
858 2958 1085 3057 perdundae.

269 3110 275 3117 ’
300 3122 433 3183 Catilina
445 3146 472 3185 c.
487 3146 515 3184 a.
534 3126 592 3185 snit
607 3126 640 3185 in
660 3127 743 3184 terris
764 3126 795 3183 6.
810 3126 862 3183 alii
881 3123 941 3181 alio
962 3142 1044 3181 more
1070 3122 1134 3199 (sed
1149 3121 1204 3181 olii
1218 3120 1369 3183 exemend.
1385 3144 1425 3182 m.
1439 3123 1513 3199 sec.)
1534 3124 1619 3196 bino,

214 3204 433 3301 imperatores-
451 3224 481 3280 8.
502 3233 648 3302 quantum
661 3222 757 3283 serbis
776 3222 822 3299 (ea
833 3243 873 3279 m.
888 3241 944 3279 sec.
954 3219 1078 3297 adjecit)
1101 3252 1119 3266 -
1139 3242 1168 3301 9.
1184 3220 1263 3279 bello
1278 3230 1455 3279 excesserunt
1473 3252 1489 3264 -
1502 3240 1546 3277 ιι.
1569 3218 1618 3280 hic

215 3318 289 3398 qrria
308 3348 325 3362 -
338 3318 476 3392 infinita,
496 3319 631 3378 insatiata
647 3338 743 3399 neque
761 3316 824 3377 -hi
838 3319 930 3397 igitur
945 3317 1054 3375 milites
1074 3350 1090 3360 -
1109 3328 1304 3396 temperarent
1325 3320 1384 3393 (m.
1398 3318 1470 3393 sec.)
1496 3332 1542 3389 ιι.
1552 3336 1618 3375 om-

213 3414 303 3473 nium
318 3412 499 3495 flagitiorum
518 3427 607 3497 atque
625 3417 792 3478 facinorum
820 3413 937 3492 (schol.
951 3414 1019 3493 plus
1034 3422 1074 3473 est
1095 3433 1184 3491 quom
1192 3410 1440 3491 flagitiosorum
1464 3434 1527 3492 qua:
1549 3413 1619 3491 qui-

214 3509 287 3568 dem
304 3512 392 3569 lectio
410 3533 573 3591 pancorum
590 3522 632 3571 est
646 3510 801 3590 codicum)
821 3520 921 3569 renue
935 3532 1025 3569 manu
1043 3531 1117 3589 pene
1135 3509 1214 3569 bona
1233 3540 1252 3556 -
1275 3510 1367 3589 17.1..
1385 3520 1413 3568 et
1431 3512 1545 3569 Servius
1560 3510 1619 3567 Sil-

213 3610 267 3681 lae,
286 3609 377 3667 servii
394 3611 449 3669 filii
470 3610 577 3689 (etiam
596 3608 675 3669 hanc
684 3610 840 3668 lectionem
855 3608 974 3666 nonnisi
995 3608 1028 3665 in
1049 3608 1230 3687 paucissimis
1247 3605 1342 3664 Codd.
1362 3608 1515 3683 invenias)
1538 3608 1617 3663 lccoa
1699 3684 1701 3689 Ι

219 3726 269 3789 ¹9·
282 3704 343 3767 Gn·
359 3710 479 3787 Pompei
497 3742 513 3754 -
535 3729 584 3767 so.
599 3709 641 3766 in·
651 3690 787 3764 manibus
801 3704 888 3763 nobis
905 3718 948 3765 est
966 3738 985 3751 -
1009 3704 1128 3763 fortuna
1147 3724 1180 3761 ea
1205 3705 1341 3762 omnia·
1372 3724 1419 3766 ar.
1441 3704 1569 3783 quietam
1593 3722 1615 3758 r.
1649 3712 1654 3723 '

214 3937 253 4017 ⁸)
273 3937 350 3997 Mihi
368 3941 490 4020 quidem
508 3956 674 4019 persuasum
699 3946 760 4009 est,
778 3932 859 3993 hunc
877 3932 987 3991 librum
1012 3942 1081 3989 ante
1102 3931 1171 3989 Sac.
1197 3948 1250 3987 xiv.
1278 3948 1336 3987 esse
1359 3928 1518 4007 scriptum,
1545 3948 1612 3984 nani

300 4039 405 4096 ductus
422 4039 570 4095 literarum
588 4034 626 4093 ad
639 4035 707 4092 Sacc.
724 4052 783 4091 xtu.
800 4032 944 4113 pertinere
958 4029 1103 4091 ridentur.
1129 4022 1265 4084 Sed-hac
1282 4045 1325 4082 res
1346 4023 1510 4095 obscurior,
1525 4044 1613 4102 quam

226 4115 232 4125 ι
299 4156 364 4216 qua
388 4135 489 4214 paucis
509 4132 645 4211 explicari
673 4129 784 4209 possit,
813 4139 842 4189 et
863 4128 933 4188 certi
954 4124 1070 4204 aliquid
1092 4132 1215 4181 statuere
1240 4140 1313 4200 saepe
1333 4118 1514 4203 arrogantius
1543 4116 1616 4177 mihi

299 4254 388 4313 qnam
407 4232 521 4290 doctim
541 4249 599 4289 csse
615 4227 740 4289 ridetur.
