4050 5009
1580 403 1622 481 17

224 579 298 656 qne
330 555 502 632 alienum
528 583 576 634 aea
600 557 744 660 grande
773 555 1023 650 conflaverat,
1046 583 1125 662 quo
1156 557 1364 664 flagitium,
1386 571 1458 636 aut
1474 554 1624 638 faciam

225 678 446 775 redimerem
468 697 648 784 proeterea
673 706 801 756 omnes
818 680 992 786 undique
1012 682 1229 787 parricidae,
1253 682 1441 797 sacrilegi,
1457 681 1622 762 convicti

224 799 392 893 iudiciis,
417 819 486 881 aut
507 831 578 910 pro
604 804 713 882 factis
735 803 924 880 iudicium
953 805 1146 901 timentem
1178 805 1229 882 ad
1250 803 1342 899 boc,
1367 831 1463 911 quoe
1483 830 1622 884 manua

222 939 340 1028 atque
351 926 497 1033 lingua,
515 928 687 1033 periurio
700 945 769 1008 aut
783 929 968 1034 sangiune
983 929 1087 1005 civili
1106 929 1247 1024 alebat;
1269 946 1459 1034 poetxemo
1473 955 1621 1023 omnen,

222 1073 317 1151 quoe
339 1048 550 1156 flagitium,
573 1043 732 1158 egestae,
751 1055 922 1132 conscius
941 1053 1093 1130 animus
1108 1055 1346 1160 exagitabat:
1370 1053 1414 1130 bi
1434 1053 1623 1132 Catilinae

219 1172 398 1276 proxumi
417 1173 698 1280 familiaresque
716 1195 835 1254 erant.
873 1177 1022 1276 Quodsi
1053 1177 1138 1281 quia
1164 1178 1279 1254 etiam
1295 1205 1318 1252 a
1341 1178 1457 1282 culpo
1480 1200 1623 1254 vaenue

221 1293 263 1370 in
284 1295 493 1372 amicitiam
517 1299 596 1374 eius
615 1300 829 1391 inciderat,
855 1300 1047 1376 cotidiano
1070 1327 1142 1376 usu
1170 1319 1286 1404 atque
1303 1300 1489 1376 illecebris
1508 1300 1623 1378 facile

220 1443 294 1524 par
309 1421 518 1523 similisque
536 1424 667 1500 ceteris
683 1424 922 1500 efficiebatur.
963 1425 1037 1500 Sed
1055 1450 1233 1500 maxume
1247 1423 1548 1500 adulescentium
1565 1423 1623 1500 ia-

221 1542 460 1620 miliaritatea
479 1545 703 1650 adpetebat:
728 1575 861 1625 eorum
892 1548 1012 1624 animi
1033 1548 1166 1624 molles
1187 1563 1226 1624 et
1251 1564 1376 1623 aetate
1394 1547 1492 1624 {luxi
1524 1546 1623 1624 dolia

221 1662 328 1742 baud
345 1667 547 1745 difficulter
568 1671 827 1775 capiebantur.
852 1673 950 1748 Nam
973 1688 1020 1746 ut
1040 1673 1227 1776 cuiusque
1243 1672 1416 1748 studium
1430 1698 1478 1748 ex
1493 1687 1619 1749 aetate

211 1787 425 1894 flagrabat,
451 1793 534 1870 aliia
553 1811 675 1870 scorta
691 1797 889 1900 praebere,
914 1796 998 1872 aliie
1016 1822 1128 1894 caneo
1153 1812 1271 1899 atque
1287 1821 1404 1900 equos
1432 1795 1618 1891 mercari5

219 1929 551 2021 postremoneque
574 1920 739 2011 summi,
765 1947 891 2025 neque
906 1919 1098 1996 modestia·
1121 1945 1200 1996 euae
1220 1945 1391 2024 parcere,
1415 1918 1518 2015 dum]
1535 1919 1622 1998 illot

220 2035 401 2116 obnoxios
412 2039 581 2146 fidosque
591 2042 663 2118 sibi
683 2042 830 2120 faceret.
868 2043 969 2135 Scio,
989 2043 1102 2119 iuieae
1117 2043 1346 2134 nonnullos,
1370 2042 1440 2147 qui
1458 2043 1512 2120 ita
1526 2043 1622 2120 exie·

220 2177 428 2257 tamarem,
443 2165 695 2258 iuventutem,
712 2193 798 2271 quoe
812 2167 970 2246 domum
988 2167 1164 2245 Catilinae
1179 2165 1464 2270 frequentabat,
1479 2190 1620 2272 parum

217 2379 303 2420 onem
325 2341 412 2442 atque
424 2361 613 2440 scothorum.
639 2361 701 2423 Bas.
716 2383 742 2423 ι.
770 2360 852 2422 leid.
866 2366 888 2423 l.
911 2363 995 2424 Paris.
1006 2383 1034 2424 a.
1047 2383 1074 2424 e.
1092 2360 1123 2421 d.
1144 2363 1278 2424 melioret
1294 2361 1413 2424 Gruteri
1431 2369 1462 2425 et
1482 2360 1620 2426 Glarutni

219 2461 316 2524 Codd.
327 2465 399 2548 lleg.
417 2468 510 2528 Marl.
521 2477 557 2529 Δ.
578 2467 609 2525 B.
623 2465 695 2526 Pub.
711 2487 752 2527 m.
766 2489 812 2549 pr.
832 2469 929 2528 Guell'.
942 2468 970 2529 3.
981 2467 1010 2540 4.
1020 2469 1048 2528 5.
1068 2467 1153 2528 Rem.
1169 2488 1197 2528 ι.
1212 2469 1281 2529 sen.
1296 2489 1323 2528 ι.
1337 2467 1423 2529 Febr.
1442 2479 1508 2530 net
1525 2489 1551 2530 a.
1561 2487 1619 2551 pro

218 2570 295 2631 verta
311 2573 446 2632 lectione.
466 2593 575 2644 manu,
588 2581 708 2645 matre,
714 2591 798 2653 pene.
819 2575 859 2632 ita
871 2573 939 2632 Nau.
956 2573 1102 2634 Commel.
1117 2573 1203 2634 Paria.
1214 2573 1245 2632 d.
1259 2573 1328 2656 Τις.
1349 2573 1437 2635 Pelet.
1448 2596 1478 2638 a.
1488 2574 1518 2636 ὅ.
1531 2573 1619 2638 rete.

217 2684 310 2756 uterq.
329 2675 398 2736 Son.
412 2687 505 2759 uterq.
526 2675 622 2738 Guell.
635 2698 663 2739 a.
679 2678 707 2744 5.
727 2677 777 2738 ted
790 2681 878 2760 louge
890 2678 1012 2759 plurimi
1029 2678 1096 2740 oleo
1114 2677 1230 2738 addunt
1242 2680 1290 2741 rel
1304 2688 1390 2752 aute,
1401 2682 1449 2742 vel
1465 2689 1534 2763 poet
1551 2699 1621 2744 mu-

217 2797 268 2842 nu.
288 2779 354 2840 oleo
369 2801 461 2841 manu
475 2781 594 2842 Laida.
607 2781 636 2840 b.
653 2783 720 2842 od.
733 2805 758 2844 e.
771 2785 829 2866 tg.
846 2783 877 2843 b.
892 2785 920 2844 l.
935 2807 1017 2844 nnn.
1043 2785 1132 2845 Pelet.
1151 2804 1197 2845 ιι.
1218 2803 1265 2844 ιι.
1297 2782 1394 2844 Guell'.
1414 2805 1440 2844 ι.
1469 2785 1570 2848 Vmor.
1592 2805 1619 2846 1.

219 2883 354 2945 clareant
373 2897 402 2946 et
416 2897 471 2948 tres
488 2887 614 2948 Punchii
633 2900 751 2969 maorpt.
771 2887 922 2948 Thoanuue
938 2889 1072 2949 Palmerii
1090 2889 1177 2948 Paria.
1192 2886 1222 2946 b.
1241 2909 1269 2948 c.
1287 2907 1313 2946 e.
1342 2886 1412 2948 Tur.
1433 2908 1461 2948 ι.
1488 2889 1618 2950 Βοιιι.>3.

217 3009 256 3049 m.
272 3009 301 3050 ιι.
316 3011 344 3051 v.
362 3012 393 3070 p.
414 2991 560 3052 Palatio.
580 2991 640 3052 Erl.
661 2992 868 3053 manuobnue.
895 2992 957 3052 Bae.
977 3013 1003 3058 r.
1024 2993 1108 3064 alen,
1124 3011 1241 3072 gnum,
1264 3002 1426 3053 manuele.
1445 2992 1569 3054 Patina.
1587 3013 1619 3056 a.
1681 3021 1684 3026 ·

216 3115 255 3154 m.
266 3115 298 3175 p.
312 3115 341 3156 v.
362 3095 446 3156 Bem.
465 3119 490 3158 t.
506 3119 581 3178 pa.
595 3120 635 3156 m.
649 3097 669 3156 1.
687 3097 773 3158 Bern.
789 3117 816 3158 a.
844 3116 952 3167 manu,
969 3105 1091 3168 ventre,
1116 3097 1200 3168 oleo,
1217 3115 1302 3176 perte.
1328 3095 1391 3156 Bae.
1406 3097 1478 3168 ad.
1497 3096 1567 3161 Viu-
1588 3117 1618 3160 a.

216 3220 255 3258 m.
271 3221 301 3260 u.
308 3222 340 3282 ρ.
352 3221 381 3259 o.
403 3201 490 3262 Palat.
502 3201 532 3274 4.
550 3222 646 3280 ganeo
659 3212 687 3262 et
697 3202 763 3262 oleo
778 3203 890 3262 omittit
899 3199 981 3262 Leid.
993 3203 1017 3260 l.
1037 3221 1130 3262 manu
1144 3202 1240 3260 omitt.
1260 3200 1345 3260 Rem.
1361 3220 1389 3260 2.
1417 3199 1535 3264 matter
1550 3201 1631 3262 cleo.

213 3324 328 3384 ganeo.
349 3304 436 3365 Palat
453 3306 481 3365 5.
511 3306 578 3366 oleo
597 3317 731 3387 praterea
744 3307 885 3380 retinent,
905 3305 955 3366 aed
974 3307 1091 3381 nacto,
1113 3326 1173 3386 quo
1191 3309 1279 3380 loco,
1299 3303 1396 3366 Guell.
1418 3304 1447 3366 ὅ.
1459 3303 1489 3376 4.
1502 3305 1532 3365 6.
1546 3306 1617 3386 7.8.

213 3431 242 3490 9.
258 3429 305 3471 ιο.
323 3429 369 3469 ιι.
384 3429 430 3469 ιι.
460 3411 556 3471 Strur.
583 3409 672 3472 lead.
693 3409 778 3470 llam.
797 3432 823 3470 ι.
852 3409 973 3472 Eemrd.
1000 3409 1036 3468 lu‘
1054 3405 1201 3469 Catilina.
1229 3409 1292 3468 Bae.
1316 3430 1343 3468 ι.
1371 3408 1442 3470 Tur.
1459 3429 1485 3469 ι.
1508 3427 1536 3470 a.
1562 3408 1617 3469 lu'i.

213 3513 275 3576 ta.
288 3534 317 3576 a.
338 3513 383 3597 ty
403 3533 502 3576 omnes
521 3513 622 3578 ΒΜ.
642 3515 697 3576 ltu.
716 3515 815 3588 baal.
837 3513 871 3576 lu'
882 3533 990 3575 omna.
1010 3513 1070 3573 Erl.
1090 3513 1328 3574 eudemum.
1348 3513 1419 3574 Tur.
1436 3533 1465 3574 a.
1484 3511 1570 3575 Bern.
1589 3536 1618 3576 1.

204 3618 375 3700 Ιιιιιίἰιίιίιιιιι.
395 3617 521 3680 treme.
541 3618 600 3678 Erl.
621 3617 689 3680 Tur.
702 3640 729 3679 1.
748 3619 853 3682 oottt'd.
873 3619 973 3680 natur
986 3626 1073 3678 atate
1085 3617 1213 3695 dfltni.
1232 3619 1295 3678 Bae.
1310 3638 1335 3678 1.
1356 3614 1618 3698 numqueutdtu'ttt

213 3723 294 3786 Leid.
306 3745 334 3784 a.
355 3722 417 3784 Bne.
436 3743 461 3783 ι.
481 3732 514 3782 ut
528 3743 630 3784 omnes
643 3723 704 3783 Bau
722 3734 751 3784 et
764 3724 846 3784 Leid.
864 3725 934 3784 Tur.
954 3745 979 3783 ι.
997 3742 1024 3783 a.
1044 3721 1129 3782 Beru
1147 3741 1174 3782 a.
1195 3721 1343 3786 modestice
1357 3743 1491 3804 parcere.
1511 3723 1573 3783 Bm.
1586 3723 1616 3786 3.

217 3828 336 3891 Gomm.
346 3830 485 3908 fidoeque
500 3827 564 3890 eti.
584 3828 701 3889 Leida.
713 3827 744 3888 b.
754 3828 785 3888 d.
797 3831 817 3890 l.
829 3850 858 3912 g.
872 3828 900 3888 l.
914 3832 1045 3890 lomnee
1058 3827 1120 3887 aa.
1135 3827 1196 3887 Erl.
1220 3826 1291 3889 Tur.
1312 3848 1337 3889 ι.
1350 3849 1381 3890 a.
1392 3828 1491 3889 bem.
1503 3849 1529 3888 ι.
1540 3849 1568 3890 ι.
1582 3827 1618 3890 3.

212 3936 244 3996 iu
257 3933 342 3996 leid.
359 3931 391 3992 b.
405 3935 428 3994 i.
445 3931 502 3993 eibi
511 3936 611 3995 locum
628 3943 732 3994 mutat.
752 3933 971 3994 existumarent.
991 3928 1054 3993 Boe.
1069 3955 1095 3995 ι.
1115 3953 1218 3998 omnes
1227 3932 1310 3994 leid.
1322 3943 1352 3995 et
1367 3933 1500 3998 melioret
1511 3932 1619 3996 Comi·

212 4037 281 4101 Tor.
296 4021 535 4104 1.'2.Bern.1.2.
548 4045 744 4099 mimum.
758 4036 844 4100 Febr.
855 4049 948 4120 uterq.
961 4038 1030 4098 Sen.
1043 4048 1138 4119 uterq.
1146 4036 1343 4100 uenalem.
1353 4036 1446 4100 Gnell'
1455 4056 1482 4099 a.
1493 4038 1522 4112 4.
1535 4040 1617 4120 quod

215 4146 351 4208 retinent.
369 4144 433 4208 Bae.
447 4165 474 4206 ι.
494 4143 576 4205 leid.
592 4163 619 4206 a.
632 4141 663 4204 b.
679 4143 709 4204 d.
727 4165 754 4205 e.
768 4146 789 4206 l.
803 4166 832 4229 g.
846 4142 878 4205 h.
891 4164 922 4205 n.
935 4144 1003 4205 Seu.
1022 4163 1050 4204 a.
1071 4141 1168 4206 Guell.
1185 4165 1211 4204 ι.
1224 4143 1254 4203 3.
1274 4141 1350 4204 Parit
1363 4163 1390 4209 ι.
1404 4164 1432 4208 o·
1453 4145 1533 4225 quud
1548 4142 1616 4206 oui·

1227 4297 1250 4371 5
