4050 5009
319 366 455 447 ‘aa

492 566 623 629 Eodem
645 560 784 645 ann00)
812 562 859 623 M.
882 559 1054 625 Antonius
1076 559 1248 645 Creticus,
1267 560 1448 635 clarissimi
1468 564 1616 631 oratoris
1638 567 1747 655 filius,
1768 576 1816 638 M.

406 671 551 739 Antonii
575 668 749 733 triumviri
763 674 878 753 pater,
898 668 1004 732 cntra
1026 664 1177 732 consulis
1189 666 1300 754 gratia
1316 676 1350 734 et
1369 667 1519 739 factione
1540 674 1686 761 Cethegi
1698 676 1817 745 infini-

406 788 480 843 tum
505 776 690 863 imperium
714 774 753 839 in
774 792 893 839 omnes
918 794 995 837 oras
1012 773 1210 873 'maritimas
1234 776 1640 848 curmessiacum
1661 784 1755 848 Verr.
1771 786 1815 851 11.

406 890 436 948 3.
459 882 621 969 Quicum
637 882 745 946 multa
761 889 879 945 contra
898 880 1071 945 sociorum
1085 882 1247 966 salutern,
1270 881 1380 946 multa
1394 892 1515 950 contra
1535 885 1721 953 utilitatem
1734 910 1817 973 pro-

409 990 602 1055 vinciarum
619 997 653 1054 et
677 988 802 1053 iaceret
823 996 856 1051 et
877 986 1044 1073 cogitaret
1061 988 1129 1052 Cic.
1155 989 1228 1051 Act.
1243 990 1292 1053 ΙΙ.
1312 990 1353 1051 in
1370 991 1466 1055 Verr.
1483 994 1513 1058 3.
1532 1012 1582 1071 91·
1605 998 1655 1073 93.
1676 998 1816 1065 tandem

400 1098 542 1161 'Cretam
563 1095 712 1160 insulam
731 1093 870 1171 invasit,
891 1114 970 1157 cum
990 1080 1127 1179 ingenti
1146 1093 1288 1175 quidem
1303 1094 1458 1161 victoriae
1476 1116 1537 1181 spe
1557 1105 1662 1181 atque
1678 1099 1816 1186 fidncia,

407 1205 495 1266 adeo
515 1210 552 1267 ut
565 1204 681 1287 plnres
695 1208 828 1265 catenas
845 1220 950 1282 quam
966 1219 1061 1262 arma
1076 1207 1242 1283 portaret3
1267 1200 1363 1266 dedit
1378 1200 1487 1288 igitur
1500 1224 1617 1287 poenas
1635 1207 1814 1274 vecordiae.
1843 1214 1853 1233 ⁶

406 1312 492 1373 Nam
512 1310 692 1393 plerasque
710 1326 814 1372 naves
828 1307 1040 1391 intercepere
1055 1307 1171 1371 hostes
1185 1305 1385 1391 captivaque
1406 1328 1551 1394 corpora
1570 1312 1716 1396 religata
1728 1313 1815 1379 velis

363 1398 368 1455 '-
402 1432 445 1477 ac
456 1413 595 1479 funibus
607 1416 819 1500 pependere3
841 1412 939 1477 acsic
950 1411 1157 1477 velificantes
1173 1412 1460 1499 triumphantium
1474 1415 1513 1478 in
1526 1418 1679 1501 modum,
1699 1420 1815 1483 Cretes

403 1520 561 1604 portibus
572 1520 641 1583 suis
655 1521 962 1607 adremigavcrunt.
983 1518 1073 1582 Flor.
1084 1521 1146 1583 III.
1159 1542 1189 1601 7.
1211 1521 1277 1585 Sed
1293 1524 1415 1586 ducem
1425 1524 1622 1587 Romanum
1635 1522 1675 1587 in
1690 1523 1814 1590 mediis

302 1678 307 1691 .
405 1625 476 1705 ejus
495 1627 648 1711 imperiis
666 1634 699 1691 et
719 1626 967 1712 cupiditatibus
984 1644 1079 1692 mors
1104 1626 1282 1711 oppressit.
1303 1627 1372 1696 Cic.
1391 1628 1526 1695 Verrin.
1549 1632 1579 1693 3.
1595 1650 1647 1708 9ι.

404 1964 522 2050 priore
550 1986 642 2030 anno
669 1986 689 2030 a
718 1967 860 2031 Metello
886 1970 930 2033 de
961 1967 1119 2034 hostibus
1146 1976 1357 2054 reportatas,
1390 1964 1493 2029 multi
1525 1968 1619 2029 haud
1641 1965 1747 2030 dubie
1769 1966 1812 2029 de

404 2070 548 2135 Sertorii
571 2074 673 2137 rebus
690 2072 926 2161 desperabunt,¹
947 2083 980 2139 et
997 2078 1043 2139 ad
1060 2076 1163 2139 illum
1178 2074 1394 2138 deficiebant.
1414 2072 1475 2136 cfr.
1495 2073 1581 2157 App.
1601 2074 1636 2135 B.
1650 2073 1685 2132 C.
1698 2074 1725 2131 1.
1743 2090 1812 2131 111.

405 2178 571 2243 Praeterea
587 2182 709 2243 codem
726 2188 877 2266 tempore
894 2182 1070 2269 Metellus,
1090 2180 1120 2244 si
1137 2181 1216 2263 quis
1228 2180 1418 2245 Sertorium
1430 2178 1671 2255 interfecisset,
1693 2194 1814 2263 magna

403 2284 544 2367 praemia
570 2294 809 2369 proposuerat,
829 2288 923 2354 unde
955 2288 1105 2372 suspicio
1136 2280 1291 2371 perfidiae
1315 2290 1408 2370 apud
1433 2285 1624 2351 Sertorium
1643 2292 1737 2347 mota
1754 2287 1813 2347 est.

246 2398 252 2417 '
351 2422 354 2429 ·
405 2392 561 2453 Ceterum
573 2392 777 2455 Debrossius
796 2396 839 2451 ad
858 2396 953 2453 hunc
967 2390 1226 2469 expeditionum
1236 2408 1366 2450 annum
1381 2389 1555 2471 pertinere
1570 2388 1717 2472 iudicat,
1737 2408 1814 2471 quae

404 2499 496 2597 appd
516 2498 719 2561 Frontinum
742 2498 768 2557 I.
792 2514 838 2555 ιι.
861 2508 891 2568 4.
924 2498 957 2554 et
982 2490 1052 2551 lul.
1076 2490 1202 2571 Obseq.
1232 2508 1302 2560 ιιι.
1326 2492 1500 2577 leguntur.
1526 2494 1656 2558 Eodem
1685 2492 1814 2558 referre

405 2600 486 2664 licet
500 2600 658 2666 Frontini
674 2598 908 2664 narrationem
917 2596 978 2659 III.
989 2617 1020 2678 7.
1033 2596 1063 2659 3.
1078 2593 1116 2658 id
1132 2598 1227 2677 quod
1240 2596 1419 2661 confirmat
1432 2596 1606 2682 Appianas
1617 2597 1812 2659 hisvarbis:

405 2693 520 2788 πέλας
531 2699 560 2778 δ’
571 2704 670 2781 αἷυτιῧ
678 2698 817 2785 πολλαὶς
836 2686 1011 2799 ἐπέτρεχον
1030 2700 1058 2775 οἱ
1078 2698 1152 2799 περὶ
1171 2688 1224 2775 roh
1243 2688 1410 2777 Μέτελλον
1429 2710 1636 2793 efr.App.B.
1654 2710 1813 2770 c.1.112.

405 2829 568 2908 praeterea
585 2822 742 2886 Strabon.
759 2822 839 2885 Rer.
858 2818 1054 2907 Geograph.
1066 2820 1127 2882 111.
1149 2834 1180 2897 4.
1205 2820 1274 2881 ι6ι.
1296 2820 1356 2883 Ed.
1373 2819 1518 2883 Taucb:
1538 2812 1598 2886 mi
1616 2798 1815 2909 Σιγᾶβριγιι

405 2933 433 3011 d*
453 2936 505 3019 ε’,ςὶ
533 2940 594 3011 rsit
612 2924 815 3035 Κελτιβήρων
843 2922 944 3019 aridae
961 2938 1022 3011 mi
1041 2928 1192 3021 Βίλβιλις
1219 2934 1292 3033 περὶ
1310 2920 1354 3019 iic
1380 2921 1549 3019 Mimos
1567 2935 1627 3013 mi
1646 2920 1816 3030 Zeproiproe

407 3042 633 3156 ἐπολέμησαν.

342 3162 350 3174 ¹
485 3194 521 3281 ⁹)
541 3194 607 3261 cfr.
628 3194 749 3264 Ascon.
772 3200 913 3265 Pedian.
933 3200 972 3255 in
987 3192 1139 3251 Divinat.
1161 3206 1196 3262 p.
1210 3188 1260 3260 ³7·
1282 3182 1454 3263 ..Quidam
1469 3185 1657 3268 Antonius,
1679 3197 1816 3255 curator

407 3305 512 3373 totius
530 3326 598 3373 orae
619 3306 801 3369 maritimae
828 3294 981 3361 tuendae,
1001 3303 1071 3364 qua
1095 3286 1291 3346 Romanum
1306 3291 1379 3347 erat
1395 3283 1596 3372 imperium,
1616 3310 1687 3355 non
1700 3296 1814 3359 solum

407 3414 481 3497 1930
502 3430 667 3493 nequam,
697 3416 819 3464 verum
840 3392 945 3457 etiam
964 3386 1148 3453 comitibus
1162 3387 1340 3473 pessimis,
1366 3410 1440 3455 rem
1460 3392 1652 3459 inauditam
1670 3397 1813 3487 invasit,

408 3526 442 3580 et
467 3515 596 3579 indicto
625 3498 843 3569 Cretensibus
864 3493 979 3571 bello,
1000 3492 1132 3558 ibidem
1153 3494 1274 3581 periit,
1296 3504 1480 3581 antequam
1498 3500 1679 3585 Pompejus
1694 3516 1812 3570 contra

349 3646 354 3657 ¹
408 3620 536 3705 piratas
549 3615 671 3682 missus
694 3614 779 3687 est,·“
799 3606 893 3669 idem
910 3602 948 3665 in
962 3603 1058 3669 Verr.
1074 3604 1117 3667 de
1132 3610 1227 3689 praet.
1241 3604 1317 3667 urb.
1334 3626 1369 3690 p.
1389 3607 1440 3688 87.
1456 3609 1525 3682 «Μ.
1546 3608 1728 3696 Antonius,
1743 3614 1812 3677 dis-

411 3722 640 3789 solutissimus
663 3722 799 3779 curator
823 3710 927 3777 totius
947 3728 1016 3774 σιω
1032 3707 1231 3793 maritimae,
1252 3712 1361 3776 Cretae
1380 3720 1550 3799 mortuus,
1569 3750 1612 3765 -
1636 3736 1741 3799 quem
1753 3719 1812 3781 Sa-

412 3826 536 3893 lustius
546 3824 595 3888 ait
605 3822 790 3909 perdundae
800 3817 954 3905 pecuniae
973 3814 1129 3903 genitum
1141 3824 1175 3882 et
1190 3836 1335 3881 vacuum
1351 3836 1373 3879 a
1387 3817 1477 3881 curis
1492 3819 1561 3884 nisi
1578 3820 1812 3886 instantibus.t

411 3938 503 4002 idem
525 3936 569 3996 de
587 3939 734 4015 praetura
750 3924 922 3991 Siciliensi
938 3948 974 4010 p.
993 3926 1061 3986 ιι3.
1081 3924 1144 3997 «Μ.
1161 3922 1345 4007 Antonius,
1364 3924 1426 4005 qui
1443 3928 1553 4011 gratia
1568 3928 1675 3992 Cottae
1691 3948 1812 3994 consu-

410 4042 456 4107 lis
478 4048 512 4106 et
527 4036 670 4123 Cethegi
689 4034 838 4099 factione
857 4032 895 4097 in
915 4034 1034 4097 senatu
1054 4027 1268 4092 curationem
1289 4027 1458 4105 infinitam
1478 4041 1599 4096 nactus
1616 4034 1722 4099 totius
1743 4056 1811 4101 crat

411 4148 611 4231 maritimae,
624 4143 779 4209 Siciliam
801 4148 835 4207 et
856 4134 1051 4225 provincias
1065 4152 1185 4199 omnes
1209 4137 1436 4221 depopulatus
1457 4146 1524 4224 est,
1556 4146 1590 4205 et
1612 4144 1658 4205 ad
1681 4149 1811 4227 postre·

412 4278 503 4323 mum
525 4253 677 4324 inferens
700 4246 917 4319 Cretensibus
936 4243 1091 4329 bellum,
1120 4239 1243 4305 morbo
1272 4242 1437 4311 interiit.»
1466 4244 1525 4311 cfr.
1559 4247 1658 4333 Pigh.
1685 4249 1806 4314 annu.

646 4460 671 4509 Ι
