4050 5009
522 394 594 484 ¹¹⁵4

520 570 607 646 nius
634 571 795 646 Romam
830 570 881 646 ad
902 570 1140 677 magistratus
1172 574 1358 680 rogandos
1379 570 1640 678 proficiscitur.
1678 571 1725 640 In
1746 559 1923 639 Numidia

476 704 516 770 eo
526 710 566 770 et
580 694 751 772 exercitu
775 713 905 773 nostro
929 724 1005 801 pax
1028 697 1252 802 agitabatur.
1293 702 1496 800 Postquam
1514 721 1573 770 res
1601 694 1643 767 in
1662 690 1790 766 Africa
1813 701 1925 790 gestas

525 820 816 923 quoquomodo
839 837 933 896 actae
953 820 1082 896 forent
1101 820 1203 895 fama
1223 821 1446 925 divulgavit3
1479 821 1607 895 Romae
1639 842 1709 921 per
1728 811 1854 888 omnis
1876 808 1926 881 lo-

527 969 590 1019 cos
619 961 658 1019 et
677 961 886 1020 conventus
908 946 956 1020 de
982 945 1083 1020 facto
1110 945 1284 1020 Consulis
1307 943 1467 1046 agitari:
1494 941 1606 1046 :apud
1631 941 1784 1045 plebem
1812 931 1928 1039 gravis

530 1066 691 1146 invidia:
714 1073 841 1144 Patres
861 1069 1016 1144 solliciti
1040 1085 1167 1163 erant3
1203 1068 1460 1171 probarentne
1490 1083 1644 1140 tantum
1668 1061 1860 1168 flagitium
1884 1083 1929 1130 an
1966 1049 1977 1065 ’

530 1192 726 1268 decretum
755 1193 928 1269 Consulis
948 1193 1232 1283 subvorterent,
1257 1219 1396 1296 parum
1418 1191 1623 1288 constabat
1674 1192 1729 1263 Ac
1757 1207 1932 1261 maxume

530 1342 591 1392 eos
615 1315 787 1421 potentia
806 1316 956 1406 Scauri,
979 1316 1086 1419 quod
1113 1316 1144 1389 is
1174 1331 1308 1390 auctor
1334 1332 1372 1390 et
1398 1315 1520 1390 socius
1544 1314 1673 1388 Bestiae
1695 1311 1890 1387 ferebatur
1914 1333 1933 1378 a

530 1466 619 1515 vero
646 1440 826 1541 bonoque
850 1438 1090 1543 impediebat.
1123 1443 1173 1512 At
1195 1442 1234 1514 C.
1248 1439 1464 1530 Memmius,
1489 1439 1599 1514 cuius
1619 1437 1666 1512 de
1685 1436 1862 1510 libertate
1883 1432 1935 1504 in-

531 1562 633 1668 genii
648 1580 688 1638 et
708 1565 797 1638 odio
818 1564 999 1666 potentiae
1018 1562 1228 1637 nobilitatis
1256 1589 1372 1666 supra
1395 1563 1574 1651 diximus,
1602 1563 1704 1635 inter
1728 1556 1935 1634 dubitatio·

533 1713 624 1761 nem
641 1703 680 1761 et
699 1712 824 1762 moras
841 1686 987 1774 Senati,
1011 1685 1260 1760 concionibus
1276 1686 1466 1789 populum
1486 1687 1537 1761 ad
1557 1683 1837 1761 vindicandum
1851 1680 1938 1754 hor-

534 1811 637 1885 tari:
662 1837 834 1899 monere,
861 1836 910 1885 ne
934 1809 1230 1913 rempublicam,
1251 1835 1301 1884 ne
1323 1809 1540 1884 libertatem
1568 1835 1677 1884 suam
1706 1807 1938 1883 desererent:

534 1936 657 2010 multa
677 1936 841 2039 superba
860 1952 900 2010 et
920 1923 1095 2010 crudelia⁸
1110 1932 1279 2008 facinora
1309 1933 1521 2008 nobilitatis
1539 1933 1734 2008 ostendere
1755 1964 1767 2025 3
1790 1953 1941 2035 prorsus

535 2060 708 2136 intentus
734 2058 976 2135 omnimodo
1007 2057 1129 2160 plebis
1158 2057 1334 2132 animum
1366 2058 1606 2145 accendebat,
1652 2055 1726 2131 Sed
1757 2055 1941 2158 quoniam

536 2211 580 2260 ea
605 2199 827 2288 tempestate
843 2185 973 2258 Romae
990 2181 1162 2256 Memmii
1184 2181 1368 2256 facundia·-
1390 2183 1492 2258 clara
1509 2182 1735 2286 pollensque
1760 2178 1856 2271 fuit3
1880 2177 1941 2252 de-

536 2325 622 2387 cere
647 2307 892 2398 existumavi,
913 2333 1035 2382 unam
1051 2333 1097 2381 ex
1119 2323 1197 2380 tam
1216 2306 1347 2382 multis
1367 2309 1578 2383 orationem
1595 2306 1675 2381 eius
1691 2303 1939 2409 perscribere:

539 2562 645 2620 Franc.
669 2559 767 2637 plures
781 2554 896 2617 Wassii.
922 2553 985 2615 Bas.
997 2554 1029 2625 4.
1055 2555 1145 2615 bem.
1158 2555 1190 2615 3.
1212 2551 1360 2616 Numidia
1376 2575 1476 2616 exerc.
1499 2553 1585 2616 Bam.
1601 2576 1632 2616 r.
1656 2553 1721 2616 Bas.
1736 2552 1767 2627 4.
1795 2561 1824 2612 et
1848 2550 1882 2612 iu
1900 2569 1942 2611 aa.

540 2662 627 2720 bern.
642 2659 671 2722 ὅ.

605 2811 681 2894 Cop-
695 2819 744 2878 30.
763 2813 934 2893 divolguoit.
955 2813 1018 2874 Bas.
1032 2833 1058 2877 r.
1079 2828 1135 2892 quo
1148 2815 1238 2874 modo
1258 2813 1345 2874 Rem.
1361 2835 1387 2873 ι.
1406 2815 1513 2880 Franr.
1530 2815 1600 2876 Ecc.
1620 2813 1718 2878 Guell.
1730 2835 1763 2894 9.
1781 2821 1813 2872 et
1826 2831 1947 2891 quotuo-

543 2923 584 2982 ὥσ
603 2919 702 2980 Guell.
716 2919 744 2990 t.
756 2941 784 3001 7.
799 2938 846 2978 ιι.
865 2920 962 2982 Struv.
982 2939 1039 2998 quo
1060 2921 1205 2997 qrtomodo
1225 2919 1293 2979 Tur.
1315 2941 1355 2978 m.
1365 2941 1414 3001 pr.
1432 2930 1459 2980 ct
1480 2941 1590 2980 mser.
1602 2919 1812 3000 superscripsit.
1832 2915 1949 2978 solliciti

544 3035 639 3084 erant.
660 3034 748 3085 eram
767 3044 827 3089 om.
840 3024 906 3084 Mes.
919 3021 1057 3084 Puuehii.
1072 3023 1231 3103 probarent
1250 3033 1272 3088 t.
1279 3025 1324 3101 fl.
1337 3047 1368 3105 ρ.
1379 3025 1499 3085 solliciti
1512 3034 1599 3084 erant
1614 3034 1684 3084 onte
1702 3026 1855 3083 decretmn
1872 3043 1948 3088 cons.

543 3131 620 3192 rubo.
631 3151 701 3212 por.
719 3140 812 3191 const.
833 3132 873 3189 ita
886 3128 993 3199 Basi.
1009 3148 1106 3187 oveto
1123 3128 1199 3188 bono
1219 3126 1270 3188 dc.
1285 3149 1305 3187 o
1320 3149 1387 3192 uero
1405 3140 1434 3190 et
1452 3130 1528 3190 bono
1548 3132 1607 3191 ine.
1625 3150 1652 3189 a.
1673 3130 1833 3209 impeditas
1854 3128 1949 3189 Guelt.

544 3237 573 3307 Δ.
594 3235 697 3316 ingeni
716 3256 785 3294 mox
799 3234 924 3294 Memmi
940 3233 1008 3297 Ecc.
1028 3253 1117 3314 supra
1130 3232 1283 3293 docuimus
1301 3234 1386 3294 Fabr.
1403 3256 1431 3299 2.
1451 3256 1475 3295 s.
1494 3234 1720 3298 memoravimus
1737 3234 1790 3296 ilc.
1808 3235 1909 3294 Senat.
1925 3253 1950 3294 a.

543 3341 645 3401 Heuss.
667 3340 745 3400 mter
767 3339 963 3399 dubitationes
990 3338 1057 3399 Fac.
1081 3349 1109 3399 et
1127 3341 1177 3398 alii
1193 3338 1263 3398 duo.
1292 3359 1410 3400 mouere
1425 3341 1525 3422 popul.
1543 3341 1671 3401 Roman.
1689 3361 1727 3400 ue
1747 3339 1843 3400 libert.
1872 3340 1949 3399 Vrat.

424 3461 427 3469 '
543 3445 641 3506 Sonat.
657 3466 683 3506 t.
704 3446 805 3510 Vmor.
817 3465 846 3506 a.
866 3444 951 3504 Reus.
969 3465 994 3503 ι.
1015 3443 1077 3504 Bas.
1096 3465 1121 3503 1.
1149 3446 1208 3504 inc.
1224 3463 1251 3505 2.
1270 3445 1351 3506 Leid.
1364 3447 1383 3506 i.
1399 3446 1459 3504 k.l.
1492 3465 1611 3506 monere
1623 3467 1693 3527 pop.
1705 3445 1793 3505 Rom.
1808 3464 1846 3504 ne
1863 3465 1948 3524 remp.

546 3569 584 3608 ne
602 3549 652 3609 lib.
673 3547 759 3609 Fabr.
772 3571 799 3610 r.
819 3553 921 3611 Franc.
940 3549 1036 3614 Struv.
1057 3549 1123 3608 Seu.
1135 3569 1163 3608 a.
1183 3549 1282 3610 llenss.
1302 3549 1357 3613 sle..
1374 3551 1457 3612 Rem.
1470 3569 1497 3610 a.
1519 3551 1619 3610 Guels.
1636 3572 1663 3610 2.
1674 3571 1704 3632 9.
1723 3571 1770 3610 ιο.
1793 3547 1947 3611 Leid.a.b.

547 3673 574 3712 c.
586 3651 617 3711 d.
630 3674 657 3713 a.
669 3651 700 3712 b.
720 3653 789 3713 Tur.
809 3651 894 3714 Bern.
908 3653 937 3718 ὅ.
964 3673 1082 3714 monere
1096 3673 1156 3712 om.
1171 3659 1242 3715 Ecc.
1260 3655 1342 3736 prim
1359 3675 1396 3716 nc
1415 3676 1476 3716 om.
1492 3658 1542 3717 alii
1556 3633 1622 3717 duo*
1632 3655 1714 3722 Gort.
1735 3655 1799 3721 Bar.
1813 3656 1842 3728 4.
1865 3673 1947 3734 moue

548 3754 597 3816 ut.
618 3765 674 3815 tras
689 3755 773 3816 coru
790 3757 929 3818 scribunt.
962 3777 1083 3818 monere
1097 3778 1133 3818 ne
1148 3759 1182 3817 P.
1196 3759 1236 3819 R.
1251 3780 1340 3841 remp.
1356 3781 1446 3841 neque
1465 3761 1547 3822 Laid.
1559 3783 1588 3844 g.
1611 3781 1668 3822 tacu
1685 3762 1735 3822 lib.
1751 3783 1829 3823 unus
1851 3761 1946 3822 Cottii.

548 3860 816 3939 neperbocrudetio
842 3872 897 3922 tres
907 3862 1005 3922 Guelt.
1031 3862 1098 3923 Ecc.
1127 3874 1219 3944 uterq.
1236 3863 1322 3925 Febr.
1351 3865 1476 3928 Rama.
1505 3888 1567 3950 sup.
1582 3876 1612 3928 st
1625 3869 1712 3933 cmrd.
1741 3871 1865 3949 plurimi
1877 3866 1947 3927 libri.

550 3972 638 4041 atque
654 3965 740 4028 crud
760 3964 829 4024 Tur.
849 3965 935 4027 Rom.
950 3963 1094 4027 Memmii.
1121 3968 1207 4030 Rom.
1222 3990 1283 4035 om.
1297 3970 1382 4032 Rem.
1398 3993 1422 4032 ι.
1436 3983 1465 4034 ct
1480 3993 1556 4034 unus
1564 3973 1678 4036 Wassii.
1698 3972 1821 4040 [atah.
1841 3969 1949 4033 llieuuii

551 4067 708 4129 Fabrici.
736 4089 829 4129 uriom
845 4070 1012 4134 orationem
1027 4082 1148 4134 eetm.
1163 4075 1224 4136 eius
1247 4075 1331 4136 Bem.
1354 4098 1379 4137 1.
1407 4078 1589 4140 orationibus
1604 4077 1665 4140 edu
1690 4078 1791 4144 Guelf.
1806 4080 1835 4151 4.
1856 4079 1948 4141 insert.

554 4173 649 4239 saus.
668 4171 772 4235 Fraus.
791 4175 911 4240 thd.
930 4178 991 4239 citu
1002 4196 1066 4240 om.
1081 4176 1177 4242 Guell.
1192 4200 1222 4260 9.
1242 4200 1288 4242 ιο.
1309 4179 1370 4242 eiua
1383 4190 1460 4244 orat.
1481 4182 1543 4243 Bas.
1556 4183 1586 4256 t,
1615 4182 1687 4246 Tur.
1708 4203 1745 4246 eo
1762 4184 1863 4246 diram
1875 4199 1948 4264 que,
