<?xml version="1.0" encoding="UTF-8"?>
<!DOCTYPE html PUBLIC "-//W3C//DTD XHTML 1.0 Transitional//EN"
    "http://www.w3.org/TR/xhtml1/DTD/xhtml1-transitional.dtd">
<html xmlns="http://www.w3.org/1999/xhtml" xml:lang="en" lang="en">
 <head>
  <title>
</title>
<meta http-equiv="Content-Type" content="text/html;charset=utf-8" />
  <meta name='ocr-system' content='tesseract 3.04.00' />
  <meta name='ocr-capabilities' content='ocr_page ocr_carea ocr_par ocr_line ocrx_word'/>
</head>
<body>
  <div class='ocr_page' id='page_1' title='image "./salustiiquaeexs00sallgoog_0109.png"; bbox 0 0 4050 5009; ppageno 0'>
   <div class='ocr_carea' id='block_1_1' title="bbox 1573 390 1643 453">
    <p class='ocr_par' dir='ltr' id='par_1_1' title="bbox 1573 390 1643 453">
     <span class='ocr_line' id='line_1_1' title="bbox 1573 390 1643 453; baseline 0.114 -9"><span class='ocrx_word' id='word_1_1' title='bbox 1573 390 1643 453; x_wconf 87' lang='lat' dir='ltr'><em>rot</em></span> 
     </span>
    </p>
   </div>
   <div class='ocr_carea' id='block_1_2' title="bbox 236 550 1647 757">
    <p class='ocr_par' dir='ltr' id='par_1_2' title="bbox 236 550 1647 757">
     <span class='ocr_line' id='line_1_2' title="bbox 243 550 1645 656; baseline 0 -29"><span class='ocrx_word' id='word_1_2' title='bbox 243 562 298 633; x_wconf 85' lang='lat' dir='ltr'><em>nis</em></span> <span class='ocrx_word' id='word_1_3' title='bbox 311 561 450 628; x_wconf 86' lang='lat' dir='ltr'><em>laudem</em></span> <span class='ocrx_word' id='word_1_4' title='bbox 463 558 832 656; x_wconf 78' lang='lat' dir='ltr'><em>Salustiusexaequaaae</em></span> <span class='ocrx_word' id='word_1_5' title='bbox 847 554 1017 624; x_wconf 69' lang='lat' dir='ltr'><em>rideatur.</em></span> <span class='ocrx_word' id='word_1_6' title='bbox 1035 550 1141 634; x_wconf 72' lang='lat' dir='ltr'><em>-s&#39;t.·</em></span> <span class='ocrx_word' id='word_1_7' title='bbox 1158 554 1225 625; x_wconf 76' lang='lat' dir='ltr'><em>Aa</em></span> <span class='ocrx_word' id='word_1_8' title='bbox 1239 551 1412 649; x_wconf 80' lang='lat' dir='ltr'><em>Cyzicum</em></span> <span class='ocrx_word' id='word_1_9' title='bbox 1425 560 1645 647; x_wconf 70' lang='lat' dir='ltr'><em>porrexit..</em></span> 
     </span>
     <span class='ocr_line' id='line_1_3' title="bbox 236 660 1647 757; baseline -0.001 -21"><span class='ocrx_word' id='word_1_10' title='bbox 236 665 404 757; x_wconf 71' lang='lat' dir='ltr'><em>perrexit</em></span> <span class='ocrx_word' id='word_1_11' title='bbox 413 668 509 733; x_wconf 88' lang='lat' dir='ltr'><em>haud</em></span> <span class='ocrx_word' id='word_1_12' title='bbox 524 665 632 733; x_wconf 90' lang='lat' dir='ltr'><em>dubie</em></span> <span class='ocrx_word' id='word_1_13' title='bbox 651 666 840 755; x_wconf 84' lang='lat' dir='ltr'><em>legendum</em></span> <span class='ocrx_word' id='word_1_14' title='bbox 844 687 857 742; x_wconf 64' lang='grc' dir='ltr'><strong><em>ς</em></strong></span> <span class='ocrx_word' id='word_1_15' title='bbox 872 666 919 729; x_wconf 90' lang='lat' dir='ltr'><em>ad</em></span> <span class='ocrx_word' id='word_1_16' title='bbox 933 662 1119 731; x_wconf 88' lang='lat' dir='ltr'><em>Lucullum</em></span> <span class='ocrx_word' id='word_1_17' title='bbox 1131 660 1199 729; x_wconf 87' lang='lat' dir='ltr'><em>boc</em></span> <span class='ocrx_word' id='word_1_18' title='bbox 1212 665 1386 751; x_wconf 89' lang='lat' dir='ltr'><em>pertinere</em></span> <span class='ocrx_word' id='word_1_19' title='bbox 1395 666 1453 733; x_wconf 83' lang='lat' dir='ltr'><em>vir</em></span> <span class='ocrx_word' id='word_1_20' title='bbox 1463 676 1531 753; x_wconf 87' lang='lat' dir='ltr'><em>est,</em></span> <span class='ocrx_word' id='word_1_21' title='bbox 1551 678 1647 757; x_wconf 83' lang='lat' dir='ltr'><em>quod</em></span> 
     </span>
    </p>
   </div>
   <div class='ocr_carea' id='block_1_3' title="bbox 240 757 1645 877">
    <p class='ocr_par' dir='ltr' id='par_1_3' title="bbox 240 757 1645 877">
     <span class='ocr_line' id='line_1_4' title="bbox 240 757 1645 877; baseline 0.009 -37"><span class='ocrx_word' id='word_1_22' title='bbox 240 774 377 841; x_wconf 77' lang='lat' dir='ltr'>dubites</span> <span class='ocrx_word' id='word_1_23' title='bbox 388 757 727 875; x_wconf 55' lang='lat' dir='ltr'><em>«immitto-as.»</em></span> <span class='ocrx_word' id='word_1_24' title='bbox 752 765 798 854; x_wconf 74' lang='lat' dir='ltr'><em>cic</em></span> <span class='ocrx_word' id='word_1_25' title='bbox 815 767 939 863; x_wconf 65' lang='lat' dir='ltr'><em>tityon</em></span> <span class='ocrx_word' id='word_1_26' title='bbox 955 766 1079 871; x_wconf 62' lang='lat' dir='ltr'><em>imptis</em></span> <span class='ocrx_word' id='word_1_27' title='bbox 1095 764 1262 871; x_wconf 58' lang='lat' dir='ltr'><em>erupuit</em></span> <span class='ocrx_word' id='word_1_28' title='bbox 1288 758 1327 843; x_wconf 84' lang='lat' dir='ltr'><em>ri</em></span> <span class='ocrx_word' id='word_1_29' title='bbox 1345 770 1467 875; x_wconf 58' lang='lat' dir='ltr'><em>turpe</em></span> <span class='ocrx_word' id='word_1_30' title='bbox 1483 764 1645 877; x_wconf 53' lang='lat' dir='ltr'><em>naqadei·</em></span> 
     </span>
    </p>
   </div>
   <div class='ocr_carea' id='block_1_4' title="bbox 19 886 1805 4244">
    <p class='ocr_par' dir='ltr' id='par_1_4' title="bbox 19 886 1805 4244">
     <span class='ocr_line' id='line_1_5' title="bbox 239 886 1645 986; baseline 0.001 -19"><span class='ocrx_word' id='word_1_31' title='bbox 239 889 430 977; x_wconf 66' lang='lat' dir='ltr'><em>castineio</em></span> <span class='ocrx_word' id='word_1_32' title='bbox 448 896 538 960; x_wconf 87' lang='lat' dir='ltr'><em>Plut.</em></span> <span class='ocrx_word' id='word_1_33' title='bbox 557 897 641 959; x_wconf 87' lang='lat' dir='ltr'><em>Luc.</em></span> <span class='ocrx_word' id='word_1_34' title='bbox 660 914 689 959; x_wconf 90' lang='lat' dir='ltr'><em>c.</em></span> <span class='ocrx_word' id='word_1_35' title='bbox 710 913 743 975; x_wconf 79' lang='lat'><em>9.</em></span> <span class='ocrx_word' id='word_1_36' title='bbox 761 890 878 957; x_wconf 86' lang='lat' dir='ltr'><em>initio.</em></span> <span class='ocrx_word' id='word_1_37' title='bbox 903 894 1005 961; x_wconf 82' lang='lat' dir='ltr'><em>-sb.·</em></span> <span class='ocrx_word' id='word_1_38' title='bbox 1018 894 1083 961; x_wconf 84' lang='lat' dir='ltr'><em>&#39;Ut</em></span> <span class='ocrx_word' id='word_1_39' title='bbox 1102 886 1284 959; x_wconf 75' lang='lat' dir='ltr'><em>sustinere</em></span> <span class='ocrx_word' id='word_1_40' title='bbox 1307 912 1466 981; x_wconf 73' lang='lat' dir='ltr'><em>corporo</em></span> <span class='ocrx_word' id='word_1_41' title='bbox 1474 896 1645 986; x_wconf 81' lang='lat' dir='ltr'><em>plerique</em></span> 
     </span>
     <span class='ocr_line' id='line_1_6' title="bbox 237 988 1644 1087; baseline 0.005 -21"><span class='ocrx_word' id='word_1_42' title='bbox 237 1008 476 1087; x_wconf 71' lang='lat' dir='ltr'><em>nequeuntes,</em></span> <span class='ocrx_word' id='word_1_43' title='bbox 495 999 606 1087; x_wconf 80' lang='lat' dir='ltr'><em>(fessi)</em></span> <span class='ocrx_word' id='word_1_44' title='bbox 625 1018 735 1065; x_wconf 80' lang='lat' dir='ltr'><em>orma</em></span> <span class='ocrx_word' id='word_1_45' title='bbox 750 1016 822 1060; x_wconf 85' lang='lat' dir='ltr'><em>eun</em></span> <span class='ocrx_word' id='word_1_46' title='bbox 843 988 994 1079; x_wconf 76' lang='lat' dir='ltr'><em>quisque</em></span> <span class='ocrx_word' id='word_1_47' title='bbox 1011 1004 1117 1063; x_wconf 85' lang='lat' dir='ltr'><em>stans</em></span> <span class='ocrx_word' id='word_1_48' title='bbox 1138 992 1550 1071; x_wconf 64' lang='lat' dir='ltr'><em>incantamentorum</em></span> <span class='ocrx_word' id='word_1_49' title='bbox 1567 1024 1644 1073; x_wconf 81' lang='lat' dir='ltr'><em>ver·</em></span> 
     </span>
     <span class='ocr_line' id='line_1_7' title="bbox 237 1099 1646 1195; baseline 0.001 -24"><span class='ocrx_word' id='word_1_50' title='bbox 237 1105 294 1172; x_wconf 85' lang='lat' dir='ltr'><em>bia</em></span> <span class='ocrx_word' id='word_1_51' title='bbox 304 1106 510 1193; x_wconf 87' lang='lat' dir='ltr'><em>comparatis</em></span> <span class='ocrx_word' id='word_1_52' title='bbox 522 1106 584 1169; x_wconf 86' lang='lat' dir='ltr'><em>cir.</em></span> <span class='ocrx_word' id='word_1_53' title='bbox 592 1124 697 1191; x_wconf 84' lang='lat' dir='ltr'><em>supra</em></span> <span class='ocrx_word' id='word_1_54' title='bbox 704 1124 740 1189; x_wconf 90' lang='lat' dir='ltr'><em>p.</em></span> <span class='ocrx_word' id='word_1_55' title='bbox 750 1100 799 1165; x_wconf 66' lang='lat'><em>16².</em></span> <span class='ocrx_word' id='word_1_56' title='bbox 810 1099 1065 1187; x_wconf 78' lang='lat' dir='ltr'><em>verisimilefit,</em></span> <span class='ocrx_word' id='word_1_57' title='bbox 1081 1102 1155 1170; x_wconf 77' lang='lat' dir='ltr'><em>haec</em></span> <span class='ocrx_word' id='word_1_58' title='bbox 1167 1106 1211 1167; x_wconf 89' lang='lat' dir='ltr'><em>ad</em></span> <span class='ocrx_word' id='word_1_59' title='bbox 1221 1126 1403 1195; x_wconf 79' lang='lat' dir='ltr'><em>pugnante</em></span> <span class='ocrx_word' id='word_1_60' title='bbox 1413 1108 1555 1177; x_wconf 84' lang='lat' dir='ltr'><em>Metello</em></span> <span class='ocrx_word' id='word_1_61' title='bbox 1566 1130 1646 1178; x_wconf 84' lang='lat' dir='ltr'><em>cum</em></span> 
     </span>
     <span class='ocr_line' id='line_1_8' title="bbox 236 1204 1707 1307; baseline 0.006 -30"><span class='ocrx_word' id='word_1_62' title='bbox 236 1211 416 1291; x_wconf 79' lang='lat' dir='ltr'><em>Hirtuleio</em></span> <span class='ocrx_word' id='word_1_63' title='bbox 434 1212 527 1274; x_wconf 91' lang='lat' dir='ltr'><em>haud</em></span> <span class='ocrx_word' id='word_1_64' title='bbox 540 1210 663 1295; x_wconf 84' lang='lat' dir='ltr'><em>procul</em></span> <span class='ocrx_word' id='word_1_65' title='bbox 673 1209 760 1275; x_wconf 89' lang='lat' dir='ltr'><em>urbe</em></span> <span class='ocrx_word' id='word_1_66' title='bbox 771 1204 891 1272; x_wconf 83' lang='lat' dir='ltr'><em>italica</em></span> <span class='ocrx_word' id='word_1_67' title='bbox 901 1212 1117 1275; x_wconf 83' lang='lat' dir='ltr'><em>commissam</em></span> <span class='ocrx_word' id='word_1_68' title='bbox 1129 1210 1314 1295; x_wconf 83' lang='lat' dir='ltr'><em>pertinere.</em></span> <span class='ocrx_word' id='word_1_69' title='bbox 1335 1218 1453 1298; x_wconf 80' lang='lat' dir='ltr'><em>Neque</em></span> <span class='ocrx_word' id='word_1_70' title='bbox 1469 1216 1553 1284; x_wconf 87' lang='lat' dir='ltr'><em>huic</em></span> <span class='ocrx_word' id='word_1_71' title='bbox 1562 1238 1646 1285; x_wconf 90' lang='lat' dir='ltr'><em>con·</em></span> <span class='ocrx_word' id='word_1_72' title='bbox 1702 1300 1707 1307; x_wconf 32' lang='lat'><strong><em>¹</em></strong></span> 
     </span>
     <span class='ocr_line' id='line_1_9' title="bbox 231 1314 1645 1410; baseline 0.007 -29"><span class='ocrx_word' id='word_1_73' title='bbox 231 1316 378 1395; x_wconf 69' lang='lat' dir='ltr'><em>iectura</em></span> <span class='ocrx_word' id='word_1_74' title='bbox 395 1316 607 1381; x_wconf 83' lang='lat' dir='ltr'><em>contrarium</em></span> <span class='ocrx_word' id='word_1_75' title='bbox 628 1333 700 1382; x_wconf 81' lang='lat' dir='ltr'><em>esse</em></span> <span class='ocrx_word' id='word_1_76' title='bbox 720 1314 873 1402; x_wconf 75' lang='lat' dir='ltr'><em>videtur,</em></span> <span class='ocrx_word' id='word_1_77' title='bbox 892 1319 989 1401; x_wconf 81' lang='lat' dir='ltr'><em>quod</em></span> <span class='ocrx_word' id='word_1_78' title='bbox 1003 1318 1103 1385; x_wconf 86' lang='lat' dir='ltr'><em>aliud</em></span> <span class='ocrx_word' id='word_1_79' title='bbox 1121 1319 1352 1409; x_wconf 79' lang='lat' dir='ltr'><em>fragmentum</em></span> <span class='ocrx_word' id='word_1_80' title='bbox 1376 1340 1398 1385; x_wconf 87' lang='lat' dir='ltr'><em>a</em></span> <span class='ocrx_word' id='word_1_81' title='bbox 1415 1322 1645 1410; x_wconf 82' lang='lat' dir='ltr'><em>grammaticis</em></span> 
     </span>
     <span class='ocr_line' id='line_1_10' title="bbox 236 1421 1647 1515; baseline 0.006 -28"><span class='ocrx_word' id='word_1_82' title='bbox 236 1438 259 1487; x_wconf 89' lang='lat' dir='ltr'><em>e</em></span> <span class='ocrx_word' id='word_1_83' title='bbox 277 1421 372 1487; x_wconf 89' lang='lat' dir='ltr'><em>libro</em></span> <span class='ocrx_word' id='word_1_84' title='bbox 387 1424 539 1488; x_wconf 83' lang='lat' dir='ltr'><em>secundo</em></span> <span class='ocrx_word' id='word_1_85' title='bbox 558 1421 737 1486; x_wconf 88' lang='lat' dir='ltr'><em>laudatum</em></span> <span class='ocrx_word' id='word_1_86' title='bbox 752 1424 797 1485; x_wconf 84' lang='lat' dir='ltr'><em>sd</em></span> <span class='ocrx_word' id='word_1_87' title='bbox 815 1424 962 1489; x_wconf 82' lang='lat' dir='ltr'><em>eandem</em></span> <span class='ocrx_word' id='word_1_88' title='bbox 979 1444 1130 1513; x_wconf 87' lang='lat' dir='ltr'><em>pugnam</em></span> <span class='ocrx_word' id='word_1_89' title='bbox 1148 1426 1305 1495; x_wconf 79' lang='lat' dir='ltr'><em>retertur.</em></span> <span class='ocrx_word' id='word_1_90' title='bbox 1332 1426 1404 1514; x_wconf 78' lang='lat' dir='ltr'><em>Qui</em></span> <span class='ocrx_word' id='word_1_91' title='bbox 1420 1427 1515 1493; x_wconf 90' lang='lat' dir='ltr'><em>enim</em></span> <span class='ocrx_word' id='word_1_92' title='bbox 1535 1444 1647 1515; x_wconf 71' lang='lat' dir='ltr'><em>nupoe</em></span> 
     </span>
     <span class='ocr_line' id='line_1_11' title="bbox 235 1524 1647 1621; baseline 0.006 -30"><span class='ocrx_word' id='word_1_93' title='bbox 235 1527 303 1592; x_wconf 84' lang='lat' dir='ltr'><em>bac</em></span> <span class='ocrx_word' id='word_1_94' title='bbox 323 1529 367 1592; x_wconf 90' lang='lat' dir='ltr'><em>de</em></span> <span class='ocrx_word' id='word_1_95' title='bbox 385 1547 425 1591; x_wconf 91' lang='lat' dir='ltr'><em>re</em></span> <span class='ocrx_word' id='word_1_96' title='bbox 439 1525 644 1612; x_wconf 82' lang='lat' dir='ltr'><em>disputavit,</em></span> <span class='ocrx_word' id='word_1_97' title='bbox 663 1528 705 1595; x_wconf 85' lang='lat' dir='ltr'><em>V.</em></span> <span class='ocrx_word' id='word_1_98' title='bbox 719 1528 761 1591; x_wconf 76' lang='lat'><em>1).</em></span> <span class='ocrx_word' id='word_1_99' title='bbox 778 1524 946 1614; x_wconf 82' lang='lat' dir='ltr'><em>Krituius,</em></span> <span class='ocrx_word' id='word_1_100' title='bbox 964 1530 1148 1615; x_wconf 75' lang='lat' dir='ltr'><em>virumque</em></span> <span class='ocrx_word' id='word_1_101' title='bbox 1164 1534 1208 1597; x_wconf 91' lang='lat' dir='ltr'><em>de</em></span> <span class='ocrx_word' id='word_1_102' title='bbox 1224 1532 1424 1599; x_wconf 83' lang='lat' dir='ltr'><em>Salustianis</em></span> <span class='ocrx_word' id='word_1_103' title='bbox 1444 1532 1647 1621; x_wconf 75' lang='lat' dir='ltr'><em>tugmentis</em></span> 
     </span>
     <span class='ocr_line' id='line_1_12' title="bbox 237 1632 1646 1723; baseline 0.004 -26"><span class='ocrx_word' id='word_1_104' title='bbox 237 1633 370 1717; x_wconf 88' lang='lat' dir='ltr'><em>optime</em></span> <span class='ocrx_word' id='word_1_105' title='bbox 388 1633 565 1710; x_wconf 82' lang='lat' dir='ltr'><em>meritum,</em></span> <span class='ocrx_word' id='word_1_106' title='bbox 590 1632 812 1699; x_wconf 89' lang='lat' dir='ltr'><em>acerbissima</em></span> <span class='ocrx_word' id='word_1_107' title='bbox 827 1632 991 1703; x_wconf 78' lang='lat' dir='ltr'><strong>laceravit</strong></span> <span class='ocrx_word' id='word_1_108' title='bbox 1007 1635 1279 1723; x_wconf 74' lang='lat' dir='ltr'><em>vituperatione,</em></span> <span class='ocrx_word' id='word_1_109' title='bbox 1298 1658 1379 1705; x_wconf 89' lang='lat' dir='ltr'><em>eum</em></span> <span class='ocrx_word' id='word_1_110' title='bbox 1395 1639 1569 1705; x_wconf 89' lang='lat' dir='ltr'><em>monitum</em></span> <span class='ocrx_word' id='word_1_111' title='bbox 1588 1654 1646 1703; x_wconf 79' lang='lat' dir='ltr'><em>ve·</em></span> 
     </span>
     <span class='ocr_line' id='line_1_13' title="bbox 235 1738 1647 1829; baseline 0.004 -26"><span class='ocrx_word' id='word_1_112' title='bbox 235 1738 325 1823; x_wconf 75' lang='lat' dir='ltr'><em>Hm,</em></span> <span class='ocrx_word' id='word_1_113' title='bbox 342 1758 401 1824; x_wconf 90' lang='lat' dir='ltr'><em>ne,</em></span> <span class='ocrx_word' id='word_1_114' title='bbox 420 1741 505 1804; x_wconf 89' lang='lat' dir='ltr'><em>dum</em></span> <span class='ocrx_word' id='word_1_115' title='bbox 524 1739 744 1808; x_wconf 80' lang='lat' dir='ltr'><em>Bebrossinm</em></span> <span class='ocrx_word' id='word_1_116' title='bbox 760 1740 1065 1825; x_wconf 57' lang='lat' dir='ltr'><em>inconsiderantia</em></span> <span class='ocrx_word' id='word_1_117' title='bbox 1082 1750 1117 1812; x_wconf 87' lang='lat' dir='ltr'><em>et</em></span> <span class='ocrx_word' id='word_1_118' title='bbox 1134 1744 1335 1813; x_wconf 86' lang='lat' dir='ltr'><em>temeritatis</em></span> <span class='ocrx_word' id='word_1_119' title='bbox 1354 1746 1552 1829; x_wconf 78' lang='lat' dir='ltr'><em>insimulet,</em></span> <span class='ocrx_word' id='word_1_120' title='bbox 1571 1745 1647 1829; x_wconf 88' lang='lat' dir='ltr'><em>ipsc</em></span> 
     </span>
     <span class='ocr_line' id='line_1_14' title="bbox 235 1842 1644 1935; baseline 0.002 -27"><span class='ocrx_word' id='word_1_121' title='bbox 235 1842 534 1914; x_wconf 74' lang='lat' dir='ltr'><em>inconsideranter</em></span> <span class='ocrx_word' id='word_1_122' title='bbox 564 1854 662 1935; x_wconf 87' lang='lat' dir='ltr'><em>agat,</em></span> <span class='ocrx_word' id='word_1_123' title='bbox 689 1852 1061 1935; x_wconf 83' lang='lat' dir='ltr'><em>grammaticorumque</em></span> <span class='ocrx_word' id='word_1_124' title='bbox 1092 1848 1291 1916; x_wconf 78' lang='lat' dir='ltr'><em>auctoritati</em></span> <span class='ocrx_word' id='word_1_125' title='bbox 1317 1851 1467 1917; x_wconf 89' lang='lat' dir='ltr'><em>nimium</em></span> <span class='ocrx_word' id='word_1_126' title='bbox 1495 1849 1644 1929; x_wconf 86' lang='lat' dir='ltr'><em>tribuat,</em></span> 
     </span>
     <span class='ocr_line' id='line_1_15' title="bbox 236 1950 1647 2046; baseline 0.002 -28"><span class='ocrx_word' id='word_1_127' title='bbox 236 1950 368 2038; x_wconf 80' lang='lat' dir='ltr'><em>quippe</em></span> <span class='ocrx_word' id='word_1_128' title='bbox 384 1952 447 2035; x_wconf 86' lang='lat' dir='ltr'><em>qui</em></span> <span class='ocrx_word' id='word_1_129' title='bbox 461 1974 536 2019; x_wconf 91' lang='lat' dir='ltr'><em>non</em></span> <span class='ocrx_word' id='word_1_130' title='bbox 552 1955 659 2021; x_wconf 88' lang='lat' dir='ltr'><em>modo</em></span> <span class='ocrx_word' id='word_1_131' title='bbox 678 1952 718 2017; x_wconf 89' lang='lat' dir='ltr'><em>in</em></span> <span class='ocrx_word' id='word_1_132' title='bbox 733 1954 819 2041; x_wconf 87' lang='lat' dir='ltr'><em>ipsis</em></span> <span class='ocrx_word' id='word_1_133' title='bbox 835 1956 953 2023; x_wconf 78' lang='lat' dir='ltr'><em>verbis</em></span> <span class='ocrx_word' id='word_1_134' title='bbox 963 1956 1148 2022; x_wconf 74' lang='lat' dir='ltr'><em>laudandis</em></span> <span class='ocrx_word' id='word_1_135' title='bbox 1162 1975 1285 2043; x_wconf 86' lang='lat' dir='ltr'><em>parum</em></span> <span class='ocrx_word' id='word_1_136' title='bbox 1301 1957 1487 2046; x_wconf 82' lang='lat' dir='ltr'><em>diligentes</em></span> <span class='ocrx_word' id='word_1_137' title='bbox 1503 1976 1541 2025; x_wconf 85' lang='lat' dir='ltr'><em>se</em></span> <span class='ocrx_word' id='word_1_138' title='bbox 1556 1972 1647 2041; x_wconf 74' lang='lat' dir='ltr'><em>pra·</em></span> 
     </span>
     <span class='ocr_line' id='line_1_16' title="bbox 234 2055 1647 2147; baseline 0.003 -28"><span class='ocrx_word' id='word_1_139' title='bbox 234 2055 357 2134; x_wconf 85' lang='lat' dir='ltr'><em>beant,</em></span> <span class='ocrx_word' id='word_1_140' title='bbox 388 2062 450 2123; x_wconf 91' lang='lat' dir='ltr'><em>sed</em></span> <span class='ocrx_word' id='word_1_141' title='bbox 475 2059 580 2125; x_wconf 86' lang='lat' dir='ltr'><em>etiam</em></span> <span class='ocrx_word' id='word_1_142' title='bbox 601 2059 783 2124; x_wconf 79' lang='lat' dir='ltr'><em>‘librorum</em></span> <span class='ocrx_word' id='word_1_143' title='bbox 805 2080 966 2128; x_wconf 87' lang='lat' dir='ltr'><em>numeros</em></span> <span class='ocrx_word' id='word_1_144' title='bbox 994 2062 1182 2147; x_wconf 75' lang='lat' dir='ltr'><em>repnsime</em></span> <span class='ocrx_word' id='word_1_145' title='bbox 1210 2062 1436 2127; x_wconf 84' lang='lat' dir='ltr'><em>confundant.</em></span> <span class='ocrx_word' id='word_1_146' title='bbox 1469 2062 1568 2125; x_wconf 63' lang='grc' dir='ltr'><em>-πᾶ-</em></span> <span class='ocrx_word' id='word_1_147' title='bbox 1587 2058 1647 2127; x_wconf 83' lang='lat' dir='ltr'><em>Ac</em></span> 
     </span>
     <span class='ocr_line' id='line_1_17' title="bbox 236 2156 1646 2249; baseline 0.001 -28"><span class='ocrx_word' id='word_1_148' title='bbox 236 2157 367 2222; x_wconf 82' lang='lat' dir='ltr'><em>statim</em></span> <span class='ocrx_word' id='word_1_149' title='bbox 378 2156 547 2249; x_wconf 77' lang='lat' dir='ltr'><em>fugitivi.</em></span> <span class='ocrx_word' id='word_1_150' title='bbox 565 2167 611 2223; x_wconf 80' lang='lat' dir='ltr'><em>ud</em></span> <span class='ocrx_word' id='word_1_151' title='bbox 632 2164 756 2225; x_wconf 85' lang='lat' dir='ltr'><em>urbem</em></span> <span class='ocrx_word' id='word_1_152' title='bbox 777 2164 931 2242; x_wconf 79' lang='lat' dir='ltr'><em>aliqum</em></span> <span class='ocrx_word' id='word_1_153' title='bbox 952 2184 974 2227; x_wconf 83' lang='lat' dir='ltr'><em>a</em></span> <span class='ocrx_word' id='word_1_154' title='bbox 997 2166 1103 2229; x_wconf 82' lang='lat' dir='ltr'><em>servis</em></span> <span class='ocrx_word' id='word_1_155' title='bbox 1123 2166 1196 2229; x_wconf 80' lang='lat' dir='ltr'><em>sire</em></span> <span class='ocrx_word' id='word_1_156' title='bbox 1224 2166 1478 2247; x_wconf 81' lang='lat' dir='ltr'><em>gladiatoribus</em></span> <span class='ocrx_word' id='word_1_157' title='bbox 1512 2170 1646 2246; x_wconf 83' lang='lat' dir='ltr'><em>captam</em></span> 
     </span>
     <span class='ocr_line' id='line_1_18' title="bbox 235 2261 1648 2348; baseline -0.001 -19"><span class='ocrx_word' id='word_1_158' title='bbox 235 2269 331 2329; x_wconf 83' lang='lat' dir='ltr'><em>recte</em></span> <span class='ocrx_word' id='word_1_159' title='bbox 347 2265 417 2329; x_wconf 88' lang='lat' dir='ltr'><em>boc</em></span> <span class='ocrx_word' id='word_1_160' title='bbox 431 2262 581 2344; x_wconf 83' lang='lat' dir='ltr'><em>referas;</em></span> <span class='ocrx_word' id='word_1_161' title='bbox 598 2261 805 2330; x_wconf 86' lang='lat' dir='ltr'><em>Debrossius</em></span> <span class='ocrx_word' id='word_1_162' title='bbox 821 2264 1061 2348; x_wconf 85' lang='lat' dir='ltr'><em>Metapontum</em></span> <span class='ocrx_word' id='word_1_163' title='bbox 1079 2262 1257 2348; x_wconf 87' lang='lat' dir='ltr'><em>intelligit.</em></span> <span class='ocrx_word' id='word_1_164' title='bbox 1276 2266 1345 2327; x_wconf 86' lang='lat' dir='ltr'><em>Sed</em></span> <span class='ocrx_word' id='word_1_165' title='bbox 1358 2285 1437 2328; x_wconf 88' lang='lat' dir='ltr'><em>curn</em></span> <span class='ocrx_word' id='word_1_166' title='bbox 1457 2263 1544 2328; x_wconf 86' lang='lat' dir='ltr'><em>alias</em></span> <span class='ocrx_word' id='word_1_167' title='bbox 1559 2281 1648 2347; x_wconf 85' lang='lat' dir='ltr'><em>quo-</em></span> 
     </span>
     <span class='ocr_line' id='line_1_19' title="bbox 234 2364 1649 2455; baseline 0.001 -19"><span class='ocrx_word' id='word_1_168' title='bbox 234 2388 306 2451; x_wconf 81' lang='lat' dir='ltr'><em>que</em></span> <span class='ocrx_word' id='word_1_169' title='bbox 320 2371 442 2454; x_wconf 88' lang='lat' dir='ltr'><em>urbes,</em></span> <span class='ocrx_word' id='word_1_170' title='bbox 463 2369 502 2433; x_wconf 90' lang='lat' dir='ltr'><em>in</em></span> <span class='ocrx_word' id='word_1_171' title='bbox 513 2368 699 2455; x_wconf 79' lang='lat' dir='ltr'><em>Campania</em></span> <span class='ocrx_word' id='word_1_172' title='bbox 707 2367 888 2455; x_wconf 83' lang='lat' dir='ltr'><em>inprimis,</em></span> <span class='ocrx_word' id='word_1_173' title='bbox 907 2376 942 2433; x_wconf 89' lang='lat' dir='ltr'><em>et</em></span> <span class='ocrx_word' id='word_1_174' title='bbox 952 2364 1103 2432; x_wconf 77' lang='lat' dir='ltr'><em>‘l&#39;lsurios</em></span> <span class='ocrx_word' id='word_1_175' title='bbox 1117 2366 1406 2455; x_wconf 68' lang='lat' dir='ltr'><em>erpugmuerint,</em></span> <span class='ocrx_word' id='word_1_176' title='bbox 1424 2370 1499 2437; x_wconf 77' lang='lat' dir='ltr'><em>haec</em></span> <span class='ocrx_word' id='word_1_177' title='bbox 1515 2369 1649 2449; x_wconf 83' lang='lat' dir='ltr'><em>conjec-</em></span> 
     </span>
     <span class='ocr_line' id='line_1_20' title="bbox 232 2468 1753 2569; baseline 0 -28"><span class='ocrx_word' id='word_1_178' title='bbox 232 2482 314 2541; x_wconf 89' lang='lat' dir='ltr'><em>tura</em></span> <span class='ocrx_word' id='word_1_179' title='bbox 333 2478 521 2543; x_wconf 87' lang='lat' dir='ltr'><em>admodum</em></span> <span class='ocrx_word' id='word_1_180' title='bbox 545 2473 677 2542; x_wconf 84' lang='lat' dir='ltr'><em>incerta</em></span> <span class='ocrx_word' id='word_1_181' title='bbox 698 2480 758 2542; x_wconf 87' lang='lat' dir='ltr'><em>est.</em></span> <span class='ocrx_word' id='word_1_182' title='bbox 787 2489 890 2554; x_wconf 59' lang='grc' dir='ltr'><em>-αφ-</em></span> <span class='ocrx_word' id='word_1_183' title='bbox 910 2468 1055 2555; x_wconf 80' lang='lat' dir='ltr'><em>Quibus</em></span> <span class='ocrx_word' id='word_1_184' title='bbox 1077 2492 1103 2535; x_wconf 87' lang='lat' dir='ltr'><em>a</em></span> <span class='ocrx_word' id='word_1_185' title='bbox 1123 2468 1302 2538; x_wconf 81' lang='lat' dir='ltr'><em>Sertorio.</em></span> <span class='ocrx_word' id='word_1_186' title='bbox 1326 2483 1444 2542; x_wconf 84' lang='lat' dir='ltr'><em>nostro</em></span> <span class='ocrx_word' id='word_1_187' title='bbox 1464 2474 1545 2542; x_wconf 92' lang='lat' dir='ltr'><em>loco</em></span> <span class='ocrx_word' id='word_1_188' title='bbox 1569 2496 1648 2543; x_wconf 90' lang='lat' dir='ltr'><em>oum</em></span> <span class='ocrx_word' id='word_1_189' title='bbox 1748 2558 1753 2569; x_wconf 35' lang='grc' dir='ltr'>Ι</span> 
     </span>
     <span class='ocr_line' id='line_1_21' title="bbox 232 2574 1647 2667; baseline 0.005 -21"><span class='ocrx_word' id='word_1_190' title='bbox 232 2584 436 2649; x_wconf 78' lang='lat' dir='ltr'><em>Frontina.</em></span> <span class='ocrx_word' id='word_1_191' title='bbox 452 2586 481 2649; x_wconf 79' lang='lat' dir='ltr'><em>b.</em></span> <span class='ocrx_word' id='word_1_192' title='bbox 492 2588 542 2649; x_wconf 75' lang='lat' dir='ltr'><em>ir.</em></span> <span class='ocrx_word' id='word_1_193' title='bbox 563 2582 710 2667; x_wconf 88' lang='lat' dir='ltr'><em>collato,</em></span> <span class='ocrx_word' id='word_1_194' title='bbox 730 2580 772 2647; x_wconf 85' lang='lat' dir='ltr'><em>V.</em></span> <span class='ocrx_word' id='word_1_195' title='bbox 790 2597 895 2667; x_wconf 86' lang='lat' dir='ltr'><em>supra</em></span> <span class='ocrx_word' id='word_1_196' title='bbox 911 2598 989 2667; x_wconf 89' lang='lat' dir='ltr'><em>pag.</em></span> <span class='ocrx_word' id='word_1_197' title='bbox 1005 2580 1053 2643; x_wconf 82' lang='lat' dir='ltr'><em>sb.</em></span> <span class='ocrx_word' id='word_1_198' title='bbox 1072 2574 1178 2646; x_wconf 86' lang='lat' dir='ltr'><em>facile</em></span> <span class='ocrx_word' id='word_1_199' title='bbox 1193 2578 1399 2666; x_wconf 83' lang='lat' dir='ltr'><em>credideris,</em></span> <span class='ocrx_word' id='word_1_200' title='bbox 1414 2581 1560 2649; x_wconf 87' lang='lat' dir='ltr'><em>insidias</em></span> <span class='ocrx_word' id='word_1_201' title='bbox 1573 2584 1647 2653; x_wconf 70' lang='lat' dir='ltr'><em>La·</em></span> 
     </span>
     <span class='ocr_line' id='line_1_22' title="bbox 233 2683 1646 2777; baseline 0.002 -25"><span class='ocrx_word' id='word_1_202' title='bbox 233 2686 305 2768; x_wconf 89' lang='lat' dir='ltr'><em>lio,</em></span> <span class='ocrx_word' id='word_1_203' title='bbox 326 2689 484 2775; x_wconf 74' lang='lat' dir='ltr'><em>Pompeii</em></span> <span class='ocrx_word' id='word_1_204' title='bbox 496 2689 610 2777; x_wconf 87' lang='lat' dir='ltr'><em>legato</em></span> <span class='ocrx_word' id='word_1_205' title='bbox 632 2709 707 2755; x_wconf 90' lang='lat' dir='ltr'><em>non</em></span> <span class='ocrx_word' id='word_1_206' title='bbox 724 2686 847 2776; x_wconf 89' lang='lat' dir='ltr'><em>procul</em></span> <span class='ocrx_word' id='word_1_207' title='bbox 863 2688 1024 2753; x_wconf 83' lang='lat' dir='ltr'><em>laurone</em></span> <span class='ocrx_word' id='word_1_208' title='bbox 1038 2684 1127 2753; x_wconf 88' lang='lat' dir='ltr'><em>urbe</em></span> <span class='ocrx_word' id='word_1_209' title='bbox 1142 2683 1287 2772; x_wconf 85' lang='lat' dir='ltr'><em>positas,</em></span> <span class='ocrx_word' id='word_1_210' title='bbox 1309 2686 1366 2753; x_wconf 89' lang='lat' dir='ltr'><em>bis</em></span> <span class='ocrx_word' id='word_1_211' title='bbox 1384 2688 1500 2755; x_wconf 76' lang='lat' dir='ltr'><em>verbis</em></span> <span class='ocrx_word' id='word_1_212' title='bbox 1513 2688 1646 2777; x_wconf 87' lang='lat' dir='ltr'><em>siguifi-</em></span> 
     </span>
     <span class='ocr_line' id='line_1_23' title="bbox 184 2774 1645 2877; baseline 0.002 -20"><span class='ocrx_word' id='word_1_213' title='bbox 184 2774 192 2781; x_wconf 40' lang='grc'>”</span> <span class='ocrx_word' id='word_1_214' title='bbox 235 2793 317 2857; x_wconf 90' lang='lat' dir='ltr'><em>cari.</em></span> <span class='ocrx_word' id='word_1_215' title='bbox 336 2795 403 2859; x_wconf 82' lang='lat' dir='ltr'><em>Sed</em></span> <span class='ocrx_word' id='word_1_216' title='bbox 419 2796 493 2860; x_wconf 80' lang='lat' dir='ltr'><em>haec</em></span> <span class='ocrx_word' id='word_1_217' title='bbox 511 2795 612 2860; x_wconf 87' lang='lat' dir='ltr'><em>tertio</em></span> <span class='ocrx_word' id='word_1_218' title='bbox 628 2794 722 2859; x_wconf 87' lang='lat' dir='ltr'><em>libro</em></span> <span class='ocrx_word' id='word_1_219' title='bbox 741 2791 895 2858; x_wconf 87' lang='lat' dir='ltr'><em>enarrari</em></span> <span class='ocrx_word' id='word_1_220' title='bbox 917 2793 977 2859; x_wconf 79' lang='lat' dir='ltr'><em>vix</em></span> <span class='ocrx_word' id='word_1_221' title='bbox 992 2796 1168 2877; x_wconf 88' lang='lat' dir='ltr'><em>poterant,</em></span> <span class='ocrx_word' id='word_1_222' title='bbox 1188 2811 1268 2859; x_wconf 85' lang='lat' dir='ltr'><em>cnm</em></span> <span class='ocrx_word' id='word_1_223' title='bbox 1290 2793 1406 2876; x_wconf 88' lang='lat' dir='ltr'><em>primo</em></span> <span class='ocrx_word' id='word_1_224' title='bbox 1421 2796 1538 2859; x_wconf 87' lang='lat' dir='ltr'><em>statim</em></span> <span class='ocrx_word' id='word_1_225' title='bbox 1550 2814 1645 2860; x_wconf 87' lang='lat' dir='ltr'><em>anno</em></span> 
     </span>
     <span class='ocr_line' id='line_1_24' title="bbox 234 2892 1648 2991; baseline 0 -31"><span class='ocrx_word' id='word_1_226' title='bbox 234 2899 325 2961; x_wconf 89' lang='lat' dir='ltr'><em>belli</em></span> <span class='ocrx_word' id='word_1_227' title='bbox 345 2920 424 2962; x_wconf 89' lang='lat' dir='ltr'><em>cum</em></span> <span class='ocrx_word' id='word_1_228' title='bbox 439 2900 605 2983; x_wconf 78' lang='lat' dir='ltr'><em>Pompeio</em></span> <span class='ocrx_word' id='word_1_229' title='bbox 633 2898 723 2982; x_wconf 86' lang='lat' dir='ltr'><em>gesti</em></span> <span class='ocrx_word' id='word_1_230' title='bbox 738 2897 946 2961; x_wconf 57' lang='lat' dir='ltr'><em>‘acciderint</em></span> <span class='ocrx_word' id='word_1_231' title='bbox 983 2894 1097 2976; x_wconf 85' lang='lat' dir='ltr'><em>Igitur</em></span> <span class='ocrx_word' id='word_1_232' title='bbox 1117 2902 1178 2953; x_wconf 83' lang='lat' dir='ltr'><em>cut</em></span> <span class='ocrx_word' id='word_1_233' title='bbox 1197 2892 1284 2955; x_wconf 88' lang='lat' dir='ltr'><em>libri</em></span> <span class='ocrx_word' id='word_1_234' title='bbox 1307 2910 1471 2958; x_wconf 86' lang='lat' dir='ltr'><em>numerus</em></span> <span class='ocrx_word' id='word_1_235' title='bbox 1498 2916 1520 2957; x_wconf 87' lang='lat' dir='ltr'><em>a</em></span> <span class='ocrx_word' id='word_1_236' title='bbox 1537 2897 1648 2991; x_wconf 87' lang='lat' dir='ltr'><em>libra-</em></span> 
     </span>
     <span class='ocr_line' id='line_1_25' title="bbox 236 2992 1645 3084; baseline 0.002 -21"><span class='ocrx_word' id='word_1_237' title='bbox 236 2999 303 3064; x_wconf 86' lang='lat' dir='ltr'><em>riis</em></span> <span class='ocrx_word' id='word_1_238' title='bbox 318 3006 487 3082; x_wconf 87' lang='lat' dir='ltr'><em>mutatus,</em></span> <span class='ocrx_word' id='word_1_239' title='bbox 507 3005 567 3060; x_wconf 89' lang='lat' dir='ltr'><em>aut</em></span> <span class='ocrx_word' id='word_1_240' title='bbox 589 2998 662 3080; x_wconf 84' lang='lat' dir='ltr'><em>ipse</em></span> <span class='ocrx_word' id='word_1_241' title='bbox 683 2995 821 3059; x_wconf 84' lang='lat' dir='ltr'><em>Servius</em></span> <span class='ocrx_word' id='word_1_242' title='bbox 846 3013 926 3058; x_wconf 88' lang='lat' dir='ltr'><em>enm</em></span> <span class='ocrx_word' id='word_1_243' title='bbox 944 2992 1161 3079; x_wconf 83' lang='lat' dir='ltr'><em>negligenter</em></span> <span class='ocrx_word' id='word_1_244' title='bbox 1181 2992 1373 3082; x_wconf 61' lang='lat' dir='ltr'><em>ermripsin</em></span> <span class='ocrx_word' id='word_1_245' title='bbox 1394 3000 1489 3080; x_wconf 88' lang='lat' dir='ltr'><em>quod</em></span> <span class='ocrx_word' id='word_1_246' title='bbox 1504 3017 1546 3064; x_wconf 90' lang='lat' dir='ltr'><em>eo</em></span> <span class='ocrx_word' id='word_1_247' title='bbox 1562 3018 1645 3084; x_wconf 88' lang='lat' dir='ltr'><em>pro-</em></span> 
     </span>
     <span class='ocr_line' id='line_1_26' title="bbox 187 3096 1649 3188; baseline 0.001 -19"><span class='ocrx_word' id='word_1_248' title='bbox 187 3180 191 3187; x_wconf 26' lang='lat'><strong>·</strong></span> <span class='ocrx_word' id='word_1_249' title='bbox 235 3103 408 3188; x_wconf 86' lang='lat' dir='ltr'><em>babilius,</em></span> <span class='ocrx_word' id='word_1_250' title='bbox 430 3105 525 3185; x_wconf 84' lang='lat' dir='ltr'><em>quod</em></span> <span class='ocrx_word' id='word_1_251' title='bbox 545 3101 682 3165; x_wconf 87' lang='lat' dir='ltr'><em>duobus</em></span> <span class='ocrx_word' id='word_1_252' title='bbox 697 3097 785 3163; x_wconf 91' lang='lat' dir='ltr'><em>locis</em></span> <span class='ocrx_word' id='word_1_253' title='bbox 800 3096 865 3161; x_wconf 89' lang='lat' dir='ltr'><em>ubi</em></span> <span class='ocrx_word' id='word_1_254' title='bbox 881 3098 963 3163; x_wconf 82' lang='lat' dir='ltr'><em>baec·</em></span> <span class='ocrx_word' id='word_1_255' title='bbox 975 3096 1178 3183; x_wconf 84' lang='lat' dir='ltr'><em>laudantur,</em></span> <span class='ocrx_word' id='word_1_256' title='bbox 1197 3098 1284 3164; x_wconf 88' lang='lat' dir='ltr'><em>libri</em></span> <span class='ocrx_word' id='word_1_257' title='bbox 1301 3118 1464 3169; x_wconf 88' lang='lat' dir='ltr'><em>numerus</em></span> <span class='ocrx_word' id='word_1_258' title='bbox 1481 3124 1526 3171; x_wconf 88' lang='lat' dir='ltr'><em>ne</em></span> <span class='ocrx_word' id='word_1_259' title='bbox 1547 3105 1649 3170; x_wconf 91' lang='lat' dir='ltr'><em>addi·</em></span> 
     </span>
     <span class='ocr_line' id='line_1_27' title="bbox 234 3202 1647 3295; baseline 0 -20"><span class='ocrx_word' id='word_1_260' title='bbox 234 3219 292 3277; x_wconf 86' lang='lat' dir='ltr'><em>tus</em></span> <span class='ocrx_word' id='word_1_261' title='bbox 303 3210 445 3295; x_wconf 85' lang='lat' dir='ltr'><em>quidem</em></span> <span class='ocrx_word' id='word_1_262' title='bbox 462 3209 517 3272; x_wconf 84' lang='lat' dir='ltr'><em>sit.</em></span> <span class='ocrx_word' id='word_1_263' title='bbox 545 3211 632 3271; x_wconf 87' lang='lat' dir='ltr'><em>Nam</em></span> <span class='ocrx_word' id='word_1_264' title='bbox 642 3212 767 3290; x_wconf 75' lang='lat' dir='ltr'><em>praeter</em></span> <span class='ocrx_word' id='word_1_265' title='bbox 775 3220 929 3291; x_wconf 87' lang='lat' dir='ltr'><em>pugnam</em></span> <span class='ocrx_word' id='word_1_266' title='bbox 945 3204 1040 3287; x_wconf 91' lang='lat' dir='ltr'><em>apud</em></span> <span class='ocrx_word' id='word_1_267' title='bbox 1049 3202 1201 3268; x_wconf 88' lang='lat' dir='ltr'><em>Ilerdam</em></span> <span class='ocrx_word' id='word_1_268' title='bbox 1213 3203 1325 3269; x_wconf 90' lang='lat' dir='ltr'><em>multo</em></span> <span class='ocrx_word' id='word_1_269' title='bbox 1339 3214 1419 3271; x_wconf 88' lang='lat' dir='ltr'><em>ante</em></span> <span class='ocrx_word' id='word_1_270' title='bbox 1431 3210 1647 3278; x_wconf 84' lang='lat' dir='ltr'><em>commissam</em></span> 
     </span>
     <span class='ocr_line' id='line_1_28' title="bbox 234 3308 1646 3391; baseline -0.001 -9"><span class='ocrx_word' id='word_1_271' title='bbox 234 3317 329 3382; x_wconf 89' lang='lat' dir='ltr'><em>nihil</em></span> <span class='ocrx_word' id='word_1_272' title='bbox 351 3318 395 3381; x_wconf 90' lang='lat' dir='ltr'><em>de</em></span> <span class='ocrx_word' id='word_1_273' title='bbox 415 3314 560 3381; x_wconf 74' lang='lat' dir='ltr'><em>Sertofii</em></span> <span class='ocrx_word' id='word_1_274' title='bbox 577 3314 681 3378; x_wconf 89' lang='lat' dir='ltr'><em>rebus</em></span> <span class='ocrx_word' id='word_1_275' title='bbox 699 3314 852 3385; x_wconf 83' lang='lat' dir='ltr'><em>constat,</em></span> <span class='ocrx_word' id='word_1_276' title='bbox 870 3325 940 3391; x_wconf 88' lang='lat' dir='ltr'><em>quo</em></span> <span class='ocrx_word' id='word_1_277' title='bbox 959 3308 1035 3374; x_wconf 77' lang='lat' dir='ltr'><em>bec</em></span> <span class='ocrx_word' id='word_1_278' title='bbox 1054 3312 1236 3380; x_wconf 88' lang='lat' dir='ltr'><em>commode</em></span> <span class='ocrx_word' id='word_1_279' title='bbox 1254 3308 1458 3377; x_wconf 80' lang='lat' dir='ltr'><em>referantur.</em></span> <span class='ocrx_word' id='word_1_280' title='bbox 1478 3317 1646 3381; x_wconf 76' lang='lat' dir='ltr'><em>ceterum</em></span> 
     </span>
     <span class='ocr_line' id='line_1_29' title="bbox 235 3410 1805 3513; baseline -0.002 -23"><span class='ocrx_word' id='word_1_281' title='bbox 235 3442 279 3490; x_wconf 85' lang='lat' dir='ltr'><em>ex</em></span> <span class='ocrx_word' id='word_1_282' title='bbox 294 3424 416 3489; x_wconf 89' lang='lat' dir='ltr'><em>eodem</em></span> <span class='ocrx_word' id='word_1_283' title='bbox 433 3418 592 3486; x_wconf 83' lang='lat' dir='ltr'><em>Frontini</em></span> <span class='ocrx_word' id='word_1_284' title='bbox 604 3419 702 3498; x_wconf 87' lang='lat' dir='ltr'><em>loco,</em></span> <span class='ocrx_word' id='word_1_285' title='bbox 715 3412 897 3510; x_wconf 80' lang='lat' dir='ltr'><em>proferte</em></span> <span class='ocrx_word' id='word_1_286' title='bbox 909 3418 1005 3499; x_wconf 88' lang='lat' dir='ltr'><em>quod</em></span> <span class='ocrx_word' id='word_1_287' title='bbox 1018 3415 1278 3502; x_wconf 82' lang='lat' dir='ltr'><em>exprimendum</em></span> <span class='ocrx_word' id='word_1_288' title='bbox 1291 3416 1499 3506; x_wconf 78' lang='lat' dir='ltr'><em>curavimus,</em></span> <span class='ocrx_word' id='word_1_289' title='bbox 1509 3416 1647 3513; x_wconf 81' lang='lat' dir='ltr'><em>fronte</em></span> <span class='ocrx_word' id='word_1_290' title='bbox 1666 3460 1667 3463; x_wconf 60' lang='lat'><em>=</em></span> <span class='ocrx_word' id='word_1_291' title='bbox 1790 3410 1805 3420; x_wconf 80' lang='grc'><strong>’</strong></span> 
     </span>
     <span class='ocr_line' id='line_1_30' title="bbox 234 3517 1644 3614; baseline 0 -21"><span class='ocrx_word' id='word_1_292' title='bbox 234 3529 425 3614; x_wconf 88' lang='lat' dir='ltr'><em>legendum</em></span> <span class='ocrx_word' id='word_1_293' title='bbox 449 3545 522 3597; x_wconf 84' lang='lat' dir='ltr'><em>esse</em></span> <span class='ocrx_word' id='word_1_294' title='bbox 541 3526 688 3591; x_wconf 79' lang='lat' dir='ltr'><em>ridetur.</em></span> <span class='ocrx_word' id='word_1_295' title='bbox 707 3557 726 3576; x_wconf 90' lang='lat'><em>-</em></span> <span class='ocrx_word' id='word_1_296' title='bbox 737 3526 787 3589; x_wconf 80' lang='lat'><em>28.</em></span> <span class='ocrx_word' id='word_1_297' title='bbox 799 3560 815 3576; x_wconf 89' lang='lat'><em>-</em></span> <span class='ocrx_word' id='word_1_298' title='bbox 834 3522 972 3613; x_wconf 82' lang='lat' dir='ltr'><em>Ingens</em></span> <span class='ocrx_word' id='word_1_299' title='bbox 986 3517 1062 3607; x_wconf 71' lang='lat' dir='ltr'><em>epae</em></span> <span class='ocrx_word' id='word_1_300' title='bbox 1078 3517 1223 3593; x_wconf 67' lang='lat' dir='ltr'><em>,virium</em></span> <span class='ocrx_word' id='word_1_301' title='bbox 1243 3526 1317 3591; x_wconf 80' lang='lat' dir='ltr'><em>baec</em></span> <span class='ocrx_word' id='word_1_302' title='bbox 1335 3526 1439 3590; x_wconf 73' lang='lat' dir='ltr'><em>nebi.</em></span> <span class='ocrx_word' id='word_1_303' title='bbox 1455 3529 1500 3590; x_wconf 90' lang='lat' dir='ltr'><em>ad</em></span> <span class='ocrx_word' id='word_1_304' title='bbox 1512 3528 1644 3593; x_wconf 89' lang='lat' dir='ltr'><em>librum</em></span> 
     </span>
     <span class='ocr_line' id='line_1_31' title="bbox 234 3629 1645 3716; baseline -0.001 -14"><span class='ocrx_word' id='word_1_305' title='bbox 234 3636 428 3702; x_wconf 87' lang='lat' dir='ltr'><em>secundum</em></span> <span class='ocrx_word' id='word_1_306' title='bbox 443 3646 477 3699; x_wconf 88' lang='lat' dir='ltr'><em>et</em></span> <span class='ocrx_word' id='word_1_307' title='bbox 492 3632 635 3715; x_wconf 89' lang='lat' dir='ltr'><em>quidem</em></span> <span class='ocrx_word' id='word_1_308' title='bbox 651 3637 696 3698; x_wconf 89' lang='lat' dir='ltr'><em>ad</em></span> <span class='ocrx_word' id='word_1_309' title='bbox 709 3630 854 3697; x_wconf 85' lang='lat' dir='ltr'><em>Sertorii</em></span> <span class='ocrx_word' id='word_1_310' title='bbox 874 3631 1032 3696; x_wconf 88' lang='lat' dir='ltr'><em>indolem</em></span> <span class='ocrx_word' id='word_1_311' title='bbox 1049 3629 1311 3695; x_wconf 83' lang='lat' dir='ltr'><em>describendam</em></span> <span class='ocrx_word' id='word_1_312' title='bbox 1323 3631 1498 3716; x_wconf 86' lang='lat' dir='ltr'><em>pertinere</em></span> <span class='ocrx_word' id='word_1_313' title='bbox 1516 3634 1645 3701; x_wconf 85' lang='lat' dir='ltr'><em>statuit.</em></span> 
     </span>
     <span class='ocr_line' id='line_1_32' title="bbox 236 3732 1646 3826; baseline 0.001 -21"><span class='ocrx_word' id='word_1_314' title='bbox 236 3742 307 3808; x_wconf 85' lang='lat' dir='ltr'><em>Sed</em></span> <span class='ocrx_word' id='word_1_315' title='bbox 327 3759 407 3805; x_wconf 88' lang='lat' dir='ltr'><em>cum</em></span> <span class='ocrx_word' id='word_1_316' title='bbox 427 3737 595 3804; x_wconf 79' lang='lat' dir='ltr'><em>Salustius</em></span> <span class='ocrx_word' id='word_1_317' title='bbox 613 3741 708 3803; x_wconf 91' lang='lat' dir='ltr'><em>haud</em></span> <span class='ocrx_word' id='word_1_318' title='bbox 727 3738 833 3803; x_wconf 91' lang='lat' dir='ltr'><em>dubie</em></span> <span class='ocrx_word' id='word_1_319' title='bbox 853 3737 970 3823; x_wconf 87' lang='lat' dir='ltr'><em>primo</em></span> <span class='ocrx_word' id='word_1_320' title='bbox 989 3732 1084 3798; x_wconf 88' lang='lat' dir='ltr'><em>libro</em></span> <span class='ocrx_word' id='word_1_321' title='bbox 1106 3735 1151 3800; x_wconf 91' lang='lat' dir='ltr'><em>de</em></span> <span class='ocrx_word' id='word_1_322' title='bbox 1170 3733 1317 3800; x_wconf 88' lang='lat' dir='ltr'><em>Sertorii</em></span> <span class='ocrx_word' id='word_1_323' title='bbox 1335 3736 1521 3805; x_wconf 81' lang='lat' dir='ltr'><em>virtutibus</em></span> <span class='ocrx_word' id='word_1_324' title='bbox 1540 3758 1646 3826; x_wconf 87' lang='lat' dir='ltr'><em>erpo·</em></span> 
     </span>
     <span class='ocr_line' id='line_1_33' title="bbox 237 3838 1648 3930; baseline -0.003 -17"><span class='ocrx_word' id='word_1_325' title='bbox 237 3845 363 3930; x_wconf 85' lang='lat' dir='ltr'><em>suerit,</em></span> <span class='ocrx_word' id='word_1_326' title='bbox 382 3850 568 3926; x_wconf 86' lang='lat' dir='ltr'><em>utrumque</em></span> <span class='ocrx_word' id='word_1_327' title='bbox 584 3844 708 3910; x_wconf 82' lang='lat' dir='ltr'><em>falsum</em></span> <span class='ocrx_word' id='word_1_328' title='bbox 718 3842 798 3924; x_wconf 87' lang='lat' dir='ltr'><em>jure</em></span> <span class='ocrx_word' id='word_1_329' title='bbox 817 3842 954 3912; x_wconf 85' lang='lat' dir='ltr'><em>dixeris.</em></span> <span class='ocrx_word' id='word_1_330' title='bbox 971 3838 1116 3904; x_wconf 89' lang='lat' dir='ltr'><em>laudant</em></span> <span class='ocrx_word' id='word_1_331' title='bbox 1131 3840 1235 3919; x_wconf 77' lang='lat' dir='ltr'><em>hujus</em></span> <span class='ocrx_word' id='word_1_332' title='bbox 1253 3842 1432 3909; x_wconf 75' lang='lat' dir='ltr'><em>sententia</em></span> <span class='ocrx_word' id='word_1_333' title='bbox 1449 3845 1648 3913; x_wconf 85' lang='lat' dir='ltr'><em>defensores</em></span> 
     </span>
     <span class='ocr_line' id='line_1_34' title="bbox 237 3941 1642 4036; baseline -0.004 -18"><span class='ocrx_word' id='word_1_334' title='bbox 237 3952 315 4019; x_wconf 75' lang='lat' dir='ltr'><em>val.</em></span> <span class='ocrx_word' id='word_1_335' title='bbox 335 3952 425 4015; x_wconf 69' lang='lat' dir='ltr'><em>Man</em></span> <span class='ocrx_word' id='word_1_336' title='bbox 447 3976 476 4036; x_wconf 89' lang='lat'><em>7.</em></span> <span class='ocrx_word' id='word_1_337' title='bbox 496 3956 526 4015; x_wconf 82' lang='lat'><em>³.</em></span> <span class='ocrx_word' id='word_1_338' title='bbox 552 3952 590 4013; x_wconf 80' lang='lat'><em>6:</em></span> <span class='ocrx_word' id='word_1_339' title='bbox 608 3941 902 4025; x_wconf 67' lang='lat' dir='ltr'><em>.Sertorius&#39;vero</em></span> <span class='ocrx_word' id='word_1_340' title='bbox 924 3944 1080 4031; x_wconf 86' lang='lat' dir='ltr'><em>corporis</em></span> <span class='ocrx_word' id='word_1_341' title='bbox 1098 3946 1224 4012; x_wconf 86' lang='lat' dir='ltr'><em>robore</em></span> <span class='ocrx_word' id='word_1_342' title='bbox 1248 3955 1352 4031; x_wconf 87' lang='lat' dir='ltr'><em>atque</em></span> <span class='ocrx_word' id='word_1_343' title='bbox 1367 3948 1476 4015; x_wconf 87' lang='lat' dir='ltr'><em>animi</em></span> <span class='ocrx_word' id='word_1_344' title='bbox 1494 3947 1642 4015; x_wconf 88' lang='lat' dir='ltr'><em>consilio</em></span> 
     </span>
     <span class='ocr_line' id='line_1_35' title="bbox 19 4050 1645 4141; baseline -0.004 -22"><span class='ocrx_word' id='word_1_345' title='bbox 19 4115 20 4139; x_wconf 48' lang='lat'><em>,</em></span> <span class='ocrx_word' id='word_1_346' title='bbox 237 4073 360 4141; x_wconf 88' lang='lat' dir='ltr'><em>parem</em></span> <span class='ocrx_word' id='word_1_347' title='bbox 381 4062 513 4122; x_wconf 78' lang='lat' dir='ltr'><em>natura</em></span> <span class='ocrx_word' id='word_1_348' title='bbox 543 4053 794 4140; x_wconf 89' lang='lat' dir='ltr'><em>indulgentiam</em></span> <span class='ocrx_word' id='word_1_349' title='bbox 816 4058 1006 4138; x_wconf 54' lang='lat' dir='ltr'><em>expertus?</em></span> <span class='ocrx_word' id='word_1_350' title='bbox 1032 4050 1101 4117; x_wconf 84' lang='lat' dir='ltr'><em>Sed</em></span> <span class='ocrx_word' id='word_1_351' title='bbox 1122 4052 1196 4119; x_wconf 83' lang='lat' dir='ltr'><em>haec</em></span> <span class='ocrx_word' id='word_1_352' title='bbox 1222 4052 1442 4119; x_wconf 76' lang='lat' dir='ltr'><em>alienarunt.</em></span> <span class='ocrx_word' id='word_1_353' title='bbox 1469 4060 1570 4119; x_wconf 77' lang='lat' dir='ltr'><em>-ln-</em></span> <span class='ocrx_word' id='word_1_354' title='bbox 1587 4053 1645 4117; x_wconf 87' lang='lat' dir='ltr'><em>At</em></span> 
     </span>
     <span class='ocr_line' id='line_1_36' title="bbox 19 4152 1645 4244; baseline -0.005 -16"><span class='ocrx_word' id='word_1_355' title='bbox 19 4167 20 4228; x_wconf 76' lang='lat' dir='ltr'><em>l</em></span> <span class='ocrx_word' id='word_1_356' title='bbox 58 4152 60 4155; x_wconf 38' lang='lat'><strong>⁴</strong></span> <span class='ocrx_word' id='word_1_357' title='bbox 240 4155 396 4244; x_wconf 78' lang='lat' dir='ltr'><em>Oppius.</em></span> <span class='ocrx_word' id='word_1_358' title='bbox 415 4160 566 4244; x_wconf 88' lang='lat' dir='ltr'><em>pertinet</em></span> <span class='ocrx_word' id='word_1_359' title='bbox 585 4159 652 4224; x_wconf 90' lang='lat' dir='ltr'><em>hoo</em></span> <span class='ocrx_word' id='word_1_360' title='bbox 676 4161 721 4222; x_wconf 89' lang='lat' dir='ltr'><em>ad</em></span> <span class='ocrx_word' id='word_1_361' title='bbox 744 4158 947 4225; x_wconf 86' lang='lat' dir='ltr'><em>inimicitias</em></span> <span class='ocrx_word' id='word_1_362' title='bbox 976 4156 1069 4223; x_wconf 90' lang='lat' dir='ltr'><em>inter</em></span> <span class='ocrx_word' id='word_1_363' title='bbox 1087 4155 1220 4222; x_wconf 84' lang='lat' dir='ltr'><em>cottam</em></span> <span class='ocrx_word' id='word_1_364' title='bbox 1243 4158 1483 4242; x_wconf 89' lang='lat' dir='ltr'><em>proconsulem</em></span> <span class='ocrx_word' id='word_1_365' title='bbox 1504 4156 1645 4234; x_wconf 83' lang='lat' dir='ltr'><em>ejusque</em></span> 
     </span>
    </p>
   </div>
   <div class='ocr_carea' id='block_1_5' title="bbox 241 4256 1642 4355">
    <p class='ocr_par' dir='ltr' id='par_1_5' title="bbox 19 4256 1642 4361">
     <span class='ocr_line' id='line_1_37' title="bbox 241 4256 1642 4355; baseline 0.002 -29.453"><span class='ocrx_word' id='word_1_366' title='bbox 241 4272 447 4349; x_wconf 72' lang='lat' dir='ltr'><em>quaestorem</em></span> <span class='ocrx_word' id='word_1_367' title='bbox 454 4267 604 4355; x_wconf 87' lang='lat' dir='ltr'><em>Oppium</em></span> <span class='ocrx_word' id='word_1_368' title='bbox 611 4272 755 4344; x_wconf 63' lang='lat' dir='ltr'><em>exortae</em></span> <span class='ocrx_word' id='word_1_369' title='bbox 768 4264 944 4353; x_wconf 80' lang='lat' dir='ltr'><em>dequibus</em></span> <span class='ocrx_word' id='word_1_370' title='bbox 952 4261 1033 4337; x_wconf 82' lang='lat' dir='ltr'><em>vide</em></span> <span class='ocrx_word' id='word_1_371' title='bbox 1046 4282 1100 4353; x_wconf 89' lang='lat' dir='ltr'><em>ap.</em></span> <span class='ocrx_word' id='word_1_372' title='bbox 1106 4263 1211 4337; x_wconf 88' lang='lat' dir='ltr'><em>Dion.</em></span> <span class='ocrx_word' id='word_1_373' title='bbox 1223 4265 1313 4345; x_wconf 81' lang='lat' dir='ltr'><em>Cass.</em></span> <span class='ocrx_word' id='word_1_374' title='bbox 1321 4266 1372 4331; x_wconf 76' lang='grc'><em>36.</em></span> <span class='ocrx_word' id='word_1_375' title='bbox 1381 4267 1431 4329; x_wconf 76' lang='lat'><em>23.</em></span> <span class='ocrx_word' id='word_1_376' title='bbox 1444 4256 1642 4349; x_wconf 75' lang='lat' dir='ltr'><em>cienagu.</em></span> 
     </span>
    </p>
   </div>
   <div class='ocr_carea' id='block_1_6' title="bbox 0 0 2034 5009">
    <p class='ocr_par' dir='ltr' id='par_1_6' title="bbox 0 0 2034 5009">
     <span class='ocr_line' id='line_1_38' title="bbox 0 0 2034 5009; baseline 0 0"><span class='ocrx_word' id='word_1_377' title='bbox 0 0 2034 5009; x_wconf 95' lang='lat' dir='ltr'><em> </em></span> 
     </span>
    </p>
   </div>
  </div>
 </body>
</html>
