4050 5009
516 386 584 438 122

476 582 479 587 ¹
512 542 680 620 terrebat
700 569 791 620 eum
822 543 1005 638 clamore,
1029 545 1155 637 voltu,
1184 571 1280 652 saepe
1304 544 1450 650 impetu
1481 558 1595 646 atque
1614 537 1697 614 aliis
1717 533 1905 612 omnibus

512 691 602 769 quae
632 668 690 744 ira
719 668 803 744 lieri
831 686 953 745 amat:
977 670 1070 746 vicit
1097 687 1224 746 tamen
1251 665 1500 774 impudentia.
1550 670 1607 739 Ita
1627 660 1794 767 populus
1816 656 1924 732 ludi-

512 790 600 869 brio
624 789 781 867 habitus
797 820 844 869 ex
864 795 1050 872 concione
1075 795 1253 871 discedit:
1278 793 1473 899 Iugurtha²
1493 789 1697 890 Bestiaeque
1715 801 1754 859 ct
1776 781 1925 870 ceteris,

467 933 612 1018 35quos
634 915 703 990 illa
718 919 877 1021 qumstio
895 920 1128 1025 exagitabat,
1143 918 1264 993 animi
1280 933 1494 1022 augescunt.
1545 916 1639 988 Erat
1656 937 1698 986 ea
1720 921 1926 1010 tempesta-

517 1055 555 1116 te
586 1041 715 1116 Romae
746 1043 913 1118 Numida
949 1044 1129 1146 quidam,
1171 1043 1328 1117 nomine
1359 1029 1540 1130 Massiva,
1584 1035 1759 1110 Gulussae
1796 1031 1925 1118 filius,

516 1164 722 1240 Masinissa:
735 1192 870 1270 nepos:
893 1168 978 1270 qui,
1002 1169 1095 1270 quia
1117 1167 1158 1240 in
1175 1165 1403 1242 dissensione
1417 1191 1549 1270 regum
1571 1156 1766 1265 Iugurtha:
1785 1155 1928 1234 advor-

513 1313 577 1364 sus
597 1288 741 1379 fuerat,
758 1290 885 1366 dedita
902 1292 1005 1366 Cirta
1023 1308 1062 1367 et
1081 1289 1299 1366 Adherbale
1314 1287 1531 1378 interfecto,
1557 1285 1739 1390 profugus
1752 1265 1806 1354 xert
1824 1278 1928 1355 Afri-

516 1441 560 1488 ca
586 1414 741 1489 abierat
792 1416 893 1489 Huic
908 1417 968 1520 Sp.
995 1415 1177 1506 Albinus,
1203 1412 1272 1517 qui
1294 1437 1484 1517 proxumo
1510 1435 1614 1484 anno
1642 1421 1726 1511 post
1761 1403 1928 1477 Bestiam

517 1563 608 1611 cum
630 1537 677 1633 Q.
695 1538 870 1613 Minucio
897 1539 998 1614 Rufo
1022 1538 1265 1614 consulatum
1291 1537 1459 1640 gerebat,
1490 1532 1709 1638 persuadet,
1734 1527 1927 1632 quoniam

517 1661 708 1764 exstirpe
723 1661 931 1737 Masinissae
955 1663 1022 1752 sit,
1047 1659 1274 1766 Iugurtham
1299 1661 1349 1734 ob
1373 1659 1510 1734 scelera
1540 1656 1794 1731 insidiatum
1821 1667 1930 1724 metu

520 1799 701 1888 urgueat3
725 1812 887 1889 regnum
905 1785 1098 1860 Numidiae
1121 1785 1170 1859 ab
1187 1785 1329 1858 Senatu
1353 1799 1465 1887 petat
1515 1781 1657 1858 Avidus
1684 1775 1828 1854 Consul
1851 1773 1931 1850 bel-

520 1907 549 1985 li
568 1909 754 2012 genmdi,
781 1935 931 1985 movere
951 1937 1070 2012 quam
1091 1933 1279 1984 senescere
1300 1906 1429 1983 omnia
1461 1905 1629 1980 malebat
1641 1936 1652 1998 3
1678 1901 1748 2006 ipsi
1771 1901 1932 2004 provin-

519 2031 580 2106 cia
601 2033 803 2124 Numidia,
827 2032 1002 2108 Minucio
1020 2033 1243 2108 Macedonia
1260 2048 1443 2108 evenerat
1495 2030 1592 2126 Quae
1608 2043 1812 2133 postquam
1832 2025 1931 2098 Mas-

519 2154 599 2232 siva
634 2157 778 2262 agitare
809 2157 955 2260 coepit,
979 2183 1105 2260 neque
1130 2156 1326 2262 Iugurthae
1344 2157 1384 2230 in
1404 2155 1534 2230 amicis
1557 2153 1646 2228 satis
1666 2148 1835 2256 praesidii
1862 2161 1930 2223 est:

521 2279 630 2383 quod
657 2307 792 2356 eorum
822 2280 945 2356 alium
964 2281 1212 2371 conscientia,
1225 2281 1347 2356 alium
1366 2279 1467 2355 mala
1488 2278 1590 2354 fama
1611 2293 1649 2352 et
1673 2276 1787 2349 timor
1812 2273 1932 2377 impe·

523 2403 655 2480 diebat
676 2437 685 2479 :
709 2403 929 2495 Bomilcari,
953 2431 1141 2509 proxumo
1164 2430 1210 2479 ac
1234 2431 1411 2478 maxume
1433 2401 1510 2478 fido
1530 2401 1619 2492 sibi,
1643 2400 1824 2503 imperat,
1846 2423 1931 2501 pre-

525 2528 604 2618 tio,
631 2527 744 2603 sicuti
766 2527 889 2606 multa
910 2528 1144 2619 confecerat,
1166 2528 1400 2604 insidiatores
1421 2527 1598 2602 tuassivae
1614 2541 1743 2630 paret,
1779 2549 1825 2597 ac
1853 2505 1932 2596 ma-

526 2678 641 2725 xume
673 2653 839 2727 occulte:
862 2652 923 2726 sin
951 2653 991 2728 id
1010 2679 1151 2758 parum
1180 2652 1378 2757 procedat,
1404 2651 1536 2755 quovis
1566 2649 1680 2725 modo
1714 2645 1931 2734 Numidam,

525 2773 743 2866 ‘interficiat
802 2776 992 2852 Bomilcar
1022 2794 1173 2855 mature
1195 2777 1290 2880 regis
1320 2776 1500 2851 mandata
1526 2774 1769 2876 exsequitur,
1792 2787 1832 2846 et
1866 2797 1934 2876 per

527 2896 701 2975 homines
731 2897 816 2974 talis
845 2901 986 3005 negotii
1011 2900 1172 2976 artifices
1195 2900 1333 2974 itinera
1360 2923 1598 3004 egressusque
1621 2896 1722 2986 eius,
1742 2909 1932 3000 postremo

527 3021 610 3096 loca
631 3039 747 3125 atque
766 3037 935 3127 tempora
956 3041 1097 3100 cuncta
1120 3021 1312 3128 explorat:
1338 3022 1492 3112 deinde,
1519 3021 1586 3097 ubi
1614 3045 1671 3096 res
1698 3019 1932 3124 postulabat,

527 3222 578 3280 lat.
600 3219 683 3281 Fabr.
695 3241 723 3280 a.
744 3220 829 3287 Rem.
850 3221 903 3284 ilc.
924 3223 1005 3284 vrar.
1019 3227 1046 3284 ὅ.
1068 3223 1166 3282 Guell.
1182 3243 1248 3304 ι.9.
1270 3221 1394 3282 docem
1415 3221 1525 3284 Fabric.
1545 3221 1632 3286 llirii.
1652 3219 1753 3280 Naar.
1777 3217 1932 3279 Publius.

527 3326 616 3384 multi
629 3345 663 3384 cx
680 3324 763 3384 Cort.
783 3325 846 3391 llm.
862 3347 887 3388 1.
899 3329 929 3400 A.
949 3326 1019 3393 Tur.
1039 3327 1125 3393 Bern.
1141 3348 1165 3392 ι.
1182 3327 1212 3387 δι
1232 3325 1336 3387 Bestia
1349 3337 1378 3387 ct
1390 3328 1492 3388 ceteris
1510 3326 1571 3386 Bas.
1582 3327 1611 3398 d.

592 3447 666 3532 Cup.
678 3454 727 3514 35.
748 3475 783 3514 ea
796 3467 862 3516 erat
880 3467 902 3516 t.
922 3459 963 3517 ita
973 3457 1056 3517 (lort.
1067 3467 1096 3516 et
1113 3457 1233 3519 llorere.
1252 3455 1299 3518 ed:
1320 3467 1385 3518 erat
1405 3477 1439 3517 ca
1455 3465 1477 3515 t.
1497 3456 1578 3516 Leid.
1594 3453 1624 3513 b.
1637 3475 1664 3515 c.
1677 3453 1736 3514 el.
1752 3450 1822 3535 g.lr.
1837 3453 1858 3512 i.
1871 3451 1898 3511 k.
1914 3453 1933 3510 1.

529 3555 599 3637 leg.
619 3554 681 3615 Bas.
701 3578 726 3616 ι.
746 3558 871 3620 Βιιιι.ὄ.
892 3581 927 3621 eu
944 3570 965 3619 t.
980 3577 1022 3621 er.
1044 3559 1114 3621 Tur.
1137 3561 1221 3625 Bern.
1235 3581 1258 3628 ι.
1281 3561 1370 3640 isqui
1385 3563 1521 3642 uniquus
1531 3561 1610 3623 llivii
1625 3558 1708 3618 liber.
1728 3557 1932 3639 cons-ngcbol

532 3658 595 3717 sn.
608 3681 634 3724 ι.
654 3659 751 3720 Guell'.
764 3685 794 3743 9.
815 3665 1049 3745 Iugurthmnque
1067 3665 1134 3724 Sen.
1154 3665 1240 3726 Fabr.
1256 3685 1280 3726 t.
1298 3665 1360 3724 Bas.
1372 3687 1397 3724 ι.
1411 3685 1516 3726 tmsec.
1530 3663 1581 3726 ele.
1603 3663 1702 3725 lleuss.
1722 3663 1803 3724 Vrat.
1818 3663 1848 3724 6.
1868 3660 1932 3721 Ecc.

530 3761 630 3822 Goell.
645 3783 670 3828 ι.
681 3784 709 3824 a.
722 3787 768 3832 ιο.
781 3788 827 3826 ιι.
839 3769 920 3835 Leid.
930 3772 951 3829 1.
960 3769 988 3829 l.
996 3770 1065 3830 Nar.
1077 3773 1137 3831 Pal.
1146 3767 1250 3853 alleg.
1271 3763 1331 3829 Ert'
1350 3769 1420 3830 Tur.
1441 3771 1562 3850 urgebat
1581 3769 1667 3829 Fabr.
1683 3790 1708 3828 ι.
1728 3768 1796 3828 Ecc.
1815 3763 1930 3832 Leitt.

531 3865 601 3948 Τις.
619 3865 689 3928 Tur.
709 3889 822 3932 movere
840 3872 925 3934 Fabr.
945 3875 1030 3934 llem.
1047 3895 1073 3937 ι.
1093 3873 1154 3934 llas.
1166 3895 1191 3934 1.
1205 3873 1234 3946 A.
1254 3871 1305 3936 Ac.
1324 3875 1392 3935 Seu.
1412 3873 1517 3936 Fraus.
1537 3875 1595 3934 inc.
1616 3873 1684 3934 Eec.
1696 3873 1794 3934 Guell.
1810 3891 1839 3933 s.
1850 3875 1876 3935 3.
1889 3889 1930 3934 ¹0.

533 3969 603 4034 Tor.
612 3973 725 4032 moveri
734 3975 948 4054 puucicxssort.
960 3997 1045 4056 proes.
1060 3987 1109 4040 est.
1123 3987 1187 4039 arnt
1200 3979 1285 4046 Rem.
1299 3999 1325 4039 ι.
1339 3979 1420 4040 Leid.
1429 3977 1459 4038 b.
1472 3978 1551 4042 verb.
1565 4000 1626 4044 om.
1640 3979 1708 4039 Seu.
1721 3999 1748 4039 ι.
1760 3977 1852 4038 timor
1867 3973 1932 4038 oni·

536 4073 580 4132 mi
592 4083 647 4136 tres
656 4072 690 4137 'cx
699 4076 780 4138 cort
795 4077 884 4154 libri,
900 4084 997 4160 plnres
1007 4081 1131 4144 Pulsehii
1139 4125 1149 4158 ,
1167 4083 1301 4144 deterior.
1323 4083 1382 4144 Pul.
1404 4083 1580 4144 Bomuloari
1603 4083 1666 4144 llos.
1679 4083 1708 4156 d.
1722 4091 1757 4145 ut
1769 4093 1798 4146 et
1810 4085 1872 4144 aliis
1885 4083 1930 4142 lo-

534 4176 586 4246 cis·
605 4180 700 4242 multu
713 4192 868 4245 conserat
877 4181 1003 4246 thosan.
1015 4186 1132 4258 ΡιΙιιιιιΙ
1155 4185 1253 4249 Guell'.
1263 4209 1309 4250 to.
1329 4187 1456 4266 :bifido
1474 4187 1537 4250 But.
1551 4189 1581 4262 4.
1596 4189 1682 4250 Ber-n.
1697 4209 1724 4257 1.
1741 4189 1810 4274 Τις.
1831 4189 1863 4250 sd
1877 4185 1928 4246 ins.
