4050 5009
321 370 325 376 .
399 364 451 464 'a

394 562 470 621 enm
479 551 554 632 jam
568 547 712 635 Pighius
727 544 851 611 Annal.
865 560 980 631 papo.
999 550 1092 611 recte
1108 544 1283 631 explicuit.
1303 544 1458 635 Scilicet,
1479 572 1524 619 ne
1542 556 1725 643 Pompejus
1737 582 1811 627 cnm

395 658 551 753 exercitu
573 655 705 720 victore
728 674 770 719 ex
786 651 902 716 Africa
931 652 971 714 in
998 654 1119 715 urbem
1147 653 1289 739 rediret,
1309 655 1439 719 Sullam
1460 660 1527 723 hoc
1548 662 1752 747 instituisse,
1773 676 1811 733 nt

397 786 502 851 quam
515 765 595 846 ‘ipse
614 762 653 824 in
674 759 770 823 illins
790 759 937 845 gratiam
953 757 1057 822 ferret
1068 759 1200 845 legem,
1223 759 1256 823 ei
1276 761 1436 826 tribunus
1450 766 1563 848 plebis
1576 770 1810 841 intercederet.

394 876 474 960 Qua
501 870 635 933 ratione
662 866 758 930 Sulla
783 874 819 929 et
843 864 1076 950 suspicionem
1104 864 1244 950 vitavit,
1280 874 1316 931 et
1342 870 1526 956 Pompejus
1555 875 1663 961 ipsius
1689 880 1810 966 populi
1866 856 1873 863 ¹

391 982 491 1063 jussu
506 974 701 1063 prohibitus
718 992 791 1038 esse
804 972 996 1037 videbatur.
1017 1004 1036 1021 ·
1046 972 1076 1035 6.
1086 1004 1105 1021 -
1127 971 1227 1037 Orbe
1238 980 1424 1040 terrarum
1431 978 1633 1065 patrioque
1647 995 1811 1052 extorres

397 1098 465 1159 ete.
487 1088 579 1150 Male
598 1087 672 1148 haec
685 1078 885 1164 composita.
905 1080 1025 1160 Itaque
1041 1076 1171 1155 Majum
1186 1088 1287 1161 puto,
1309 1102 1386 1145 cum
1405 1096 1600 1171 corruptam
1626 1090 1811 1157 lectionem

396 1194 484 1262 orbe
501 1213 565 1279 pro
587 1190 675 1254 urbe
685 1189 724 1251 in
737 1208 801 1251 suo
814 1186 935 1251 codice
953 1184 1162 1268 invenisset,
1182 1194 1368 1252 terrorum
1385 1192 1569 1261 addidisse.
1588 1218 1686 1261 -ra.·
1704 1200 1812 1265 Inter

396 1301 487 1367 loera
512 1293 683 1362 moenium
710 1303 745 1358 et
767 1295 937 1358 dextrum
948 1289 1095 1385 flumen
1121 1295 1154 1356 T
1152 1290 1273 1357 uriom
1293 1296 1360 1358 boc
1374 1296 1605 1379 fragmentum
1623 1304 1812 1387 explicatur

394 1406 540 1490 epistola
560 1400 717 1487 Pompeii
740 1403 785 1463 ad
803 1407 960 1464 senatum
980 1401 1057 1462 Lib.
1081 1402 1140 1467 III.
1160 1402 1212 1467 Fr.
1236 1422 1282 1463 rr.
1304 1400 1367 1465 ubi
1387 1404 1547 1487 proelinm
1571 1411 1664 1492 apud
1680 1413 1811 1476 tlnmen

394 1513 537 1576 Turiam
555 1516 811 1593 commemorat.
845 1507 912 1569 Sed
932 1508 975 1571 de
1000 1506 1224 1592 grammatico
1247 1528 1372 1593 genere
1394 1510 1496 1590 hujus
1515 1514 1608 1577 vocis
1627 1514 1700 1593 jam
1718 1518 1813 1601 apud

394 1620 557 1703 antiquos
569 1616 738 1683 dissensio
754 1623 836 1679 erat.
857 1614 991 1677 Probus
1003 1614 1107 1678 etiam
1123 1624 1156 1677 et
1171 1615 1352 1699 Pompejus
1369 1616 1419 1705 (iu
1440 1626 1527 1702 post.
1556 1632 1642 1703 part.
1665 1620 1811 1704 Donati)

402 1724 518 1789 Turio
538 1725 702 1789 ridentur
722 1721 866 1808 legisse3
887 1719 949 1784 ille
971 1721 1065 1785 eninr
1085 1720 1250 1806 «lectum,
1277 1722 1409 1803 inquit,
1431 1746 1540 1787 unum
1564 1735 1657 1803 nent.
1676 1726 1813 1814 generis

396 1848 524 1893 nomen
545 1834 612 1893 hac
630 1828 864 1893 declinatione
883 1848 937 1911 ap.
960 1826 1164 1910 Salustium,
1200 1836 1236 1891 et
1256 1827 1581 1916 dextrumflumen
1610 1830 1750 1919 Turia,
1779 1840 1814 1899 et

393 1935 502 2021 paulo
526 1936 634 1999 inira:
655 1937 722 1998 hoc
745 1934 870 2011 Turia,
892 1954 1019 1998 nomen
1036 1934 1205 2019 fluminis,
1226 1936 1353 1999 lectum
1377 1935 1415 1999 in
1432 1940 1473 1999 11.
1492 1937 1620 2001 Histoe.
1640 1939 1814 2009 Salustii)

395 2042 581 2127 Pompeius
610 2043 766 2127 nullum,
797 2042 930 2126 inquit,
958 2062 1088 2105 nomen
1104 2053 1288 2107 'neutrum‘
1299 2045 1462 2108 Latinum
1492 2066 1516 2107 a
1544 2044 1749 2109 terminatur
1778 2044 1813 2109 in
1908 2048 1910 2051 ’

393 2149 612 2213 nominativo
633 2149 816 2234 singulari,
839 2156 979 2233 excepto
1001 2169 1074 2213 uno
1106 2148 1240 2234 Turia,
1262 2169 1387 2214 nomen
1406 2149 1444 2212 id
1464 2150 1617 2213 fluminis
1635 2154 1729 2234 apud
1749 2152 1812 2215 Sa·

392 2254 575 2319 lustinmst‘
594 2258 648 2318 Ita
673 2257 779 2320 etiam
805 2257 937 2320 Phocas
960 2266 1125 2339 «neutro,
1149 2256 1281 2339 inquit,
1303 2276 1429 2342 genere
1454 2258 1600 2319 barbara
1620 2259 1691 2321 duo
1724 2258 1813 2323 lecta

393 2371 473 2425 sunt
484 2365 576 2446 apud
592 2363 778 2426 Salustium
794 2362 939 2422 nomina
957 2362 1141 2421 tluminum
1157 2361 1226 2420 hoc
1247 2362 1428 2422 Mulucha
1449 2370 1482 2422 et
1501 2362 1571 2424 boc
1596 2360 1730 2448 Turia,
1751 2362 1814 2447 qui

392 2467 504 2532 amnis
535 2478 585 2532 est
611 2466 781 2532 citerioris
809 2460 1008 2545 Hispaniae,
1032 2464 1164 2541 dequo
1184 2460 1286 2544 plura
1307 2460 1345 2523 in
1366 2462 1494 2527 Plinio.
1527 2466 1654 2529 Contra
1667 2469 1815 2533 Priscia-

393 2593 456 2637 nus
491 2572 644 2638 Turiam
675 2569 807 2651 inquit,
837 2566 900 2648 qui
927 2565 1139 2627 accusativus
1171 2564 1356 2673 masculini
1384 2578 1434 2630 est
1455 2571 1610 2654 generis,
1638 2592 1707 2634 non
1728 2595 1814 2639 neu·

396 2678 515 2744 ttius.»
534 2680 645 2745 Graeci
663 2694 802 2759 quoque
821 2670 1007 2755 scriptores
1025 2654 1157 2747 Θουρίων
1176 2680 1329 2752 trevam
1347 2673 1512 2741 scribunt.
1543 2690 1648 2753 -14.-
1668 2678 1814 2743 Eodem

395 2804 495 2849 anno
522 2782 561 2848 in
584 2778 807 2851 Macedonio
833 2781 900 2842 hoc
924 2796 1017 2841 anno
1043 2778 1085 2838 U.
1109 2780 1145 2839 C.
1161 2778 1386 2843 DCLXXVIII
1410 2782 1467 2845 rel
1494 2782 1638 2844 LXXIX.
1658 2790 1814 2868 gestumr

309 2888 314 2896 ’
393 2892 540 2957 dubium
562 2894 661 2957 enim·
679 2899 747 2968 est,
775 2884 860 2951 num
880 2884 984 2949 Curio
1000 2883 1121 2948 consul
1141 2904 1186 2947 an
1204 2887 1652 2966 proconsulMacedoniam
1669 2890 1818 2973 provin-

393 2998 484 3063 ciam
505 2996 639 3062 adierit.
659 3000 711 3061 De
734 2995 910 3060 Dardania
935 2992 995 3056 cir.
1017 2990 1140 3053 Strabo
1162 2992 1241 3055 Rer.
1266 2989 1460 3078 Geograph.
1480 2993 1558 3057 Lib.
1579 2996 1653 3058 Vll.
1681 3015 1716 3079 p.
1742 2998 1822 3059 316.

291 3127 306 3147 ·
395 3105 456 3165 Ed.
479 3102 567 3163 Alm.
589 3097 695 3167 dicto·
711 3102 879 3187 pecunioe
898 3101 922 3164 i.
951 3120 979 3165 e.
1002 3097 1188 3182 imperatae.
1209 3099 1342 3160 Nonius
1360 3100 1479 3161 diceas
1496 3098 1680 3179 promissas
1703 3100 1821 3167 inter·

393 3216 567 3295 pretatur,
587 3209 711 3273 melius
724 3210 877 3272 Cottius:
899 3202 1125 3267 constitutas
1149 3209 1182 3265 et
1205 3199 1440 3299 proscriptas,
1464 3202 1717 3284 Phaedrumque
1737 3206 1821 3273 lau-

392 3318 468 3402 dat,
488 3334 518 3396 4.
537 3333 567 3394 4.
589 3320 704 3392 toret
723 3314 851 3373 dictam
870 3308 983 3372 ventri
1008 3309 1192 3372 conferent
1214 3305 1408 3390 pecuniam.
1439 3304 1538 3367 -rii-
1556 3307 1628 3369 Sed
1658 3305 1731 3391 ipsi
1760 3310 1821 3402 se·

392 3431 484 3485 runt
499 3430 661 3485 taurum.
680 3415 848 3479 Salustius
859 3415 897 3478 in
907 3414 1075 3480 Sardiniae
1092 3413 1161 3477 situ
1176 3410 1402 3475 describendo
1418 3409 1521 3473 etiarn
1537 3413 1581 3476 de
1600 3412 1716 3478 insula
1731 3419 1820 3485 Cor-

392 3526 463 3590 sica
481 3527 590 3614 egisse
602 3523 805 3603 fabulasque
822 3541 975 3586 narrasse
990 3523 1146 3598 videtur,
1158 3539 1235 3602 qnae
1249 3521 1291 3581 de
1307 3528 1378 3599 ejus
1388 3515 1651 3598 antiquitatibus
1666 3523 1817 3590 circum·

347 3688 354 3702 ,
394 3628 594 3697 ferebantur
614 3630 674 3695 cir.
686 3628 778 3722 infra
797 3629 919 3719 fragm.
935 3631 1002 3693 inc.
1024 3650 1102 3702 2223
1123 3626 1253 3689 similia
1266 3626 1369 3688 habet
1382 3623 1574 3706 Stephanus
1590 3628 1633 3691 de
1647 3629 1815 3695 urbibus:

395 3727 530 3837 xc'pmc,
550 3744 640 3830 viror
657 3744 690 3818 ἐν
708 3743 756 3846 τῷ
774 3744 948 3849 'ruffiniani
965 3726 1137 3833 πελάγει,
1167 3728 1242 3810 εἰπὲ
1261 3724 1382 3834 Κίρτης
1400 3723 1513 3825 δούλης
1528 3726 1694 3827 davaiaco
1712 3727 1815 3837 λε’γι-

394 3887 452 3936 rctr
480 3857 541 3935 uxi
561 3853 709 3959 Kapriaif
733 3904 752 3920 ·
766 3872 812 3934 ιθ.
823 3904 840 3916 -
859 3866 987 3932 ncilla
1003 3876 1115 3931 tauro
1127 3861 1241 3950 paria
1254 3858 1348 3943 sine,
1370 3881 1416 3925 ne
1429 3884 1493 3947 pro
1514 3863 1644 3928 nedum
1658 3865 1813 3949 positum

395 3994 467 4042 esse
486 3974 690 4062 interpretes
710 3976 996 4042 animadvertunt.
1026 3977 1153 4038 Donat.
1174 3972 1233 4033 Ed.
1264 3970 1411 4032 Froben.
1446 3972 1532 4050 1592.
1545 3966 1687 4051 pariter.
1717 3974 1813 4036 Was·

395 4083 466 4148 aius
486 4080 632 4168 ..pavito
648 4080 697 4147 sit
716 4086 810 4166 quod
828 4082 1018 4165 Pasiphaen
1037 4091 1071 4145 et
1095 4079 1329 4143 Minotaurum
1349 4076 1516 4240 cogitat?
1544 4076 1725 4158 additque:
1755 4078 1812 4142 sin
1932 4140 1938 4153 ,

396 4190 528 4277 minus,
550 4194 596 4254 ad
617 4191 796 4254 Lucullum
823 4186 930 4274 refer,
951 4188 1013 4270 qui
1040 4196 1176 4251 taurum
1198 4154 1351 4264 EUWU
1401 4149 1584 4261 *ᾱβῶῒῆρῑῶ
1606 4156 1722 4238 ἔθνη·
1739 4178 1813 4255 Alit

389 4305 533 4377 parata
551 4298 607 4363 rel
623 4305 743 4381 parta
764 4294 903 4379 legunt,
935 4302 970 4361 et
994 4296 1051 4360 vel
1070 4296 1137 4359 hoc
1157 4290 1202 4357 ad
1225 4292 1398 4359 Corsicam
1413 4288 1564 4355 insrdam
1588 4309 1609 4352 a
1628 4297 1727 4353 tauro
1751 4290 1813 4351 de-
