4050 5009
349 420 422 512 250
520 422 526 432 ’

392 639 440 700 47.
467 611 645 700 impotens
673 621 707 677 et
734 612 861 679 nimius
889 613 998 678 animi
1018 615 1062 680 H.
1083 617 1140 680 Ν.
1164 639 1194 701 7.
1231 617 1342 681 malus
1368 617 1407 682 ttt
1429 609 1633 704 improbior·
1649 629 1682 692 3.
1705 637 1760 699 br.

388 725 472 810 imp.
493 721 766 802 intestabilisque
788 725 837 800 67.
859 720 942 806 imp.
963 723 1159 806 patibulum
1182 723 1225 785 Η.
1249 725 1304 788 lV.
1331 729 1380 807 37.
1410 726 1551 817 largitio
1573 732 1702 798 famosa
1721 747 1759 801 et

388 825 574 912 impudens
593 829 623 889 3.
648 829 695 888 46.
716 823 936 911 impudicus,
957 828 1095 890 adulter
1108 831 1144 889 C.
1164 843 1212 903 44.
1233 826 1444 918 impugnati
1462 838 1757 907 semelCretensea

387 937 431 999 H.
452 937 508 999 tv.
534 949 579 995 44.
602 929 758 1015 impulsu
780 932 925 1010 alicujus
944 935 975 993 J.
996 955 1047 1012 7ο.
1069 930 1215 1016 impune
1235 934 1397 1014 injuriam
1420 939 1574 1026 accipere
1595 947 1643 1012 3ι.
1672 945 1760 1031 imp.

335 1051 338 1060 ’
390 1041 543 1106 iaeinora
571 1040 741 1123 suscipere
762 1038 808 1101 ib.
842 1034 1043 1122 impunitas
1066 1040 1138 1118 ejus
1160 1040 1214 1104 rei
1235 1043 1272 1103 C.
1294 1043 1340 1104 so.
1359 1043 1389 1103 J.
1411 1045 1461 1107 64.
1495 1045 1658 1130 impurus
1679 1051 1761 1113 ani.

391 1167 466 1211 naus
491 1154 538 1213 46.

349 1255 396 1320 In
421 1253 453 1336 4)
474 1275 502 1317 c.
528 1253 596 1315 abl.
617 1251 654 1316 in
679 1250 926 1336 cupiditatibus
942 1253 1067 1315 ardens
1088 1253 1126 1312 C.
1148 1253 1178 1314 5.
1205 1250 1382 1337 inagmine
1399 1255 1617 1337 4414444396.
1631 1257 1670 1320 in
1684 1257 1761 1326 acie

393 1365 441 1434 64.
464 1359 502 1421 in
523 1366 642 1442 aperto
665 1360 693 1420 6.
716 1357 753 1419 in
776 1357 897 1420 diebus
914 1362 961 1421 48.
985 1358 1024 1420 in
1044 1356 1179 1422 familia
1199 1361 1294 1439 quod
1315 1357 1381 1419 tuit
1404 1375 1451 1433 44.
1472 1359 1510 1420 in
1532 1360 1682 1445 imperio
1700 1385 1759 1429 re·

393 1471 464 1527 stro
488 1479 536 1537 44.
558 1468 607 1544 74.
630 1466 666 1526 C.
684 1489 710 1525 4.
734 1467 783 1525 54.
806 1464 844 1526 iu
865 1463 1102 1549 legationibus
1121 1465 1153 1524 3..
1169 1479 1220 1539 4ο.
1242 1463 1279 1524 in
1301 1463 1501 1548 magistrata
1522 1467 1556 1526 C.
1571 1471 1621 1546 39.
1642 1470 1680 1530 in
1703 1469 1759 1534 in·

393 1579 485 1633 certo
507 1571 634 1632 habere
655 1583 703 1641 44.
732 1569 770 1630 in
791 1569 971 1653 suppliciis
992 1571 1137 1632 deorum
1166 1567 1341 1654 magnifici
1362 1590 1390 1649 9.
1418 1571 1457 1632 in
1477 1591 1536 1656 spe
1556 1573 1683 1635 habere
1703 1577 1756 1636 3ι.

394 1673 430 1738 iu
458 1673 578 1737 amicis
598 1677 629 1738 h.
659 1677 688 1736 J.
711 1699 741 1758 7.
765 1678 811 1736 46.
834 1676 873 1738 in
895 1675 956 1738 tali
979 1685 1132 1758 ternpore
1151 1677 1187 1736 C.
1210 1679 1260 1751 48.
1293 1675 1330 1738 in
1350 1675 1551 1740 hominibus
1572 1677 1691 1762 impiis
1712 1681 1755 1744 de

391 1799 493 1865 poena
515 1779 685 1842 disserunt
708 1785 756 1842 54.
780 1781 1019 1846 misericordes
1038 1782 1076 1845 in
1097 1782 1231 1844 iuribus
1253 1780 1365 1845 aerarii
1388 1785 1436 1844 64.
1469 1785 1538 1846 1444
1559 1802 1629 1845 non
1651 1783 1691 1845 in
1711 1785 1756 1846 Μ.

397 1885 514 1948 Tullio
535 1903 659 1946 vereor
675 1901 724 1959 44.
745 1886 783 1947 iu
805 1907 929 1972 magna
951 1886 1050 1971 copia
1068 1911 1094 1948 a.
1115 1888 1153 1950 in
1175 1885 1248 1949 illis
1269 1886 1338 1948 fuit
1355 1887 1522 1970 sapientia
1543 1889 1577 1949 C.
1591 1891 1639 1950 64.
1659 1888 1689 1950 3.
1707 1889 1764 1961 46.

398 1990 437 2053 in
460 1989 683 2053 multitudine
702 1993 734 2052 J.
757 2005 806 2062 44.
828 1991 865 2052 in
886 1992 1009 2075 primis
1031 1995 1069 2055 G.
1088 1995 1139 2054 6ο.
1160 2010 1189 2068 4.
1216 1992 1255 2053 io
1276 1991 1406 2054 artibus
1425 1991 1494 2055 suis
1512 2011 1709 2077 permanere
1728 1995 1761 2057 J.

397 2106 426 2162 8.
447 2095 484 2159 in
507 2095 616 2158 oculis
636 2096 709 2159 sitae
730 2096 864 2161 divitie
880 2102 915 2161 C.
938 2115 987 2162 4ο.
1020 2097 1058 2159 in
1080 2097 1230 2160 maximo
1253 2096 1400 2182 imperio
1421 2098 1567 2184 gloriam
1588 2099 1711 2181 putare'
1730 2117 1760 2162 4.

395 2201 434 2265 in
454 2221 546 2266 novo
566 2201 714 2265 consilio
735 2223 806 2266 non
826 2205 929 2266 statui
955 2203 1193 2268 defensionem
1214 2223 1336 2290 parare
1356 2208 1414 2268 ³5.
1441 2205 1475 2286 4)
1497 2225 1574 2268 curu
1595 2224 1702 2267 accus.
1722 2203 1763 2267 in

396 2327 466 2371 una
487 2308 612 2371 moenia
633 2310 818 2372 convenire
832 2313 907 2373 (1.6.
930 2309 968 2371 io
991 2310 1163 2392 reliquum
1177 2313 1208 2372 J.
1224 2297 1274 2386 44.
1295 2311 1333 2372 iu
1354 2330 1426 2373 sese
1448 2309 1679 2373 matuificentia
1695 2314 1763 2383 446,

398 2411 505 2476 invos
517 2416 640 2477 oedem
656 2413 735 2478 iecit
751 2416 847 2477 34144
861 2415 1246 2498 44111444447444114144136.
1261 2416 1298 2476 iu
1308 2413 1485 2476 audaciam
1498 2415 1759 2478 exercitatusbo.

399 2518 437 2580 in
447 2517 690 2582 conscientiam
703 2523 828 2586 ducere
842 2524 872 2583 3.
889 2525 937 2584 et.
948 2519 1008 2583 cir.
1028 2523 1073 2593 44.
1088 2519 1165 2581 init.
1184 2519 1221 2580 in
1232 2521 1364 2581 bostem
1377 2506 1530 2602 pugnare
1542 2523 1576 2580 G.
1590 2541 1619 2598 9.
1630 2519 1667 2579 io
1682 2539 1761 2581 sen·

398 2623 540 2686 tentiam
563 2627 689 2688 addere
711 2634 759 2691 64.
781 2628 892 2690 stu'dia
914 2627 951 2686 in
973 2625 1047 2705 aliq
1075 2643 1213 2686 accensa
1233 2627 1264 2684 3.
1287 2626 1316 2684 6.
1346 2623 1384 2683 in
1404 2621 1479 2684 die's
1499 2625 1535 2684 C.
1559 2629 1586 2685 6.
1607 2622 1636 2682 3.
1658 2641 1687 2701 7.
1711 2626 1761 2698 44.

361 2727 491 2794 inania
508 2733 612 2794 homo
637 2743 669 2794 et
691 2735 792 2818 regite
814 2729 982 2815 superbiae
1007 2737 1055 2805 64.
1078 2725 1249 2792 incautos
1270 2744 1371 2813 agros
1391 2725 1528 2790 invasit.
1543 2729 1587 2789 H.
1607 2725 1675 2790 inc.
1697 2746 1763 2798 444.

360 2831 534 2900 Incedere
553 2839 721 2922 paulatim
738 2841 942 2904 cohortesc.
958 2841 1008 2899 6ο.
1031 2835 1166 2899 munito
1187 2835 1324 2921 agmine
1339 2837 1368 2897 3.
1382 2838 1430 2907 46.
1453 2834 1622 2912 quadrato
1642 2853 1674 2895 a.
1694 2834 1764 2896 ine.

379 2981 383 2990 ·
405 2947 471 3015 root
492 2945 603 3007 acrius
624 2946 659 3007 in
682 2947 857 3029 perculsos
881 2965 946 3008 aot.
969 2943 1165 3028 frequentes
1184 2964 1213 3004 c.
1233 2940 1341 3027 signis
1354 2945 1404 3022 46.
1420 2940 1662 3025 tantoegmine
1678 2941 1762 3008 ill.

406 3049 450 3108 45.
472 3046 635 3113 incedunt
656 3072 719 3133 per
739 3073 799 3115 ora
818 3063 930 3116 vestra
953 3042 1128 3139 magnifici
1148 3051 1177 3113 3.
1199 3053 1249 3113 34.

295 3207 302 3216 ,
362 3149 568 3216 Iners-serat
590 3164 683 3217 tanta
703 3158 831 3240 cupido
852 3158 972 3243 glorie
995 3162 1032 3220 0.
1054 3182 1083 3238 7.
1104 3156 1219 3218 libido
1240 3157 1284 3214 43.
1307 3152 1411 3214 timor
1430 3153 1480 3212 34.
1501 3149 1641 3213 lascivia
1661 3158 1763 3234 atque

401 3258 562 3339 superbia
582 3263 612 3327 J.
635 3279 684 3337 44.
707 3263 825 3347 inopia
848 3264 965 3323 ambos
987 3263 1031 3319 H.
1053 3263 1108 3321 lv.
1134 3279 1180 3317 44.
1214 3258 1374 3318 incessus
1393 3254 1499 3336 citus,
1521 3259 1638 3318 tardus
1657 3259 1693 3317 C.
1717 3263 1764 3322 46.

364 3359 562 3432 Incendere
577 3366 792 3442 juventutem
821 3369 865 3426 ad
893 3363 1049 3441 facinora
1076 3365 1112 3422 C.
1138 3365 1186 3422 43.
1215 3358 1445 3442 pollicitando
1468 3359 1516 3420 38.
1546 3361 1692 3445 patriam
1715 3363 1767 3424 64.

403 3469 570 3536 morando
592 3469 670 3552 aliq.
692 3475 719 3535 3,
743 3477 792 3537 46.
813 3464 981 3546 incendia
1003 3484 1126 3550 parare
1147 3467 1182 3526 C.
1207 3487 1254 3546 47.
1276 3463 1424 3527 baberi
1447 3469 1495 3527 64.
1518 3463 1707 3532 instaurare
1723 3469 1768 3531 H.

405 3573 430 3632 1.
455 3593 502 3652 49.
524 3574 722 3640 incendium
738 3576 839 3640 ruina
859 3573 1075 3660 exstinguere
1095 3575 1132 3640 C.
1152 3577 1202 3636 34.
1222 3570 1401 3633 incensum
1414 3570 1621 3655 Capitolium
1644 3594 1692 3653 49.
1716 3588 1766 3653 47.

406 3675 489 3740 odio
510 3675 679 3744 incensus
700 3699 748 3762 49.

365 3777 560 3862 inceperat
580 3787 792 3850 deditionem
814 3787 844 3847 3.
867 3809 919 3868 7ο.
939 3784 1071 3848 lacinus
1084 3786 1121 3845 C.
1139 3803 1186 3845 4ο.
1207 3801 1312 3866 prava
1332 3782 1362 3841 3.
1386 3785 1434 3857 64.
1456 3780 1588 3846 bellum
1608 3783 1658 3845 33.
1678 3801 1774 3864 prta-

408 3884 494 3952 llum
518 3893 573 3971 57.
593 3889 636 3949 ab
658 3889 796 3971 incepto
818 3893 972 3956 detinere
985 3875 1029 3952 ³C.
1051 3893 1080 3964 4.
1111 3891 1178 3953 inc.
1198 3887 1324 3952 frustra
1344 3899 1393 3952 est
1425 3867 1459 3951 J:
1478 3892 1527 3952 64.
1547 3911 1576 3969 7,
1604 3885 1771 3972 perficere

408 3999 436 4055 3.
459 3999 578 4058 used
595 3995 660 4060 inc.
683 3997 786 4057 redeo
808 3999 836 4068 4.
859 4009 976 4060 contra
997 3998 1066 4060 inc.
1086 3994 1204 4059 venire
1225 4001 1273 4062 46.

371 4095 519 4161 Incerto
550 4099 691 4183 praemia
721 4101 756 4160 C.
779 4102 1031 4188 41.vectigalia
1062 4103 1165 4166 bellis
1187 4093 1254 4170 inc.
1276 4103 1320 4164 H.
1342 4101 1410 4164 inc.
1433 4099 1480 4178 ’47.
1497 4100 1664 4190 Ι1444441444
1689 4098 1714 4162 ἰ.
1739 4119 1776 4164 e..

410 4193 471 4282 iqui
493 4200 672 4288 ignoratur
692 4205 723 4267 J.
737 4205 794 4285 Ι49.
825 4209 963 4272 sedibus
985 4208 1052 4272 inc.
1073 4207 1191 4293 vagari
1213 4209 1249 4272 C.
1270 4207 1456 4291 6.¹'proelio
1477 4203 1644 4268 ludificati
1665 4209 1696 4268 3.
1720 4207 1769 4266 50.

408 4305 508 4371 voltu
526 4326 656 4394 pavens
679 4309 898 4378 4461444144
919 4315 963 4378 H.
982 4317 1040 4384 Ν.
1063 4317 1113 4378 43.
1132 4313 1248 4382 varius
1269 4314 1487 4396 incertusque
1506 4307 1699 4398 agitabatur
1718 4311 1770 4394 74.

553 4583 567 4662 1
