4050 5009
1593 408 1646 509 ⁶9

232 592 362 676 iectivo
375 587 568 680 coniuncti,
588 588 768 659 nonnullis
778 596 892 659 tamen
899 587 986 657 12212
998 588 1229 677 apeatefinem
1238 596 1274 659 et
1285 589 1473 659 2222111222
1486 592 1655 685 designet.

238 700 368 783 Neque
389 694 483 763 mihi
500 693 595 765 sutis
616 695 765 769 consilii
780 697 886 766 2211.
908 718 938 765 2.
955 697 1047 761 haud
1061 694 1164 763 facile
1185 700 1404 781 decerneres,
1424 704 1655 787 2222222211·

237 804 356 871 berari
378 826 450 871 non
477 814 608 893 potest,
632 804 759 873 similis
778 814 829 873 eat
857 804 1026 873 formulas
1054 812 1106 873 est
1131 804 1202 871 mei
1223 805 1382 884 comdiie
1410 807 1581 877 secordia
1603 812 1654 879 112

240 912 349 981 Vatic.
370 929 402 977 2.
422 920 458 981 21
473 914 608 977 8211121.
629 906 880 1001 possidemini
897 907 1043 977 intenta
1061 914 1180 993 mala,
1200 932 1308 996 quast
1301 908 1487 1005 fulmen
1510 924 1654 1006 optare,

242 1036 282 1083 22
297 1012 449 1102 quiaque
470 1041 516 1085 ne
529 1020 708 1110 attingat.
726 1020 802 1147 hep
825 1038 867 1085 ex
890 1018 1008 1085 Graeco
1022 1036 1203 1147 expressa,
1222 1041 1298 1145 222
1314 1023 1495 1087 commode
1512 1022 1654 1091 112222·

240 1130 322 1191 fere
330 1123 431 1191 licet:
451 1153 479 1199 ιι
472 1114 680 1199 domist
632 1152 681 1198 22.
697 1108 849 1222 2221122
864 1111 983 1204 med,
1004 1120 1051 1209 cic
1068 1113 1235 1221 22222212,
1255 1108 1378 1209 ἰἰιιιεος
1395 1110 1653 1227 21242921,μῆ

234 1236 364 1319 καθ’
347 1232 464 1319 neceb
482 1232 625 1337 yimrm.
648 1262 726 1341 apte
741 1253 888 1320 contulit
900 1256 1069 1321 Grutcms
1078 1256 1124 1319 ad
1139 1254 1215 1320 Lrv
1225 1276 1252 1319 ι
1269 1258 1328 1334 ³83
1341 1254 1652 1325 Demosthenl’bi·

247 1377 374 1465 11228.
389 1383 442 1461 48
467 1347 554 1438 αλλ’
573 1394 663 1466 optus
679 1359 823 1445 tati-i’¹
806 1368 935 1467 optimc
961 1368 989 1443 oi
1001 1352 1156 1456 Ἦληνες
1182 1354 1359 1462 dtixerm
1385 1366 1446 1444 221
1463 1357 1518 1443 tit
1535 1354 1653 1466 ‘reem

234 1466 329 1583 imre
359 1513 387 1559 ιι
414 1471 467 1571 nir
493 1472 706 1580 xiicim*
688 1514 805 1591 εμοιγι
832 1482 961 1565 δοκοῦσι
979 1475 1320 1631 ,92221212221222
1338 1520 1387 1593 μη
1377 1476 1653 1577 2291222212

232 1628 352 1687 sedeo
378 1593 561 1703 γενέσθαι»
589 1596 724 1688 minito
744 1604 774 1687 d*
793 1605 925 1697 oidtlc'
908 1638 1091 1711 επιχειρωι.
1119 1622 1205 1708 Quae
1225 1622 1289 1707 qui
1307 1644 1386 1690 cum
1403 1622 1538 1687 Latinis
1554 1639 1651 1685 eom·

229 1714 406 1805 paraverit
425 1724 576 1791 82122112
595 1726 747 1812 palmam
773 1728 890 1794 deberi
912 1750 982 1794 non
1004 1728 1165 1815 negabit,
1185 1728 1316 1814 quippe
1338 1728 1402 1813 qui
1425 1738 1460 1793 et
1481 1736 1562 1813 apta
1576 1742 1652 1793 rer·

230 1828 358 1893 borum
371 1832 621 1918 compositione
637 1842 671 1899 et
688 1834 856 1901 brevitate
872 1834 1044 1900 orationis
1060 1843 1094 1900 et
1107 1836 1286 1901 sententiae
1302 1834 1537 1899 concinnitate
1553 1834 1650 1899 or»

231 1954 272 2003 22
289 1936 396 2025 longe
415 1940 604 2027 superavit3
626 1948 777 2007 ceterum
794 1945 895 2007 mola
912 1939 1059 2007 intenta
1080 1940 1263 2021 dicuntur,
1284 1962 1362 2024 quae
1378 1942 1510 2006 instant
1527 1948 1562 2004 et
1580 1938 1649 2003 im·

233 2042 376 2111 minent.
399 2046 459 2109 cfr.
482 2046 552 2111 Cic.
575 2047 615 2111 in
631 2048 700 2111 Pis.
721 2067 757 2111 a:
782 2047 917 2112 intenta
944 2048 1013 2113 tela
1034 2046 1169 2133 jugulis
1193 2048 1362 2129 civitatis,
1387 2057 1422 2132 ct
1439 2048 1517 2113 Vel.
1538 2044 1648 2109 Flacc.

232 2146 363 2237 Argon.
395 2151 425 2209 5.
451 2154 524 2221 812.
556 2170 623 2211 nex
651 2152 793 2213 intenta.
814 2172 924 2231 quam
955 2172 1134 2235 convorsa
1160 2171 1284 2213 rerum
1310 2157 1453 2212 natura
1481 2146 1544 2209 sit.
1569 2148 1595 2209 i.
1618 2164 1649 2211 2.

233 2266 341 2331 quem
363 2238 527 2311 conversa
545 2247 747 2331 reipublicae
772 2250 1054 2309 administrandae
1077 2250 1237 2309 condicio
1256 2250 1311 2309 sit.
1329 2252 1398 2310 sed
1412 2254 1487 2309 222
1501 2248 1650 2333 plenius,

231 2359 271 2416 ut
289 2351 401 2415 multa
417 2353 487 2415 2112
503 2352 702 2415 dictasunt.
720 2352 788 2415 Sed
802 2350 859 2414 rel
876 2350 933 2413 bis
950 2350 1065 2414 verbis
1081 2369 1203 2413 eorum
1222 2346 1398 2434 ignaviam
1414 2359 1566 2431 accusat,
1586 2352 1650 2437 qui

231 2457 360 2523 timore
379 2456 570 2543 compulsi,
589 2478 635 2523 ne
655 2456 694 2521 id
715 2455 859 2538 quidem
879 2453 1020 2537 exsequi
1041 2456 1235 2532 audebant,
1258 2474 1337 2536 quse
1355 2456 1557 2540 reipublice
1581 2458 1651 2525 uti·

227 2564 279 2631 112
300 2580 372 2631 esse
392 2563 656 2644 intellexerunt3
679 2560 859 2644 sequentia
880 2558 975 2625 enim
1001 2580 1075 2623 rem
1097 2559 1283 2643 explicant:
1304 2554 1500 2651 nisiforte
1515 2565 1650 2647 pudet·

226 2665 534 2761 rectesacere.,-
546 2690 626 2752 pax
646 2675 682 2733 21
700 2661 903 2734 concordia
923 2666 972 2729 112
990 2666 1101 2733 Vatic.
1121 2686 1150 2727 ι.
1173 2686 1202 2728 ι.
1221 2666 1381 2751 copulam
1403 2668 1576 2735 editiones
1591 2689 1648 2739 re·

229 2775 402 2840 centiores
425 2776 600 2839 omittunt.
613 2808 656 2829 -
681 2774 745 2843 An
771 2768 902 2858 Lepidi
926 2774 1107 2837 mandata
1134 2778 1197 2835 ete.
1216 2772 1356 2837 Scilicet
1380 2775 1533 2857 lepidus
1550 2778 1648 2843 baud

238 2879 345 2945 dubie
366 2879 497 2963 legatos
512 2881 661 2941 Romam
683 2879 842 2959 miserat,
860 2876 923 2956 qui
941 2877 1037 2958 pacis
1052 2875 1275 2935 condiciones
1294 2874 1429 2933 senatui
1444 2881 1647 2959 populoque

229 2984 390 3044 Romano
415 2990 669 3063 proponerent,
698 2984 794 3037 etde
816 2980 954 3055 legibus
978 2971 1151 3067 Corneliis
1170 2972 1377 3059 abrogandls
1397 2987 1559 3063 agerent}
1576 2984 1646 3049 hoe

230 3085 328 3153 enim
349 3084 452 3147 illurn
477 3081 687 3167 postulasse,
717 3096 759 3140 ex
780 3074 1003 3155 sequentibus
1022 3071 1241 3141 manifestum
1263 3088 1323 3145 est.
1349 3077 1532 3150 civitatem
1555 3106 1644 3155 con·

226 3185 397 3273 firmari,
417 3185 550 3271 quibua
563 3185 769 3265 ademptam
794 3187 917 3269 negat.
933 3182 1000 3243 hoc
1019 3200 1062 3246 eo
1083 3180 1253 3277 pertinet,
1274 3188 1368 3265 quod
1384 3190 1533 3273 Lepidus
1548 3194 1643 3281 leges

230 3294 409 3362 Cornelias
424 3301 525 3357 antea
536 3295 718 3377 negaverat
728 3292 818 3349 ratas
836 3304 908 3350 esse
926 3285 1121 3369 habendas,
1140 3297 1259 3369 postea
1276 3297 1408 3366 autem,
1427 3311 1506 3355 cum
1519 3300 1563 3361 de
1579 3316 1644 3382 pa·

229 3423 269 3469 ce
294 3400 532 3485 componenda
553 3402 731 3479 ageretur,
752 3390 943 3475 civitatem,
963 3412 1040 3472 quae
1061 3391 1187 3457 iisdem
1207 3394 1361 3481 legibus,
1387 3399 1539 3463 Etruscis
1559 3400 1643 3469 ciri·

227 3508 358 3573 tatibus
377 3510 536 3589 adempta
553 3490 687 3584 luerat,
714 3498 842 3562 iterum
861 3497 1096 3561 confirmatam
1119 3500 1242 3564 voluit.
1264 3501 1388 3584 plebei
1401 3502 1640 3575 tribuniciam

225 3619 450 3701 potestatem
468 3604 625 3673 restitui.
642 3604 760 3694 plebei
782 3606 877 3687 quod
888 3604 1145 3689 antiquioribus
1165 3607 1378 3674 editionibus
1398 3612 1564 3676 omissum
1578 3624 1638 3704 est,

158 3768 170 3783 .
229 3720 339 3784 codd.
360 3714 529 3796 retinent,
547 3714 727 3778 confirmat
750 3712 961 3796 Priscianus,
981 3712 1109 3795 etipsa
1131 3710 1298 3775 orationis
1320 3716 1535 3782 concinnitas
1555 3721 1639 3787 satis

156 3844 160 3853 ’
230 3820 398 3889 defendit.
425 3838 516 3902 quos
528 3821 721 3906 perfidem
750 3824 818 3882 221
832 3814 1004 3905 perjurio
1026 3816 1192 3895 violasti,
1212 3818 1384 3905 signifieat
1407 3822 1511 3890 fidem
1530 3847 1550 3890 e
1570 3830 1637 3894 Le·

229 3928 312 4014 pido
336 3925 471 3993 senatui
499 3926 634 4010 datam,
653 3945 689 3991 se
716 3946 794 3988 cum
820 3924 942 3986 Catulo
969 3924 1012 3985 de
1033 3922 1181 3987 civitatis
1203 3925 1314 3989 forma
1340 3936 1504 3994 mutanda
1528 3932 1635 3995 armis

230 4053 304 4099 non
328 4052 398 4097 esse
414 4028 645 4111 'certaturum
672 4050 776 4113 quam
796 4030 902 4095 fidem
923 4050 1007 4099 cum,
1021 4029 1198 4095 fefellisset
1218 4034 1342 4098 rectius
1359 4037 1553 4121 perjurium
1578 4036 1632 4099 di·

215 4140 392 4219 'eebatur3
421 4138 470 4201 112
493 4137 579 4202 fides
601 4136 723 4222 sepius
750 4144 943 4223 usurpatur.
978 4135 1038 4201 cfr.
1070 4137 1180 4201 Plaut.
1200 4140 1349 4209 Mostell.
1370 4158 1399 4206 2.
1422 4160 1452 4205 2.
1469 4143 1528 4215 683
1558 4137 1632 4205 112.

231 4268 259 4317 ι.
279 4264 318 4328 9²
337 4264 401 4333 per
417 4243 467 4311 fas
482 4252 516 4313 et
533 4243 640 4311 fidem
660 4243 806 4331 decepti.
826 4242 886 4311 cir.
907 4242 1115 4311 Periaonad
1133 4246 1244 4312 Sanct.
1260 4268 1288 4314 r.
1311 4248 1361 4314 18.
1379 4255 1414 4314 et
1432 4248 1567 4311 Gruter.
1586 4248 1632 4315 ad
