4050 5009
1473 356 1544 446 243

158 529 403 636 neutiquam
424 560 463 611 se
478 534 535 612 ibi
554 535 641 612 cibo
656 536 824 639 vinoque
837 534 914 611 laeti
926 535 1143 611 invitarent.
1160 576 1210 597 -
1237 537 1293 608 53.
1318 530 1444 633 Atque
1463 527 1550 603 hia·

156 650 206 727 vit
222 652 365 733 humus
380 659 521 751 multa,
534 676 637 735 vasta
658 676 696 735 et
712 659 915 764 profunda.
939 708 990 724 -
1017 664 1073 753 54.
1098 660 1240 732 Rursus
1265 657 1436 729 iumenta
1457 680 1548 729 nac-

156 772 183 849 ti
199 777 251 853 ad
266 780 453 887 oppidum
473 783 529 858 ire
548 782 797 859 contendunt.
822 828 874 846 -
902 780 959 858 35.
984 780 1059 856 Ubi
1071 806 1110 857 se
1131 780 1275 857 laniata
1293 778 1441 881 navigia
1459 776 1549 853 lian-

156 896 201 975 do
215 922 487 1007 emergunt-
512 908 569 981 36.
587 907 689 981 Tum
711 931 799 980 vero
821 904 977 1009 Bithyni
990 904 1293 1009 propinquantes
1306 903 1549 977 iemamnem

58 1125 59 1128 Ἴ
155 1023 387 1102 Tartaninm.
405 1078 457 1097 ...
481 1034 539 1129 37.
566 1032 613 1103 In
624 1029 710 1132 quis
722 1030 951 1104 notissumus
965 1028 1126 1133 quisque
1137 1044 1207 1102 aut
1215 1026 1317 1101 malo
1332 1024 1550 1130 dependens

58 1135 62 1206 l
154 1150 437 1242 verberabatur,
463 1167 532 1227 aut
551 1152 784 1227 immutilato
803 1177 962 1256 corpore
989 1151 1166 1254 improbo
1185 1149 1361 1255 patibulo
1379 1150 1549 1225 eminens

154 1256 395 1379 adfigebatur.
418 1324 471 1341 --
496 1280 552 1351 38.
579 1275 639 1351 sd
673 1274 843 1352 Siciliam
876 1298 1033 1379 vergens
1064 1274 1239 1349 faucibus
1275 1298 1355 1348 non
1385 1273 1550 1377 amplius

59 1453 60 1458 ,
154 1412 256 1501 patet
272 1397 445 1473 millibus
457 1399 633 1503 quinque
649 1413 689 1473 et
708 1396 875 1503 triginta.
893 1436 952 1456 -
978 1402 1034 1493 59
1061 1397 1188 1472 Clausi
1210 1397 1391 1473 lateribus
1409 1396 1545 1501 pedem

155 1518 245 1596 altis
270 1566 322 1581 -
345 1526 404 1615 4ο.
429 1519 667 1625 Naphtaa-
690 1528 749 1615 tr.
775 1520 920 1596 Tenuit
941 1520 1126 1596 Lucullus
1146 1518 1339 1595 thesauros
1363 1518 1550 1595 custodias

59 1674 65 1689 ·
156 1643 278 1748 regias
304 1652 444 1738 -la
470 1644 509 1719 Si
529 1644 631 1719 nibil
658 1660 749 1719 ante
770 1643 977 1721 adventum
993 1669 1108 1720 suum
1130 1642 1231 1723 inter
1253 1642 1404 1750 plebem
1425 1660 1462 1717 et
1485 1669 1551 1745 pa-

158 1782 227 1843 tres
245 1766 496 1859 convenisset,
519 1794 649 1843 coram
666 1792 704 1843 se
719 1768 903 1843 daturum
922 1794 1084 1872 operam.

762 1992 869 2066 Lru
903 1992 949 2067 V.

235 2168 263 2215 1.
286 2144 338 2215 At
348 2138 546 2228 Lucullus,
567 2137 700 2213 audito
715 2138 761 2235 Q.
776 2134 967 2211 Marcium
977 2136 1115 2237 Regem
1127 2134 1393 2211 Proconsulem
1405 2162 1475 2240 per
1482 2140 1555 2241 Ly-

159 2265 332 2341 'caoniam
356 2290 445 2338 cum
472 2263 593 2337 tribus
617 2261 829 2365 legionibus
850 2260 893 2333 in
912 2258 1086 2333 Ciliciam
1106 2257 1267 2334 tendere.
1292 2304 1344 2319 —
1368 2286 1399 2333 2.
1425 2261 1555 2367 legio-

162 2402 222 2463 nes
235 2387 452 2462 Valerianae
475 2402 689 2488 comperto,
714 2384 794 2487 lege
810 2381 979 2456 Gabinia
993 2379 1215 2483 Bithyniam
1231 2396 1270 2453 et
1284 2383 1449 2457 Pontum
1463 2409 1555 2459 con·

160 2510 230 2585 suli
248 2510 395 2599 datam,
412 2522 499 2600 sesej
512 2507 640 2581 missos
659 2531 802 2581 esse-
829 2511 859 2580 ὅ.
879 2504 1017 2607 Regem
1029 2501 1366 2578 adversabamu-
1389 2514 1422 2600 4.
1433 2508 1555 2583 Ceteri

162 2634 306 2739 negotia
326 2632 586 2735 sequebantur
601 2628 805 2702 familiaria
829 2627 1041 2731 legatorum
1063 2642 1131 2701 aut
1148 2626 1394 2703 tribunorum
1410 2646 1449 2704 et
1466 2658 1554 2733 pars

161 2782 223 2831 sua
239 2753 512 2832 commeatibus
531 2752 712 2825 mercatis.
722 2796 775 2811 -
797 2748 830 2824 5.
843 2751 894 2823 Et
907 2748 1017 2823 uxori
1032 2747 1113 2823 eius
1124 2748 1241 2825 frater
1255 2766 1345 2824 erat.
1362 2798 1414 2814 «-
1438 2756 1471 2827 6.
1481 2755 1556 2829 Sae.

164 2906 207 2981 pe
223 2879 481 2957 celebritatem
499 2871 666 2950 nominis
683 2872 861 2978 intellego
873 2871 1080 2947 timentem.
1105 2916 1157 2933 -
1183 2898 1213 2969 7.
1239 2872 1362 2947 Video
1385 2876 1554 2979 ingentia

165 3003 259 3079 dona
275 3000 477 3107 quesitum
494 2998 623 3104 gratim
640 3010 918 3101 properantem.
926 2998 1008 3070 -8.
1028 2994 1126 3067 Nam
1147 2994 1178 3068 si
1199 2994 1241 3069 in
1262 2998 1441 3100 Pompeio
1460 3001 1555 3103 quid

169 3232 277 3301 uuor,
295 3234 382 3305 mos.
399 3242 428 3293 e
446 3229 533 3314 ¹47³·
552 3229 609 3289 roc
621 3227 759 3307 mpure,
779 3224 864 3284 ruo
881 3224 1000 3303 napae
1012 3233 1067 3283 eu.
1086 3259 1130 3275 -
1150 3221 1198 3293 41.
1220 3221 1323 3303 Pomp.
1338 3222 1455 3284 comm.
1470 3226 1504 3286 r.
1517 3230 1555 3288 n.

56 3337 57 3377 i
168 3361 195 3418 p·
207 3362 270 3421 ¹90·
290 3360 357 3419 191.
379 3336 436 3398 1100
452 3336 646 3419 fragmentum
667 3331 810 3392 diversum
824 3328 862 3387 ab
875 3348 911 3387 eo
925 3350 981 3387 esse
996 3328 1129 3399 ridetur,
1144 3325 1224 3407 quod
1236 3346 1322 3407 supra
1337 3330 1486 3390 laudatum
1505 3345 1555 3393 est.

170 3444 233 3504 Nm,
249 3468 295 3510 ιο.
313 3481 358 3495 ,
378 3443 427 3513 4²·
448 3441 532 3499 prise,
555 3437 744 3511 14‚ss‚608;
766 3444 900 3513 praeterea
925 3432 1106 3490 munirrrente
1133 3433 1255 3491 madore
1284 3432 1506 3508 infirmarentur
1523 3458 1557 3497 ex

172 3562 266 3630 quarto
281 3550 348 3610 bist.
361 3546 439 3607 libro
459 3544 576 3616 laudat3
596 3542 645 3602 ssd
660 3540 720 3599 buc
734 3538 815 3597 baud
831 3536 920 3595 dubie
932 3538 970 3595 ad
989 3538 1184 3617 fragmentum
1197 3536 1215 3593 6
1226 3534 1294 3595 libri
1310 3538 1385 3596 tertii
1398 3540 1556 3603 reserenda.

56 3775 57 3800 .
257 3721 332 3786 Lrs.
352 3722 394 3781 V.
439 3738 464 3779 1.
485 3712 636 3784 Prirc.rtt,
654 3710 690 3783 l,
710 3728 776 3769 rsa.
793 3706 922 3766 lucilius
941 3706 1073 3786 plerique
1092 3682 1190 3768 coda
1218 3705 1425 3767 Proconsulem
1446 3711 1497 3771 Kr.
1526 3734 1559 3773 ex

174 3826 358 3908 liselanger.
369 3820 469 3902 Gphb.
478 3814 658 3901 proconsule
670 3801 769 3894 vulgo.
778 3848 821 3863 -
843 3832 870 3871 a.
878 3810 920 3869 id.
933 3809 1007 3869 ibid.
1015 3831 1046 3889 p.
1061 3808 1126 3867 ηδ.
1146 3810 1250 3867 dolum
1262 3809 1359 3871 codd.
1369 3812 1468 3893 Gphb.
1480 3816 1559 3877 Lan.

56 4003 57 4006 *
175 3952 227 4009 ger.
236 3931 292 3991 Erl.
302 3934 406 3991 dotem
418 3929 518 4007 vulgo.
535 3941 593 3981 esse
602 3918 700 3978 missos
710 3914 807 3975 Codd.
818 3914 898 3995 lips.
909 3912 942 3972 A.
953 3912 985 3971 u.
995 3913 1087 3994 lang.
1098 3932 1155 3973 esse
1168 3913 1267 3973 muros
1277 3934 1333 3975 esse
1347 3915 1443 3977 Godrl.
1455 3920 1557 4002 Gphb.

56 4017 57 4036 ¹
177 4028 529 4097 rtGemblac.sesemr'ssos
548 4025 657 4085 Dones.
677 4058 719 4071 —
739 4019 768 4079 ὅ.
790 4018 826 4082 C.
840 4018 967 4079 uredo.
980 4052 1023 4067 -
1043 4017 1072 4085 l.
1093 4016 1173 4081 Non.
1191 4036 1223 4091 2,
1237 4018 1305 4077 535.
1318 4020 1389 4080 ..5.
1410 4022 1445 4088 C.
1457 4024 1504 4085 Fr.
1519 4051 1559 4089 m.

56 4213 57 4216 Ἴ
180 4160 228 4201 see.
241 4140 397 4221 quium-
416 4134 445 4195 6.
467 4132 551 4193 Prisc.
567 4130 616 4189 18.
631 4128 650 4202 l
663 4166 673 4201 ,
688 4124 754 4189 113.
773 4124 875 4203 telego
887 4122 1011 4202 plurimi
1026 4118 1112 4195 libri3
1133 4120 1264 4199 intelligo
1280 4126 1385 4203 rnlgo3
1407 4130 1494 4189 etiam
1510 4154 1562 4194 η.

180 4246 363 4305 tsramaxime
375 4240 488 4303 variant
502 4236 554 4297 etr.
571 4232 623 4292 Kr.
637 4265 678 4282 -
706 4246 736 4309 7.
755 4227 797 4287 id.
819 4223 891 4292 ibid.
907 4222 1102 4303 indigentiam
1122 4226 1237 4305 aliquot
1250 4224 1329 4285 libri.
1348 4230 1499 4305 quesitum
1518 4236 1562 4301 im

1068 4351 1094 4407 ’lt
