4050 5009
1575 404 1623 501 47

225 619 282 692 to,
307 602 352 678 in
373 601 441 676 tali
464 600 636 704 periculo
663 621 758 702 opus
780 621 873 689 esse,
897 620 1030 698 seque,
1060 593 1091 668 si
1121 591 1236 695 pauci
1266 589 1507 676 adiuvarent,
1543 583 1628 658 lan·

223 725 429 831 guentibus
449 725 551 815 aliis,
577 725 762 827 impetum
784 721 824 795 in
846 719 994 794 curiam
1012 717 1215 792 facturum.
1253 715 1397 790 Nature
1417 709 1542 799 ferox,
1566 732 1628 782 ve-

226 849 400 938 hemens,
417 877 536 922 manu
550 863 748 952 promptus
761 859 860 939 erat3
883 869 1108 918 maxumum
1124 842 1271 916 bonum
1286 839 1327 913 in
1347 836 1539 914 celeritate
1556 859 1630 938 pu·

225 973 341 1048 tabat
379 971 453 1048 Sed
473 972 690 1076 Allobroges
711 997 756 1044 ex
782 985 969 1072 praecepto
991 966 1182 1044 Ciceronis
1202 993 1272 1069 per
1293 963 1508 1040 Gabinium
1532 947 1679 1037 oete-⁴⁴

223 1123 287 1174 ros
306 1096 561 1190 conveniunt3
586 1098 634 1170 ab
653 1095 828 1184 Lentulo,
852 1091 1034 1198 Cethego,
1051 1090 1215 1183 Statilio,
1246 1091 1337 1165 item
1357 1087 1480 1164 Cassio
1501 1097 1633 1188 postu·

224 1222 313 1296 lant
334 1220 620 1310 iusiurandum,
644 1219 749 1324 quod
764 1218 962 1324 signatum
975 1217 1025 1292 ad
1042 1217 1134 1293 civis
1146 1215 1363 1320 perferant:
1388 1211 1499 1287 aliter
1526 1205 1633 1282 haud

224 1345 342 1420 facile
369 1371 430 1420 eos
454 1345 504 1419 ad
528 1361 679 1419 tantum
702 1345 896 1448 negotium
920 1341 1065 1446 impelli
1090 1365 1204 1445 posse.
1244 1338 1367 1416 Ceteri
1390 1334 1492 1412 nihil
1513 1331 1634 1439 suspi-

225 1485 359 1544 cantes
377 1468 494 1542 dant:
519 1467 663 1544 Cassius
685 1485 801 1543 semet
815 1495 858 1542 eo
875 1467 977 1540 brevi
994 1482 1203 1540 venturum
1222 1463 1447 1569 pollicetur,
1463 1487 1508 1535 ac
1523 1457 1636 1563 paul-
1731 1523 1736 1534 .

225 1594 270 1668 lo
291 1609 381 1668 ante
404 1592 542 1696 legatos
564 1619 609 1666 ex
637 1593 732 1667 urbe
761 1591 1021 1694 proficiscitur.
1066 1590 1252 1665 Lentulus
1281 1613 1371 1662 cum
1396 1583 1457 1660 his
1476 1587 1517 1658 T.
1543 1582 1637 1656 Vol-

226 1716 402 1790 turcium
416 1715 621 1816 quemdam
637 1717 921 1791 Crotoniensem
934 1711 1070 1805 mittit3
1085 1729 1131 1788 ut
1142 1713 1360 1818 Allobroges
1377 1710 1503 1816 prius,
1518 1733 1637 1810 quam

226 1841 392 1916 domum
408 1855 623 1942 pergerent,
648 1865 738 1914 cum
759 1841 942 1931 Catilina,
975 1841 1064 1915 duta
1086 1855 1203 1940 atque
1227 1851 1380 1941 accepta
1409 1833 1498 1923 fide,
1521 1832 1641 1908 socie·

228 1980 351 2038 tatem
369 1961 650 2038 confirmarent
688 1967 771 2068 Ipse
790 1964 991 2039 Volturcio
1007 1964 1134 2038 literas
1151 1963 1201 2038 ad
1216 1961 1423 2038 Catilinam
1436 1957 1523 2050 dat,
1542 1983 1641 2060 qua-

228 2113 325 2162 rum
347 2089 564 2192 exemplum
585 2085 685 2161 infra
704 2087 890 2191 scriptum
908 2105 970 2163 est.
1004 2087 1112 2183 „Qui
1125 2087 1215 2177 sim,
1240 2113 1286 2162 ex
1306 2112 1371 2175 eo,
1396 2107 1511 2187 quem
1534 2079 1584 2154 ad
1602 2095 1641 2154 te

227 2213 338 2300 misi,
361 2239 566 2318 cognosces.
597 2214 673 2286 Fac
698 2212 851 2316 cogites,
876 2213 918 2288 in
947 2229 1092 2315 quanta
1120 2211 1335 2286 calamitate
1358 2209 1425 2299 sis,
1448 2223 1487 2282 et
1506 2204 1639 2284 memi-
1743 2214 1745 2217 ’

227 2336 338 2412 neris
357 2351 394 2411 te
411 2337 540 2413 virum
561 2363 635 2411 esse
646 2367 657 2428 ;
680 2336 907 2426 consideres,
932 2337 1029 2440 quid
1048 2353 1124 2410 tuae
1143 2337 1307 2411 rationes
1325 2331 1544 2438 postulent:
1570 2356 1639 2402 au-

227 2459 375 2536 xilium
401 2479 505 2564 petas
527 2461 576 2535 ab
607 2461 805 2550 omnihus,
828 2461 944 2536 etiam
966 2461 1016 2534 ab
1038 2459 1217 2533 iulimis.”
1260 2459 1321 2533 Ad
1356 2456 1431 2532 hoc
1456 2452 1639 2530 mandata

231 2585 363 2660 verbis
388 2583 482 2660 dat:
518 2585 684 2679 „Quum
704 2585 753 2657 ab
774 2585 916 2658 Senatu
943 2581 1060 2658 hostis
1083 2583 1271 2657 iudicatus
1295 2583 1362 2672 sit,
1386 2608 1464 2686 quo
1484 2577 1643 2656 consilio

231 2709 388 2786 servitia
408 2708 605 2814 repudiet?
631 2708 672 2782 in
698 2709 793 2784 urbe
814 2726 946 2813 parata
966 2734 1067 2798 esse,
1096 2735 1182 2812 quoe
1205 2709 1378 2783 iusserit:
1412 2733 1462 2781 ue
1487 2719 1643 2781 cuncte-

240 2955 274 2993 ι.
294 2931 345 2992 do.
364 2933 460 2994 Struv.
482 2931 541 2992 inc.
554 2953 581 2995 2.
602 2931 686 2991 Rem.
706 2953 730 2991 ι.
751 2931 820 2992 vin.
838 2953 863 2997 2.
885 2930 982 2990 Guell.
1003 2953 1113 2992 to.12.
1134 2931 1203 3016 Teg.
1224 2932 1287 2992 Bas.
1300 2932 1329 3004 d.
1351 2929 1436 2990 Be'rri.
1454 2951 1479 2989 1.
1506 2936 1647 3006 σείει-οη.

236 3037 320 3114 qut.
342 3057 395 3115 que
411 3037 495 3095 omis.
517 3036 613 3095 Guell.
626 3037 654 3096 3.
675 3037 736 3095 Bas.
752 3057 778 3098 a.
799 3057 864 3096 eron
885 3035 919 3096 vi
936 3039 1160 3116 adgrederetur.
1180 3040 1239 3099 iuc.
1252 3059 1278 3096 a.
1300 3057 1337 3097 ex
1354 3037 1422 3095 neb.
1443 3053 1556 3114 magna
1573 3051 1645 3114 pers

235 3151 317 3204 orel.
338 3127 512 3220 Paluutmq.
532 3141 601 3202 vin.
615 3163 639 3200 ι.
661 3141 758 3205 Guell.
769 3143 797 3202 8.
811 3141 868 3200 Erl.
888 3151 961 3201 erat.
984 3143 1083 3201 omisit
1101 3143 1170 3202 Tur.
1190 3164 1215 3202 t.
1237 3143 1321 3203 Bern.
1339 3163 1363 3201 ι.
1378 3162 1405 3201 2.
1423 3137 1563 3221 percussis
1578 3157 1647 3196 om·

235 3246 338 3324 rubras.
357 3249 417 3306 ine.
429 3267 457 3308 a.
479 3245 577 3305 Guell'.
591 3267 635 3304 10.
656 3247 723 3311 Seu,
738 3267 764 3305 2.
785 3248 881 3308 Strui.
902 3247 1028 3313 Bema.
1046 3247 1183 3328 parensis.
1204 3247 1301 3315 Guell,
1313 3249 1342 3308 6.
1358 3251 1387 3307 8.
1399 3249 1649 3324 saetonmteon·

234 3351 332 3416 aedat.
351 3351 448 3411 Guell.
463 3369 489 3410 1.
509 3351 576 3410 vin.
593 3372 618 3410 t.
637 3351 708 3433 Tcg.
729 3373 770 3410 m.
782 3373 838 3410 sec.
857 3363 1008 3432 promptus
1021 3361 1095 3414 erat.
1116 3373 1218 3412 omnes
1232 3353 1313 3412 lilui.
1328 3363 1443 3434 pulcre.
1463 3351 1548 3412 uem.
1564 3370 1589 3412 1.

309 3474 447 3560 Gapdd.
478 3479 554 3538 nrltil
571 3479 646 3538 meli
662 3500 737 3559 stup.
758 3481 816 3538 inc.
833 3497 860 3537 a.
880 3478 971 3538 dead.
992 3501 1033 3541 m.
1047 3500 1095 3562 pr.
1125 3481 1330 3550 mlummul.
1361 3482 1486 3546 Leidn.
1516 3500 1584 3540 eum
1601 3478 1650 3540 ltt's

239 3588 332 3649 omit.
352 3584 449 3644 Guell.
460 3586 488 3644 5.
498 3607 528 3666 9.
559 3581 589 3642 V
588 3585 755 3644 oltureimn.
777 3585 815 3644 ita
834 3585 965 3642 meliores
980 3585 1058 3644 libri.
1079 3594 1112 3644 ut
1125 3584 1224 3647 Allob.
1242 3587 1304 3647 Bes.
1317 3607 1342 3646 1.
1356 3586 1427 3659 md.
1446 3585 1517 3646 Tur.
1531 3607 1558 3646 a.
1578 3605 1649 3646 om·

239 3689 388 3752 anteit.
409 3689 487 3749 Edit.
502 3687 616 3754 Gruter.
628 3700 658 3748 ct
669 3689 761 3748 Wass.
791 3696 877 3766 elque
892 3707 955 3747 aee.
984 3687 1044 3754 Erl.
1071 3689 1134 3751 Bas.
1152 3712 1177 3756 ι.
1194 3693 1265 3763 al.
1288 3691 1373 3752 Bere.
1395 3714 1424 3751 r.
1442 3713 1468 3752 a.
1483 3692 1512 3752 3.
1547 3710 1651 3750 omnes

241 3795 332 3858 laid.
352 3793 429 3860 Edit.
447 3793 564 3854 Gruter.
579 3801 608 3853 et
624 3795 716 3852 wass.
744 3793 884 3872 temptum
902 3801 963 3852 est.-
982 3803 1047 3852 erut
1068 3794 1165 3855 Guell.
1177 3795 1207 3856 ὅ.
1227 3795 1280 3876 qui
1294 3795 1351 3856 sim
1370 3799 1429 3862 inc.
1444 3817 1473 3862 ι..
1492 3795 1606 3858 Febrie.
1620 3816 1651 3860 a.

240 3903 346 3964 Sta-ur.
364 3897 426 3958 Bas.
441 3916 467 3960 t.
485 3895 515 3960 ὅ.
536 3899 604 3957 Seu.
623 3907 744 3979 uusque
763 3897 863 3962 chss.
891 3898 960 3959 Vin.
984 3917 1010 3956 t.
1030 3897 1114 3963 Leid.
1126 3901 1146 3960 i.
1161 3903 1184 3960 l.
1201 3903 1300 3982 plures
1319 3894 1456 3964 Ghr'eaui
1480 3913 1510 3964 et
1526 3904 1651 3966 Palatini

242 4005 417 4084 complures
447 4023 487 4062 m.
502 4020 549 4084 pr.
568 4001 641 4064 Tur.
656 4022 684 4060 t.
704 4022 744 4060 m.
756 4023 804 4082 pr.
821 4000 891 4061 Tur.
907 4022 933 4060 a.
954 4011 982 4060 te
995 4021 1052 4060 esse
1070 4003 1179 4063 virum.
1199 4004 1286 4067 Fabr.
1297 4017 1394 4088 uterq.
1422 4008 1518 4071 soar.
1537 4008 1607 4070 vin.
1621 4029 1649 4070 a.

242 4109 321 4172 Boe.
339 4107 398 4168 Erl.
418 4105 488 4190 Teg.
508 4125 584 4166 nous
597 4105 683 4166 Paris.
704 4113 732 4166 te
753 4106 852 4166 virum
874 4125 931 4166 esse
950 4107 1046 4171 ceteri.
1067 4110 1110 4170 ad
1128 4109 1194 4168 tae
1213 4121 1308 4192 uterq.
1328 4112 1385 4172 ino.
1406 4111 1490 4174 llere.
1511 4113 1651 4185 Beana.

242 4217 304 4278 Ao.
324 4212 422 4272 Guell.
437 4212 466 4272 8.
485 4210 604 4271 Leide.
621 4207 652 4270 h.
679 4211 897 4290 omnt'oporota
915 4231 972 4272 esse
991 4213 1076 4274 Rem.
1095 4234 1120 4273 ι.
1140 4213 1234 4278 Strur.
1256 4215 1355 4281 Guels.
1367 4221 1398 4292 4.
1414 4241 1442 4302 7.
1471 4223 1576 4285 omm’o
1593 4225 1653 4286 ,d-

244 4319 330 4382 dunt
348 4326 377 4386 et
388 4315 469 4375 leid.
483 4313 515 4376 h.
529 4333 561 4376 u.
580 4313 652 4376 Tur.
668 4335 695 4375 a.
714 4313 765 4376 ted
779 4317 838 4377 alio
851 4319 929 4378 loco.
949 4335 1019 4383 etse.
1036 4319 1123 4379 omis.
1141 4319 1241 4382 tiene.
1260 4322 1369 4384 Seue.
