4050 5009
529 353 600 426 130

524 526 640 606 noxia
659 542 775 630 atque
792 551 838 600 eo
855 524 1044 630 perculsu,
1061 523 1176 600 modo
1194 547 1263 628 per
1280 522 1396 601 socios
1412 547 1457 598 ec
1481 547 1621 598 nomen
1637 521 1840 610 Latinum.
1863 517 1922 600 in·.

525 651 678 728 terdum
700 676 771 755 per
788 650 933 753 equites
949 652 1152 737 Romanos,
1170 672 1266 752 quos
1286 672 1368 750 spes
1387 645 1572 722 societatis
1588 675 1608 722 a
1624 647 1735 750 plebe
1756 644 1920 719 ‹limere-

525 791 600 865 rat,
627 771 895 848 Gracchorum
918 772 1133 848 actionibus
1163 757 1313 848 obviam
1346 769 1459 845 ierat:
1480 784 1519 846 et
1543 768 1668 874 primo
1697 765 1920 853 Tiberium,

525 897 618 972 dein·
646 922 787 1001 paucos
808 911 894 1000 post
914 921 1035 972 annos
1067 895 1199 972 eadem
1224 891 1498 997 ingredientem
1524 893 1679 982 Caium,
1701 890 1920 966 Tribunum

525 1019 706 1110 alterum,
726 1020 891 1098 alterum
909 1018 1171 1095 Trimnvirum
1191 1016 1348 1093 coloniis
1378 1014 1623 1107 deducendis,
1649 1041 1739 1091 cum
1760 1013 1811 1087 Μ,
1833 1009 1922 1094 Ful-

524 1143 586 1220 vio
606 1142 743 1218 Flacco
768 1144 868 1218 ferro
891 1157 1098 1218 necaverat
1148 1143 1198 1216 Et
1220 1166 1312 1216 sane
1335 1137 1518 1214 Gracchis
1544 1138 1727 1244 cupidine
1754 1134 1921 1214 victoriae

524 1264 632 1342 baud
647 1267 737 1358 satis
745 1267 962 1340 moderatus
978 1264 1129 1340 animus
1145 1263 1227 1338 suit
1261 1261 1332 1338 Sed
1349 1264 1451 1338 bono
1466 1262 1569 1338 vinci
1585 1262 1700 1338 satius
1716 1277 1785 1348 est,
1803 1283 1921 1362 quam

524 1388 627 1464 malo
656 1415 762 1464 more
781 1389 965 1463 iniuriam
985 1389 1143 1464 vincere.
1193 1386 1315 1490 Igitur
1334 1411 1378 1460 ea
1404 1385 1561 1462 victorie
1588 1385 1767 1460 nobilitas
1788 1408 1836 1456 ex
1864 1381 1922 1454 lu-

525 1512 659 1588 bidine
685 1537 752 1586 sua
776 1537 866 1601 usa,
898 1510 1040 1586 multos
1066 1509 1236 1582 mortalis
1260 1509 1359 1584 fe1ro
1387 1523 1455 1584 eut
1474 1509 1563 1614 fuga
1593 1507 1791 1588 exstinxit,
1822 1503 1924 1608 plus-

525 1661 601 1738 que
633 1634 675 1710 in
699 1634 894 1737 reliquum
919 1635 990 1708 sibi
1020 1632 1165 1707 timoris
1189 1659 1305 1732 quam
1333 1633 1511 1735 potentioe
1542 1631 1700 1708 addidit
1750 1630 1922 1728 Quaeres

524 1758 752 1862 plerumque
763 1783 918 1861 magnas
938 1758 1109 1831 civitates
1124 1781 1272 1858 pessum
1286 1754 1410 1832 dedit:
1439 1755 1534 1830 dum
1551 1753 1660 1830 alteri
1682 1751 1819 1828 alteros
1839 1749 1921 1824 rin-

525 1907 609 1956 cere
630 1880 896 1983 quovismodo
918 1895 956 1954 et
971 1878 1087 1952 victos
1100 1877 1270 1953 acerbius
1290 1877 1420 1952 ulcisci
1439 1878 1584 1953 volunt.
1633 1876 1706 1954 Sed
1724 1875 1773 1951 de
1788 1871 1920 1948 studiis

524 2005 694 2108 partium
703 2021 741 2079 et
750 2003 874 2091 omnis
885 2002 1046 2078 civitatis
1064 2002 1232 2076 moribus
1243 2001 1274 2075 si
1286 1999 1505 2105 singulatim
1518 2015 1586 2075 aut
1603 2026 1674 2104 pro
1690 1993 1921 2101 magnitudi-

525 2156 575 2204 ne
584 2155 717 2234 parem
729 2127 924 2214 disserere,
934 2139 1082 2229 tempus
1094 2150 1210 2227 quam
1221 2149 1277 2198 res
1286 2124 1472 2198 maturius
1484 2149 1544 2198 me
1557 2121 1708 2198 deseret
1726 2115 1922 2216 Quamob-
1989 2125 1992 2130 “

477 2253 668 2336 ltremad
678 2253 875 2353 inceptum
885 2249 1007 2324 redeo.
1034 2251 1120 2322 Post
1129 2247 1217 2321 Auli
1229 2246 1352 2322 foedus
1376 2246 1635 2347 exercitusque
1647 2243 1767 2320 nostri
1779 2239 1921 2314 foedam

526 2376 673 2480 lugam,
693 2372 868 2448 Metellus
887 2387 925 2447 et
949 2371 1100 2445 Silanus
1116 2369 1293 2444 Consules
1313 2368 1516 2472 designati,
1535 2365 1750 2472 provincias
1773 2365 1874 2466 inter
1884 2385 1920 2434 se

466 2488 470 2496 ¹
525 2498 783 2603 partirerant:
815 2494 1045 2594 Metelloque
1071 2491 1250 2568 Numidia
1273 2507 1462 2584 evenerat,
1485 2491 1563 2566 acri
1590 2489 1692 2580 viro,
1716 2502 1756 2563 et
1789 2511 1919 2590 quum-

527 2647 645 2722 quam
668 2619 823 2693 advorso
846 2615 982 2720 populi
999 2615 1189 2718 partium,
1208 2613 1308 2688 fama
1325 2629 1453 2689 tamen
1474 2613 1654 2717 aequabili
1671 2630 1710 2689 et
1729 2609 1918 2689 inviolate.

524 2839 640 2899 addunt
653 2841 740 2919 pauci
758 2837 837 2909 libri,
851 2838 931 2918 iique
946 2835 1116 2907 deteriores,
1136 2833 1217 2894 Leid.
1229 2831 1300 2915 g.b.
1320 2832 1405 2894 Bern.
1418 2855 1442 2899 ι.
1464 2833 1690 2896 oolonisderbrc.
1712 2833 1796 2895 Fabr.
1807 2854 1834 2894 a.
1856 2831 1918 2891 Ecc.

525 2946 622 3002 Senot.
636 2965 663 3002 a.
682 2943 780 3013 ΒΜ.
800 2948 975 3002 necaverunt
995 2939 1093 2997 Guell.
1107 2958 1130 3000 ι.
1151 2937 1236 2996 Paris.
1248 2938 1279 2995 d.
1298 2937 1366 2996 Tur.
1383 2959 1424 2998 m.
1438 2959 1492 2998 sec.
1513 2940 1597 2999 lmud
1609 2940 1679 3000 sotis
1694 2959 1724 3000 u.
1736 2939 1817 3015 ms.
1838 2934 1918 2996 Febr.

528 3071 552 3108 ι.
566 3059 597 3108 et
609 3049 659 3108 alii
675 3057 799 3128 quatuor
820 3067 853 3106 cx
870 3045 953 3104 Cort.
980 3041 1048 3122 Tog.
1069 3040 1165 3101 Turic.
1195 3041 1290 3101 omnis
1304 3039 1357 3102 civ.
1374 3043 1477 3103 morib.
1498 3043 1635 3105 Guels.3.
1655 3043 1717 3102 Bas.
1735 3064 1761 3106 ι.
1780 3043 1876 3105 Seunl.
1894 3058 1918 3098 t.

525 3175 565 3218 m.
586 3173 633 3232 pr.
653 3154 764 3219 Leidl.
786 3169 832 3210 me
846 3152 988 3210 deremet
1007 3147 1069 3204 llas.
1084 3165 1109 3204 t.
1128 3144 1223 3204 Strur.
1242 3147 1301 3205 inc.
1316 3167 1341 3206 ι.
1362 3146 1458 3206 Guelt‘.
1479 3168 1524 3207 tt.
1543 3167 1588 3207 ra.
1615 3147 1697 3206 leid.
1712 3146 1743 3206 b.
1758 3147 1788 3206 d.
1800 3167 1832 3206 n.
1851 3145 1916 3226 Τις.

523 3259 607 3322 Bern.
623 3278 649 3316 ι.
678 3277 724 3317 me
744 3259 854 3316 desem
871 3251 956 3312 Fabr.
976 3252 1073 3310 Senot.
1091 3271 1115 3308 ι.
1142 3249 1241 3308 Viuor.
1254 3269 1281 3307 2.
1310 3250 1423 3310 incert..
1437 3271 1464 3310 a.
1486 3249 1582 3311 Guell.
1596 3272 1622 3311 a.
1635 3251 1664 3316 3.
1692 3251 1775 3310 Leid.
1786 3271 1848 3312 c.c.
1860 3251 1880 3308 s.
1891 3271 1915 3330 g.

523 3365 543 3422 i.
556 3365 583 3423 k.
596 3368 617 3424 l.
639 3365 700 3424 Erl.
719 3361 804 3421 Bern.
818 3359 847 3422 3.
868 3375 914 3416 me
925 3357 1039 3415 decrat
1059 3349 1147 3411 dead.
1167 3350 1235 3415 Tur.
1257 3373 1297 3412 m.
1314 3373 1369 3414 sec.
1396 3375 1442 3414 mc
1453 3373 1513 3415 om.
1527 3357 1640 3436 aliquot
1655 3354 1821 3418 lliriilibn'.
1841 3352 1916 3413 Leid.

522 3468 641 3528 o.b.m

606 3591 679 3674 Cap.
694 3591 743 3662 43.
763 3589 833 3648 Post
847 3583 949 3644 Albini
954 3585 1065 3661 foedus
1087 3593 1140 3642 tres
1157 3583 1288 3642 meliores
1299 3583 1426 3645 Gruteri.
1452 3587 1519 3650 Seu.
1533 3607 1560 3645 ι.
1582 3585 1680 3648 Guell.
1695 3607 1722 3647 a.
1744 3609 1785 3647 m.
1796 3607 1844 3666 pr.
1864 3589 1914 3646 t·-

523 3699 597 3758 bric.
612 3717 637 3761 t.
658 3715 763 3759 mace.
787 3693 825 3769 Q.
836 3689 967 3749 Metellus
982 3696 1010 3746 et
1023 3687 1066 3744 tt.
1081 3685 1199 3747 Silarus
1224 3687 1292 3746 vin.
1305 3707 1332 3747 a.
1359 3688 1462 3754 Franc.
1487 3689 1584 3749 Guell.
1602 3711 1646 3750 ιο.
1673 3691 1755 3751 Leid.
1767 3715 1796 3774 g.
1808 3713 1849 3751 m.
1868 3711 1914 3751 cc·

524 3804 578 3862 teri
594 3803 654 3859 tine
669 3797 858 3880 praenomine.
878 3791 996 3851 Metello
1013 3788 1104 3849 Num.
1126 3789 1210 3849 Bern.
1227 3793 1254 3852 3.
1272 3791 1453 3869 perlicerent
1473 3792 1588 3853 Cledon
1609 3797 1696 3878 1916.
1717 3797 1794 3856 Edit.
1807 3793 1913 3856 putsch.

522 3906 602 3966 Serr.
611 3903 648 3962 ed
657 3901 729 3962 ben.
741 3923 767 3959 t.
780 3897 847 3978 ¹94·
859 3898 1045 3957 confirmant.
1057 3893 1210 3953 obvenerat
1221 3892 1367 3955 deterioris
1376 3907 1451 3955 notre
1459 3895 1537 3956 libri.
1549 3901 1670 3960 ulocrso
1678 3900 1912 3981 popeliparrium

524 4010 566 4068 ita
577 4009 682 4087 optimi
698 4004 766 4065 libri
787 4002 904 4062 Corum.
923 3999 992 4058 Nan.
1013 3996 1097 4058 Febr.
1111 4017 1138 4056 ι.
1158 3996 1221 4056 Bes.
1234 4013 1259 4056 ι’.
1280 4001 1422 4060 mamm
1443 3999 1525 4061 Rem.
1545 4001 1652 4064 Vina.
1672 4007 1769 4072 Struv,
1790 4006 1871 4067 Bem.
1885 4006 1909 4066 5.

521 4113 617 4172 Turic.
636 4111 739 4170 Franc.
758 4106 915 4170 vetet
935 4101 1249 4184 Guels.a.d.7.9.1o.
1269 4122 1370 4162 omnes
1383 4105 1464 4164 Leid.
1484 4107 1623 4167 advorsus
1642 4107 1739 4176 Guell',
1755 4131 1779 4172 1.
1800 4111 1867 4174 Vm.
1885 4130 1908 4166 t.

516 4213 633 4279 Febris.
645 4234 672 4274 2.
692 4215 752 4273 inc.
765 4233 791 4272 ι.
811 4209 915 4271 milites
928 4207 964 4268 eL
982 4224 1068 4286 prus.
1083 4205 1168 4272 scrib.
1183 4225 1212 4268 u.
1227 4226 1274 4267 ur.
1298 4205 1367 4274 Tur.
1393 4207 1497 4271 milites
1523 4211 1627 4292 eligere
1643 4213 1770 4278 scribere
1787 4211 1903 4299 plurimi
