4050 5009
362 403 434 479 ·86

383 598 535 664 ciendos.
564 595 630 659 Sed
652 594 797 657 Senatus
815 589 958 655 nonnisi
984 596 1121 655 coaetus
1144 592 1308 677 Pompejo
1331 592 1518 679 imperium
1541 604 1662 661 contra
1685 602 1797 667 Serto·

383 706 477 769 rium
494 702 684 784 detulerat,
704 706 739 762 et
752 698 825 783 ipse
846 698 939 761 inira
961 698 1160 783 profitetur,
1180 718 1217 763 se
1237 696 1380 791 majore
1399 700 1522 768 studio
1546 726 1656 787 quam
1678 708 1797 774 eonsi-

384 809 435 875 lio
455 809 508 874 ad
526 808 596 872 hoe
621 807 751 871 bellum
770 800 994 895 profectum.
1015 804 1079 874 cfr.
1094 804 1184 869 Plut.
1198 807 1357 891 Pompe.
1382 805 1547 898 17.fame
1566 808 1793 902 confecistis,

381 893 612 995 ὑπερβολικῶς
629 915 697 977 hoc
714 912 842 976 dietum
859 930 932 977 esse
948 932 1052 976 nemo
1067 931 1139 975 non
1162 912 1339 998 intelligit.
1359 912 1448 979 Hae
1466 916 1505 978 in
1522 936 1585 999 spe
1604 920 1798 991 emendavit
1817 998 1820 1003 Ι
1932 898 1934 901 ¹

381 1020 511 1105 aliquis
531 1016 701 1088 Haecine
720 1023 792 1103 spe,
806 1017 935 1083 scilieet
954 1018 1025 1083 vim
1041 1018 1298 1104 praepositionis
1312 1039 1385 1083 non
1407 1020 1579 1086 intellexit
1599 1024 1659 1092 cfr.
1679 1026 1743 1089 hae
1757 1026 1794 1090 in

380 1128 522 1193 fortuna
535 1127 608 1197 Lis.
625 1130 674 1212 26.
697 1130 744 1189 ι3.
766 1134 801 1189 et
818 1125 952 1190 Lexic‘a.
970 1144 1058 1207 opes
1078 1132 1115 1187 et
1136 1144 1225 1207 spes.
1253 1126 1335 1190 Haee
1354 1126 1502 1214 jnngere
1517 1140 1609 1194 amat
1631 1132 1797 1199 Salustius

387 1235 447 1299 cfr.
468 1238 538 1297 Cat.
569 1250 618 1297 ιι.
637 1235 715 1319 lug.
744 1237 794 1296 33.
818 1229 1023 1297 volneribus
1051 1229 1101 1294 ita
1125 1230 1233 1296 Vatia.
1262 1234 1289 1294 ι’.
1310 1232 1602 1315 per-‘triennium
1622 1241 1707 1304 anni
1730 1249 1797 1305 tres
1868 1282 1872 1293 -

383 1349 626 1416 numerantur,
647 1340 809 1419 adjuncto
830 1358 890 1417 eo,
904 1335 1158 1422 quoprofertus
1170 1346 1234 1422 est,
1256 1346 1290 1402 et
1306 1339 1344 1402 in
1363 1340 1477 1403 Gallia
1489 1342 1694 1409 hibernavit.
1716 1346 1798 1411 vide

383 1467 487 1541 supra
508 1472 541 1533 p.
567 1470 614 1510 ιι.
636 1441 745 1511 ὅίοεηι
766 1442 885 1509 mari
899 1450 1085 1527 proestare
1105 1442 1215 1507 simili
1235 1447 1340 1509 modo
1359 1465 1412 1531 ap.
1433 1447 1566 1511 Phaedr.
1583 1450 1671 1533 prol.
1691 1455 1718 1513 3.
1740 1469 1797 1532 ι4;

383 1554 408 1617 i.
427 1574 456 1619 e.
469 1554 545 1618 viee
560 1552 681 1640 fungi,
698 1552 809 1617 vicem
827 1549 973 1634 explere.
992 1546 1109 1613 oerari
1126 1552 1202 1616 Vat.
1222 1572 1249 1612 ι.
1269 1549 1469 1615 exereitum
1488 1552 1619 1617 habere
1631 1576 1704 1619 non
1719 1576 1799 1635 mo-

382 1661 589 1737 deducere,
609 1662 669 1723 sed
683 1666 718 1724 et
735 1658 828 1721 alere
850 1656 912 1719 cfr.
926 1658 1004 1741 lug.
1024 1657 1054 1719 6.
1077 1663 1111 1720 et
1128 1676 1179 1738 70.
1199 1656 1299 1722 Catil.
1319 1679 1367 1721 ιι.
1400 1656 1523 1723 diebus
1545 1660 1799 1752 quadraginta

386 1761 585 1829 exereitum
596 1762 739 1849 paravi.
756 1766 816 1830 sed
832 1764 922 1826 Plut.
940 1764 1061 1847 Pomp.
1085 1783 1140 1844 17⁵
1162 1749 1328 1863 nepertia
1356 1747 1444 1855 ἔχων
1472 1754 1611 1862 sparteis
1640 1764 1699 1866 ὑφ’
1719 1766 1799 1841 iav-

384 1880 433 1984 τῷ
459 1928 510 1945 -
536 1870 668 1958 ndens
687 1869 866 1963 κελεύοντος
884 1880 918 1954 οὐ
938 1869 1060 1957 διέλυεν
1079 1880 1164 1956 ἀλλ’
1185 1881 1217 1957 ἐν
1235 1880 1298 1967 τοῖς
1317 1868 1433 1967 ’ὅπλοις
1451 1873 1485 1972 ἢν
1503 1888 1575 1983 aspi
1603 1875 1655 1974 sris
1684 1876 1796 1964 aim.
1862 1910 1868 1923 '

381 2006 432 2070 ita
440 2015 478 2069 ut
485 2009 552 2071 hoe
561 2006 663 2073 etiam
674 2006 890 2093 arrogantius
903 2004 1131 2089 quamverius
1145 2006 1281 2071 dictum·
1289 2028 1361 2072 esse
1369 2008 1537 2073 videatur.
1548 2006 1586 2073 in
1597 2004 1799 2101 cervicibus

265 2151 268 2155 >
372 2110 1028 2205 jamItalioeagentes-agentisvat.
1042 2114 1315 2179 nannents:
1332 2115 1465 2179 bellum
1474 2115 1596 2203 ingens
1606 2116 1644 2180 in
1654 2116 1800 2181 cervici-

382 2220 447 2283 bus
455 2228 537 2284 erat.
546 2220 594 2283 ib.
606 2222 656 2283 38.
663 2222 742 2283 Tac.
754 2220 843 2283 Hist.
856 2242 882 2285 1.
893 2220 941 2302 1'63
955 2220 1116 2307 Hegesip.
1131 2223 1157 2289 Ι.
1168 2242 1216 2285 ao.
1227 2241 1347 2307 oppos.
1359 2224 1531 2289 Graecum:
1542 2204 1796 2302 ἕκτραχηλίξειν.

384 2324 444 2390 eir.
452 2328 521 2391 Cic.
529 2328 568 2390 in
576 2327 643 2391 Pis.
654 2344 684 2390 2.
697 2328 766 2391 tela
772 2326 906 2414 jugulis
917 2326 1065 2389 civitatis
1080 2326 1224 2392 intenta.
1236 2328 1347 2390 Etiam
1356 2330 1450 2413 app.
1470 2332 1514 2395 de
1529 2331 1632 2394 rebus
1652 2329 1798 2414 Hispan.

385 2417 453 2519 1¹07.
475 2432 666 2497 Sertorium
692 2432 741 2496 ait
762 2441 880 2496 contra
898 2434 1046 2493 Romam
1057 2432 1269 2515 profectum,
1293 2440 1327 2495 et
1344 2433 1508 2517 Pompej0
1530 2443 1633 2516 atque
1653 2428 1798 2501 Metello

383 2561 583 2620 mandatum
614 2577 685 2622 esse
719 2536 772 2613 lia
790 2528 843 2613 siv
862 2522 1028 2635 alapa,
1060 2520 1125 2623 ‘ian
1145 2522 1304 2615 ilvam,
1334 2529 1487 2627 ἐξωθοῖεν
1506 2537 1546 2611 ἐκ
1565 2538 1620 2625 τῆς
1637 2539 1798 2627 ’Iratam

385 2672 480 2735 etde
501 2672 584 2735 Bell.
607 2672 817 2753 Cir.l.108;
838 2645 1004 2758 thsaiptoc
1032 2651 1176 2748 ἐπίδοξος
1203 2644 1237 2743 ἦν
1265 2644 1451 2754 senatis-stt
1479 2657 1537 2733 ἐπὶ
1566 2647 1619 2745 rtis
1638 2658 1800 2737 'iraham

384 2770 487 2854 Quod
497 2769 637 2851 quidem
650 2772 727 2838 fieri
735 2795 806 2841 non
817 2775 998 2862 potuisset,
1015 2772 1084 2837 nisi
1097 2784 1130 2839 et
1144 2774 1182 2837 in
1192 2772 1307 2836 Gallia
1315 2773 1488 2860 Cisalpina
1503 2784 1536 2839 et
1547 2775 1585 2839 in
1597 2777 1805 2861 Transalpi-

319 2932 326 2941 .
383 2896 431 2940 na
442 2879 558 2945 multa
570 2881 728 2947 nationes
737 2884 828 2949 male
837 2890 965 2970 pacata
977 2878 1182 2946 deiectionis
1194 2880 1340 2945 consilia
1353 2881 1552 2968 agitassent:
1565 2882 1804 2949 GalliaCisal-

383 2982 469 3066 pina
484 2987 641 3069 alepido
656 2997 690 3052 et
703 2992 805 3055 Bruto
819 2991 1022 3066 sollicitata,
1041 2976 1219 3077 Liguriae
1230 2988 1424 3074 Perperna,
1444 2987 1558 3053 Gallia
1570 2989 1805 3074 Transalpina

359 3144 363 3149 ,
382 3089 659 3176 indentempore
671 3096 759 3161 belli
773 3098 886 3162 civilis
900 3098 1073 3164 malefida
1083 3101 1218 3184 agebat.
1229 3096 1289 3159 cfr.
1300 3097 1368 3159 Cic.
1379 3116 1443 3181 pro
1455 3098 1502 3157 M.
1517 3095 1658 3171 Fonteio
1680 3095 1802 3163 initio.

385 3194 484 3259 Oros.
495 3197 579 3271 532.
588 3209 685 3283 etat,
697 3224 845 3285 quorum
862 3204 992 3269 auxilio
1007 3203 1116 3261 fretus
1133 3216 1272 3278 parvam
1283 3199 1478 3256 manumad
1484 3196 1803 3278 Alpespraemisisse

384 3299 961 3389 videtur0pereas—patey‘eci.cfr.
971 3301 1058 3380 App.
1067 3302 1102 3361 B.
1111 3299 1182 3361 eiv-
1193 3317 1262 3377 109·
1282 3282 1387 3391 ist'patt
1397 3286 1433 3368 ii
1443 3280 1528 3379 (ἴδον
1537 3303 1635 3384 scil.)
1649 3286 1802 3398 ixa'm-

297 3494 304 3507 ,
354 3452 356 3456 -
382 3394 1015 3509 mdptpisaiswwwffiloiwff
1023 3400 1083 3472 καὶ
1094 3394 1263 3494 ’apiavoii
1285 3418 1353 3485 Sed
1366 3439 1438 3483 non
1454 3421 1585 3483 Padum
1600 3422 1724 3509 ipsum,
1733 3430 1799 3493 sed

382 3530 545 3597 Ticinum
576 3525 765 3613 significari
792 3522 1015 3589 manifestum
1037 3533 1097 3589 est.
1118 3525 1238 3589 Cicero
1268 3525 1348 3608 (pro
1376 3526 1454 3612 lege
1486 3516 1632 3593 Manilia
1664 3550 1693 3595 e.
1727 3535 1798 3616 ιι.)

359 3645 363 3649 “
384 3637 543 3718 pleniore
563 3654 638 3700 ore:
657 3632 767 3700 Testis
787 3643 840 3701 est
868 3631 998 3716 Gallia,
1025 3630 1160 3718 inquit,
1181 3652 1244 3717 per
1264 3652 1368 3713 quam
1390 3631 1588 3717 legionibus
1608 3632 1735 3701 nostris
1754 3637 1809 3701 in-

386 3740 590 3822 Hispania'm
603 3742 670 3807 iter
689 3742 872 3806 Gallorum
888 3738 1126 3810 interneetone
1141 3738 1349 3824 patefactum
1368 3745 1449 3802 est.²>
1468 3739 1617 3823 Appiani
1629 3742 1744 3806 verbis
1765 3748 1794 3807 si

386 3842 472 3909 fides
489 3849 651 3914 habenda
668 3856 728 3924 est,
747 3847 931 3931 Pompeius
946 3868 1009 3931 per
1027 3847 1130 3932 Alpes
1142 3845 1263 3929 Grajas
1284 3842 1468 3909 exercitum
1488 3845 1624 3909 duxisse
1644 3847 1794 3930 videtur,

386 3954 482 4034 quod
498 3952 572 4031 jam
599 3974 644 4020 eo
667 3961 716 4017 est
742 3952 946 4037 probabile,
984 3955 1080 4035 quod
1109 3953 1212 4038 Alpes
1236 3949 1417 4016 maritinae
1446 3958 1550 4033 atque
1576 3952 1740 4017 Penninae
1771 3972 1794 4015 a

385 4052 495 4123 Gallis
508 4067 683 4145 oaenrpatae
702 4060 917 4124 tenebantur.
935 4057 1072 4143 Recepi
1082 4059 1268 4135 Galliam,
1288 4057 1523 4145 Pyrenaeum,
1545 4054 1792 4141 Laletaniam,

385 4163 577 4254 Indigetis.
605 4162 723 4228 Gallos
740 4184 782 4229 eo
807 4141 960 4249 tempore
980 4164 1114 4229 bellum
1140 4183 1218 4227 eum
1242 4162 1409 4227 Romania
1434 4160 1591 4247 gessisse,
1619 4162 1713 4227 testis
1742 4171 1792 4228 est

386 4266 506 4337 cicero
526 4293 592 4368 pro
613 4272 660 4335 Μ.
679 4270 825 4352 Fonteio
844 4273 873 4343 Ι.
890 4271 1096 4357 Pyrenaeum
1116 4268 1277 4361 pmsidia
1296 4288 1318 4333 a
1338 4267 1491 4337 Sertorio
1509 4267 1676 4351 disposita
1699 4268 1792 4335 inse-
