4050 5009
1486 400 1631 494 .ts

221 581 325 650 facile
345 582 530 673 intelligas.
542 618 562 635 -
573 599 604 662 4.
617 620 636 637 -
655 584 783 669 Neque
803 604 860 650 me
877 576 1016 651 diversa
1034 582 1059 648 i.
1078 602 1107 648 e.
1132 582 1305 649 contraria
1323 582 1384 647 cir.
1401 584 1531 648 Sueton
1547 588 1630 655 Caes.

223 713 250 755 c.
274 712 323 755 ao.
342 689 482 757 diversa
492 685 621 780 factio
640 692 712 757 Liv.
732 698 781 771 34.
801 709 833 769 4.
852 686 1007 759 Diversa
1025 691 1098 755 duo
1112 686 1219 772 vitia,
1241 688 1403 755 avaritia
1425 698 1461 754 et
1479 691 1632 759 luxurie

222 802 327 878 atque
346 796 395 861 ita
413 797 537 882 saepius
559 800 650 884 apud
667 798 869 882 historicos,
888 797 1047 861 Tacitum
1063 794 1225 881 inprimis
1241 805 1345 878 atque
1360 796 1577 861 Suetonium.
1592 794 1633 862 in

224 896 391 967 civilibus
408 898 525 967 armis
545 904 613 967 1100
632 903 768 967 (lortius
796 904 846 967 ita
872 899 1050 987 explicare
1063 903 1219 985 videtur,
1251 906 1347 985 quod
1364 902 1402 967 in
1420 904 1515 968 bello
1535 903 1634 969 civili

223 1006 410 1071 contrarias
429 1016 543 1093 partes
562 1016 697 1073 secutus
709 1028 802 1085 sum;
825 1026 903 1089 quae
922 1007 1066 1091 quidem
1081 1007 1264 1092 explicatio
1285 1008 1317 1072 si
1331 1009 1412 1073 satis
1427 1017 1520 1075 certa
1536 1016 1634 1092 esset,

221 1120 313 1178 recte
332 1113 415 1179 inde
430 1115 622 1203 colligeres,
632 1112 819 1189 Salustium
836 1110 876 1175 in
892 1112 1010 1177 animo
1028 1111 1199 1199 habuisse,
1212 1114 1346 1179 bellum
1364 1134 1504 1199 quoque
1517 1114 1632 1192 civile,

210 1206 315 1283 *inter
336 1221 506 1283 cesarem
531 1228 564 1311 et
587 1217 789 1303 Pompejum
812 1226 967 1304 gestum,
996 1220 1165 1304 scribere,
1194 1222 1291 1301 quod
1307 1228 1387 1283 ante
1406 1224 1475 1284 hoc
1498 1228 1633 1305 tempus

222 1322 375 1408 partium
393 1324 546 1389 studium
563 1324 601 1389 ei
621 1323 709 1388 vitio
736 1322 824 1389 verti
854 1344 927 1389 non
950 1326 1076 1409 potnit.
1105 1324 1241 1390 Dixerit
1271 1333 1388 1391 tamen
1409 1326 1554 1409 aliquis,
1573 1328 1634 1390 Sa·

222 1428 365 1492 lustinm
382 1429 439 1493 his
455 1429 571 1493 verbis
586 1428 625 1493 in
644 1428 845 1495 universum
863 1429 1021 1495 veritatis
1038 1430 1193 1497 studium
1211 1450 1284 1497 esse
1302 1432 1513 1518 professum,
1531 1434 1580 1497 ita
1592 1440 1634 1497 ut

221 1554 266 1597 ne
286 1534 439 1620 partium
459 1536 603 1619 quidem
618 1535 733 1601 studio
755 1538 801 1599 ad
816 1554 893 1603 eam
908 1534 1154 1601 infirmandam
1174 1536 1313 1623 impelli
1332 1538 1494 1623 potnerit.
1520 1540 1634 1624 Quam

221 1660 296 1705 rem
314 1641 353 1705 in
375 1640 491 1707 medio
510 1640 682 1725 relinquo.
702 1643 770 1707 Sed
788 1662 868 1705 cum
885 1651 1104 1729 argumento,
1128 1646 1315 1728 quoderat
1333 1650 1550 1725 tractatum,
1572 1644 1635 1704 ad-

221 1748 366 1810 modum
389 1748 596 1813 conveniens
612 1756 699 1815 esset
716 1750 831 1815 brevis
849 1751 894 1813 de
910 1748 1096 1816 discordiis
1114 1749 1276 1817 civilibus
1295 1749 1498 1837 disputatio,
1513 1748 1554 1827 in
1568 1750 1634 1812 hn-

217 1850 275 1930 jus
293 1852 378 1917 mali
395 1872 512 1919 causas
537 1857 728 1923 accuratius
748 1856 951 1943 inquisivit,
971 1868 1005 1925 et
1032 1856 1241 1925 omniafere
1268 1865 1399 1923 exstare
1420 1852 1633 1942 putarem,

222 1976 299 2039 quse
326 1960 369 2023 de
393 1960 458 2025 hac
483 1982 520 2027 re
541 1960 674 2049 inipso
693 1965 835 2031 exordio
861 1965 1033 2031 dissentit.
1053 1965 1114 2040 cfr.
1132 1964 1303 2053 Augustin
1328 1965 1372 2026 de
1398 1960 1471 2025 Cir.
1496 1958 1574 2021 Dei.
1587 1958 1633 2019 11.

222 2082 253 2125 c.
274 2064 322 2127 18.
343 2068 424 2129 -5.-
452 2064 570 2135 Nobis
585 2070 718 2155 primes
736 2068 977 2139 dissensiones
994 2110 1038 2127 -
1058 2092 1210 2137 evenere.
1232 2070 1292 2135 cfr.
1309 2068 1378 2131 Cic.
1398 2068 1460 2148 Ep.
1486 2067 1533 2127 ad
1555 2060 1634 2125 Dir.

221 2166 342 2229 V1.ar;
362 2169 549 2239 ..timebam
568 2194 611 2233 ne
630 2176 807 2239 evenirent
823 2198 881 2257 ea,
901 2198 978 2259 quae
993 2172 1427 2255 accideruntstitasaepiua
1439 2165 1637 2249 promiscuo

96 2306 100 2311 ·
223 2270 300 2334 haec
320 2270 426 2334 verba
453 2280 671 2357 usurpantur.
708 2270 851 2355 inquies
873 2282 985 2355 atquc
1013 2272 1244 2338 indomitum.
1275 2272 1335 2333 cfr.
1357 2270 1450 2331 infra
1468 2270 1529 2329 Or.
1544 2266 1660 2330 phin

222 2393 364 2458 «expers
383 2374 538 2461 consilii,¹
560 2377 715 2460 inquIes,
743 2380 818 2442 haec
847 2385 952 2459 atque
984 2378 1049 2441 illa
1072 2383 1257 2461 temptans,
1286 2372 1409 2442 metuit
1431 2372 1544 2438 otium
1559 2370 1637 2435 odit

220 2479 385 2545 bellum.»
403 2482 527 2547 lustin.
546 2498 597 2561 44.
620 2499 649 2547 a.
670 2481 791 2561 Vellei.
809 2482 852 2545 Il.
873 2483 924 2547 68.
942 2480 1028 2557 «Vir
1041 2481 1180 2563 inquies
1198 2488 1232 2546 et
1246 2479 1339 2543 ultra
1353 2488 1481 2545 sortem
1491 2488 1634 2546 temera·
1737 2494 1744 2508 ·

222 2582 317 2651 rius»
334 2586 372 2651 id
388 2587 414 2652 l.
430 2587 455 2652 1.
474 2592 523 2670 78.
532 2588 671 2653 Tacitus
686 2610 759 2657 non
773 2608 847 2654 uno
860 2588 957 2673 loco,
970 2587 1043 2655 alii.
1056 2583 1274 2653 indomitum
1286 2586 1397 2650 Plaut.
1411 2587 1504 2655 Men.
1520 2604 1548 2645 1.
1562 2601 1592 2646 a.
1605 2606 1635 2651 r.

222 2691 349 2759 mulier
361 2692 533 2759 indomita
550 2695 731 2781 imposque
742 2695 852 2760 animi
861 2694 958 2764 Trin.
971 2699 1002 2759 3.
1017 2698 1047 2757 3.
1068 2711 1117 2759 aa.
1138 2695 1336 2759 adolescens
1346 2690 1548 2774 indomitus,
1560 2690 1635 2774 ple-

222 2815 288 2859 uus
312 2799 440 2864 amoris
459 2811 562 2883 atque
581 2802 741 2867 lasciviae.
765 2800 908 2865 Bachid.
929 2816 959 2875 4.
978 2818 1009 2863 a.
1029 2820 1080 2880 9²·
1106 2797 1234 2863 Animo
1254 2799 1381 2881 cupido
1398 2804 1502 2877 atque
1522 2793 1635 2859 oculis

97 2976 107 2987 ,
223 2901 404 2967 indomitis
422 2903 493 2986 iui3
514 2907 570 2969 Cic
585 2926 649 2990 pro
665 2908 798 2971 cluent.
819 2910 851 2969 ,6.
872 2906 903 2965 Ο
924 2902 1114 2965 libidinem
1135 2900 1343 2963 indomitam
1358 2905 1462 2974 atque
1487 2892 1635 2961 effrem.

225 3008 328 3067 law
349 3014 533 3067 certamen
553 2996 748 3064 libertatis.
768 3002 947 3063 cfr..Catil.
972 3018 1002 3075 7.

305 3138 322 3153 .
336 3110 365 3171 6,
378 3142 395 3157 .
414 3108 517 3173 Nam
534 3129 558 3171 a
570 3097 798 3183 primordio,
826 3099 896 3163 hoc
913 3096 1146 3185 fragmentum
1161 3103 1319 3183 sequenti
1337 3107 1632 3191 postponendum,

226 3215 321 3297 quod
342 3212 401 3277 his
422 3205 537 3273 verbis
567 3222 669 3269 sunm
689 3205 733 3269 de
748 3204 987 3267 Romanorum
1004 3203 1164 3269 moribus
1177 3204 1351 3285 judicium
1367 3210 1635 3276 confirmaverat.

225 3314 351 3401 Persi,
366 3312 548 3401 ‘genitivus
576 3316 769 3375 contractus
791 3329 857 3394 pro
882 3304 1013 3375 Persei
1041 3328 1112 3373 non
1141 3306 1285 3395 Persis,
1320 3330 1397 3393 quse
1430 3313 1541 3375 Cortii
1567 3312 1635 3377 luit

226 3422 363 3507 opinio;
381 3419 442 3483 cfr.
458 3416 648 3482 Schneider
664 3418 707 3483 de
724 3416 906 3484 FormisL.
917 3417 954 3479 L.
971 3438 1005 3501 p.
1022 3420 1072 3497 73.
1081 3414 1119 3499 ο)
1137 3429 1225 3498 -73-
1242 3417 1316 3481 Res
1328 3413 1634 3501 3010000010νί-

227 3547 325 3603 mum
346 3519 495 3609 imperio
518 3518 633 3589 valuit
650 3523 744 3589 Serv.
769 3519 928 3606 Sulpicio
949 3528 984 3585 et
1002 3522 1058 3587 Μ.
1076 3522 1261 3587 Marcello
1284 3522 1386 3589 Coss.
1405 3520 1437 3587 is
1453 3533 1503 3589 est
1523 3544 1634 3589 annus

227 3634 265 3701 P.
282 3632 325 3695 U.
347 3632 561 3709 c.DCCII1.,
581 3636 616 3695 et
632 3627 753 3695 tertius
776 3636 856 3695 ante
873 3628 1007 3695 bellum
1025 3625 1128 3691 civile
1144 3626 1236 3692 inter
1252 3629 1418 3695 Caesarem
1436 3638 1469 3695 ct
1487 3632 1650 3719 Pompe.

281 4022 291 4029 ,
310 3953 342 4035 ⁶)
364 3953 511 4019 criticus
527 3952 669 4035 quidam
685 3954 724 4019 in
742 3951 960 4038 Ephemsrid.
972 3948 1040 4014 Lit.
1054 3948 1273 4038 Heidelberg.
1291 3952 1382 4017 hanc
1395 3953 1489 4018 tituli
1501 3952 1632 4019 versio-

230 4076 323 4142 nem,
339 4068 376 4121 ut
389 4060 503 4125 minus
512 4059 668 4123 Latinam
681 4058 823 4144 notavit,
836 4058 981 4134 nescius,
994 4059 1110 4141 credo,
1124 4060 1323 4142 Varronem,
1342 4058 1629 4145 quinctilianus,

231 4163 385 4229 Gellium
402 4165 452 4227 ita
470 4166 625 4232 locutum
647 4182 719 4233 esse
747 4164 807 4231 cfr.
828 4167 871 4231 de
891 4166 929 4231 L.
951 4165 989 4227 L.
1010 4165 1102 4259 vlu.
1124 4180 1176 4246 49.
1207 4163 1356 4229 Institnt.
1374 4166 1516 4229 Rhetor.
1541 4160 1631 4223 Χ..1.
1649 4241 1653 4247 ¹

230 4273 271 4343 N.
290 4272 328 4335 Α.
346 4271 416 4336 xil
435 4290 480 4332 10.

1298 4397 1329 4507 7.
