4050 5009
1530 393 1604 471 215

307 574 360 635 to.
384 560 507 669 Igitur
517 564 686 644 'venditis
708 568 1009 676 proscriptorum
1033 570 1164 666 honis,
1185 589 1255 651 aut
1271 573 1525 679 dilargitis-
1549 600 1605 649 11.

82 786 83 791 Ἰ
212 672 253 751 ld
272 676 414 760 bellum
442 668 772 771 excitabatmetus
802 696 971 801 Pompeii
996 696 1148 773 victoris
1178 698 1434 803 Hiempsalem
1457 698 1500 773 in
1523 722 1604 802 reg-

82 838 84 919 5
211 824 301 879 num
328 810 566 891 restituentis.
583 862 636 879 ·-
664 842 717 892 12.
742 818 996 921 Maxumeque
1020 818 1159 896 ferocia
1183 822 1279 927 regis
1303 820 1537 898 Mithridatis
1561 822 1606 907 in

82 938 84 955 '
211 936 372 1033 tempore
389 934 642 1014 bellaturi-
684 946 737 1016 13.
764 942 872 1039 Quin
898 940 1054 1019 lenones
1074 961 1113 1019 et
1131 944 1269 1019 vinarii
1295 946 1482 1047 lauiique,
1508 970 1605 1049 quo-

82 1150 84 1169 :
209 1072 290 1127 mm
321 1074 501 1159 praeterea
528 1063 660 1169 volgus
686 1064 729 1141 in
758 1065 836 1141 (lies
865 1090 979 1142 usum
1009 1064 1144 1157 habet,
1168 1067 1292 1173 pretio
1318 1068 1528 1172 compositi.
1552 1110 1605 1131 -

212 1181 261 1268 ¹4·
286 1177 418 1258 Genus
440 1186 555 1263 armis
574 1187 680 1265 ferox
703 1203 741 1264 et
758 1188 898 1265 servitii
924 1189 1132 1265 insolitum.

295 1342 350 1421 15.
375 1348 428 1423 M.
450 1348 603 1427 Aemilii
619 1352 750 1453 Lepidi
775 1352 856 1429 Cos.
881 1352 934 1428 ad
948 1356 992 1430 P.
1014 1356 1058 1429 a
1083 1360 1204 1431 oratio
1229 1373 1358 1431 contro
1378 1356 1526 1431 Sullam„

204 1484 410 1571 Clementia
431 1511 469 1573 et
487 1498 657 1603 probitas
674 1516 817 1593 sesua,
843 1502 1031 1601 Quirites,
1058 1502 1198 1606 quibus
1218 1528 1288 1605 per
1313 1519 1454 1577 ceteras
1476 1514 1604 1605 gentes

202 1618 368 1695 maxumi
392 1635 430 1696 et
452 1621 546 1699 clari
566 1624 668 1716 estis,
690 1624 903 1729 plurimum
934 1626 1078 1702 timoris
1096 1625 1193 1701 mihi
1215 1626 1385 1717 faciunt,
1401 1624 1604 1701 advorsum

202 1741 444 1839 tyrannidem
459 1749 498 1821 L.
512 1748 628 1823 Sulloe
652 1781 660 1822 ι
687 1776 737 1824 ne
760 1774 846 1853 quae
867 1750 938 1853 ipsi
961 1749 1371 1847 nefandaaestumatis,
1395 1777 1438 1824 ea
1462 1752 1603 1853 parum

200 1862 389 1942 credendo
413 1869 460 1945 de
492 1870 601 1961 aliis,
633 1872 1012 1948 circumveniamini:
1039 1874 1247 1978 praesertim
1278 1899 1402 1975 quum
1432 1872 1490 1946 illi
1521 1897 1604 1977 spes

200 1991 321 2066 omnis
350 1992 393 2067 in
410 1994 546 2070 scelere
567 2010 682 2099 atque
702 1996 861 2101 perfidia
884 1996 951 2091 sit3
982 2024 1108 2101 neque
1127 2022 1167 2073 se
1188 1998 1300 2072 aliter
1320 1998 1461 2071 tutum'
1474 2011 1605 2099 putet,

198 2136 315 2213 quam
336 2115 369 2190 si
385 2118 493 2221 peior
515 2133 630 2220 atquc
650 2118 903 2195 intestabilior
918 2135 1025 2196 metu
1045 2136 1166 2195 vestro
1187 2119 1321 2209 scierit,
1345 2146 1423 2222 quo
1443 2118 1603 2222 captivis

197 2232 384 2315 libertatis
411 2266 544 2316 curam
568 2242 716 2317 miseria
738 2244 902 2319 eximat:
938 2260 1007 2318 aut
1029 2244 1061 2319 si
1083 2243 1337 2348 provideritis,
1363 2244 1403 2316 in
1431 2240 1603 2317 tutandis

196 2362 378 2464 periculis
398 2365 516 2471 magis
536 2392 653 2469 quam
678 2365 773 2467 [in]
797 2351 1016 2443 ulciscendo
1044 2368 1260 2443 teneamini.
1305 2366 1488 2441 Satellites
1516 2366 1603 2471 qui·

197 2484 285 2561 dem
304 2487 409 2579 eius,
434 2488 606 2566 homines
627 2493 795 2567 maxumi
818 2492 1009 2585 nominis,
1032 2492 1137 2590 [non
1158 2488 1311 2589 minus]
1337 2490 1503 2594 optumis
1522 2514 1601 2564 ma·

197 2607 324 2687 iorum
345 2613 546 2717 exemplis,
566 2641 714 2717 nequeo
735 2615 822 2691 s'atis
840 2616 989 2707 mirari,
1015 2615 1083 2719 qui
1096 2614 1368 2691 dominationis
1380 2639 1456 2688 suae
1475 2608 1522 2687 'in
1537 2637 1602 2688 vos

197 2734 393 2812 servitium
428 2762 543 2833 suum
571 2738 782 2815 mercedem
823 2738 919 2813 dant
951 2772 959 2813 ε
1002 2755 1041 2815 et
1075 2754 1285 2841 utrumque
1314 2764 1384 2842 per
1414 2737 1602 2855 iniuriam

197 2858 350 2935 malunt
369 2887 488 2965 quarn
508 2878 666 2967 optumo
695 2862 778 2939 iure
801 2862 912 2938 liberi
940 2888 1070 2967 agere:
1102 2859 1284 2966 praeclara
1309 2865 1517 2937 Brutorum
1543 2879 1600 2937 at-

198 3008 271 3085 que
291 2986 544 3064 Aemiliorum
563 3003 602 3063 et
628 2984 870 3062 Lutatiorum
899 2986 1049 3091 proles,
1083 2988 1201 3089 geniti
1229 2986 1280 3060 ad
1309 3012 1370 3076 ea,
1405 3012 1491 3089 quae
1519 3014 1599 3061 ma·
1711 3011 1714 3018 ’

200 3106 292 3185 iores
314 3110 455 3185 virtute
480 3137 674 3217 peperere,
697 3110 968 3187 subvortunda.
1018 3111 1117 3185 Nam
1134 3109 1230 3213 quid
1256 3138 1278 3183 a
1299 3108 1466 3213 Pyrrho,
1493 3112 1599 3185 Han·

198 3232 326 3309 nibale
345 3232 601 3340 Philippoque
621 3252 659 3311 et
677 3232 866 3310 Antiocho
893 3234 1092 3309 defensum
1117 3251 1172 3310 est
1194 3233 1326 3323 aliud,
1347 3260 1465 3336 quam
1484 3233 1599 3307 liberh

200 3370 250 3432 tas
277 3372 317 3433 et
341 3384 418 3433 suae
442 3359 581 3463 cuique
603 3358 704 3435 sedes
712 3392 722 3455 3
754 3386 830 3436 neu
855 3359 935 3452 cui,
956 3360 1029 3434 nisi
1052 3359 1213 3463 legibus,
1239 3361 1484 3463 pareremus?
1508 3381 1597 3479 quar

258 3580 305 3668 ¹4,-
326 3580 418 3643 Corn.
438 3580 549 3643 Fronto
568 3604 590 3642 s.
606 3606 634 3647 r·
655 3582 813 3645 insolitmn.
833 3614 874 3629 -
899 3582 945 3647 15,
966 3581 1131 3641 conciones
1151 3589 1179 3640 et
1193 3582 1337 3662 epistola,
1359 3601 1392 3641 ex
1409 3576 1594 3638 historiarum

198 3682 291 3761 libris,
311 3707 375 3768 que
393 3696 503 3749 atatem
524 3690 672 3763 tnlsnmt,
693 3690 724 3747 in
744 3696 855 3751 vetusto
874 3686 976 3748 codice
994 3690 1142 3769 leguntur,
1160 3687 1191 3744 in
1216 3706 1276 3765 quo
1292 3686 1419 3746 Catilina
1439 3695 1468 3744 et
1487 3684 1597 3767 lugur-

200 3784 245 3849 tba
262 3801 346 3852 erant
366 3794 536 3875 perscripti,
553 3793 633 3871 unde
652 3794 783 3875 primum
804 3792 982 3872 Pomponius
998 3792 1090 3851 Lesa
1108 3792 1183 3870 typis
1198 3790 1302 3850 excudi
1321 3793 1441 3853 curavit.
1468 3808 1596 3851 seseme-

201 3906 264 3957 runt
280 3906 381 3979 postea
401 3896 502 3958 Codex
522 3898 678 3960 Vaticanus
702 3908 731 3959 et
749 3896 818 3957 libri
836 3896 921 3957 Fabri
943 3909 973 3957 et
991 3895 1155 3956 Cardiualis
1173 3884 1352 3971 Βνίοοιιιεῐὶ,Ι
1367 3894 1473 3978 quibus
1492 3894 1594 3983 Carrio

201 4015 261 4059 usus
276 4011 339 4075 est,
367 3998 483 4067 Balliol.
500 4024 586 4085 quem
613 4004 739 4065 Wassius
756 4000 879 4075 laudat,
899 4012 1034 4082 praetcrea
1050 4002 1102 4061 alii
1124 4002 1230 4080 pauci,
1256 3999 1295 4061 ob
1310 4000 1416 4060 Ursino
1434 4000 1593 4061 Ciaccouio

203 4106 351 4188 ceterique
369 4106 528 4167 editoribus
548 4107 668 4174 laudati.
688 4110 845 4169 advorsum
860 4106 912 4166 lib.
925 4107 1017 4169 Vatis.
1034 4124 1073 4166 ne
1088 4125 1152 4185 quse
1168 4105 1223 4186 ipsi
1234 4106 1369 4183 nefando
1384 4091 1534 4165 aestimatis
1554 4106 1593 4165 ita

203 4207 292 4276 Vatir.
314 4208 398 4273 Fahr.
418 4208 494 4273 Bric.
517 4222 546 4273 et
560 4222 669 4275 vetusta
690 4212 790 4274 editio.
810 4210 902 4293 captis
921 4230 976 4294 pro
997 4199 1119 4293 coptier's
1137 4211 1207 4295 legit
1225 4209 1318 4273 Vatia.
1339 4210 1370 4269 in
1386 4208 1484 4271 ιιΙοίκ.
1500 4230 1592 4291 prop.

206 4304 249 4389 tn,
268 4324 336 4378 teste
352 4312 508 4389 Gerticos,
527 4327 633 4381 veteres
655 4318 723 4379 libri
736 4319 881 4401 ignorant.
902 4336 964 4379 uon
984 4316 1081 4381 mtbtts
1097 4338 1161 4383 om.
1174 4316 1241 4383 Vct.
1260 4326 1289 4377 et
1304 4318 1402 4398 plures
1411 4313 1501 4389 libri,
1521 4331 1603 4396 quos⁴
