4050 5009
1480 378 1633 477 '³9

226 581 276 641 uis
305 582 461 641 infirmnm
488 612 509 628 ·
534 581 677 643 libertatis
699 600 786 643 causa
812 578 952 661 angendae
970 589 1060 659 atque
1082 576 1251 659 reipublice
1272 577 1426 635 inventum
1452 577 1546 637 luerat
1564 608 1583 624 -
1604 598 1632 660 7.

228 679 384 758 ingenium
405 680 620 757 impromptum
640 678 749 737 babere
769 708 788 725 ··
809 688 956 735 certamen
975 677 1052 753 ipsos
1077 678 1235 735 intererat
1254 706 1273 720 ·
1293 694 1326 731 ea
1342 674 1458 731 divitias
1479 683 1508 732 et
1530 694 1562 733 ea
1575 672 1634 733 bo·
1683 670 1688 681 '

226 794 299 832 narn
320 776 429 833 samam
454 809 473 822 -
493 776 521 832 8.
546 776 652 853 quiea
676 776 752 834 sacta
768 774 861 833 scocie
879 802 899 818 ·
922 794 967 831 ιι.
983 774 1106 851 propius
1120 774 1221 831 virtuti
1242 804 1257 817 -
1279 770 1326 839 id.
1348 771 1485 827 omniurn
1501 770 1635 851 llagitio·

225 889 328 928 sonim
351 882 440 950 atquc
463 850 697 944 facinoroeirrum
717 902 736 917 -
756 890 846 927 manu
870 878 971 927 uentre
989 872 1052 927 alca
1070 890 1146 947 pene
1167 902 1186 916 -
1206 890 1295 949 quam
1319 868 1458 945 cuiquam
1487 867 1518 925 id
1547 888 1634 925 com-

225 977 345 1045 pertum
365 997 382 1010 -
407 968 450 1027 18.
472 968 587 1025 circiter
602 967 702 1024 Nonas
717 966 915 1025 Decembris·
936 984 980 1041 ¹0·
1005 963 1076 1022 boni
1098 968 1264 1045 complures
1285 996 1304 1011 -
1324 965 1355 1023 in
1373 965 1526 1042 provincia
1545 994 1564 1010 -
1584 984 1633 1044 ²9.

226 1074 357 1141 spectata
381 1064 476 1121 locent
500 1060 575 1120 mibi
606 1095 625 1109 -
651 1062 866 1139 nosmetipsos
889 1060 1077 1145 vendicemus
1103 1062 1134 1119 in
1156 1062 1319 1121 libertatem
1339 1062 1532 1140 -ingenium
1555 1071 1599 1121 est
1617 1091 1636 1107 ·

226 1160 348 1217 fortuna
365 1162 469 1218 omnia
483 1160 643 1219 uictoribus
658 1160 777 1239 praemio
795 1159 895 1237 posuit
914 1189 933 1203 -
959 1176 1007 1214 mc
1025 1158 1151 1216 utemini
1171 1188 1189 1205 -
1214 1160 1270 1217 nisi
1290 1160 1363 1215 sorte
1380 1158 1497 1215 animus
1520 1157 1598 1216 fallit
1616 1188 1636 1204 -

227 1274 277 1313 ar.
299 1258 378 1314 mala
396 1256 505 1335 quibus
524 1258 744 1314 omniserunt·
759 1257 890 1335 quietam
905 1254 943 1313 lt.
958 1258 989 1315 P·
1012 1274 1061 1313 aa.
1082 1254 1246 1313 adiceret-
1266 1258 1335 1313 licta
1352 1246 1444 1311 luccss
1465 1252 1513 1313 23.
1535 1254 1635 1332 cepit,

225 1353 335 1410 minari
354 1353 503 1411 interdum
525 1354 628 1411 serro-
649 1353 695 1412 26.
717 1372 789 1431 quas
809 1352 926 1409 consuli
948 1351 1053 1409 lecerat
1072 1384 1091 1399 -
1121 1370 1168 1430 ²9·
1184 1352 1296 1409 nullius
1316 1370 1415 1409 earum
1435 1370 1532 1407 rerum
1549 1382 1564 1394 —
1584 1348 1634 1409 30·

225 1470 254 1507 c.
272 1450 411 1508 scxtcrcia
431 1483 451 1496 -
469 1452 602 1509 sestertia
615 1450 741 1509 ducenta
757 1450 839 1505 milia
859 1478 878 1493 -
898 1447 947 1516 34.
959 1446 997 1505 ad
1012 1446 1073 1505 lucc
1090 1446 1129 1519 Q.
1147 1448 1272 1507 Marcius
1287 1447 1322 1506 li.
1344 1480 1362 1494 -
1380 1448 1596 1507 essetconscius
1615 1476 1635 1494 ·

224 1544 276 1615 45.
297 1546 342 1603 uti
360 1544 587 1605 Catellina-SS.
602 1548 750 1625 permittit
766 1546 823 1601 illis
839 1540 975 1600 homines
991 1545 1133 1603 militares
1153 1578 1171 1591 ·
1192 1559 1240 1625 47.
1263 1544 1415 1603 abdicatus
1430 1546 1601 1625 magistratu
1618 1578 1634 1593 -

226 1642 276 1701 50.
297 1644 405 1700 electos
420 1654 509 1721 atque
528 1644 696 1701 exercitatos
713 1640 817 1700 orabat
836 1641 868 1699 iu
886 1639 1066 1707 audaciam·
1089 1640 1135 1699 51.
1156 1642 1222 1699 aliis
1235 1642 1291 1699 alin
1312 1674 1330 1688 -
1353 1642 1399 1702 53.
1413 1660 1458 1699 res
1470 1651 1634 1700 rnonetca·

223 1758 292 1796 vere
312 1737 350 1794 ab
368 1724 428 1795 illis
445 1751 499 1797 etc.
521 1740 635 1814 (autem
651 1750 680 1797 ct
697 1736 791 1815 magt
807 1758 849 1795 m.
863 1756 919 1797 tec.
938 1736 1073 1812 addidit)
1094 1738 1180 1797 refert
1199 1736 1274 1797 mibi
1289 1748 1378 1817 atquc
1389 1738 1472 1797 robis
1494 1740 1595 1797 timere
1615 1766 1634 1785 ·

225 1833 275 1893 50.
293 1834 383 1895 Nunc
400 1855 468 1893 vero
486 1856 557 1915 quo·
570 1838 638 1893 loco
657 1867 677 1881 -
694 1837 718 1892 si
733 1845 824 1893 metu.

305 1954 458 2037 Jugurtbc
476 1976 502 2013 c.
529 1968 576 2027 24.
596 1957 712 2037 subiget
731 1976 779 2015 me
797 1988 816 2002 -
835 1974 960 2036 urgueat
979 1986 999 2001 -
1017 1952 1170 2014 deortatur
1183 1973 1241 2013 me.

328 2134 416 2208 cod.
431 2138 521 2209 Vll.
562 2132 925 2237 (PautiniCutalog.
950 2134 1127 2228 111.4o7.
1159 2134 1193 2225 S.
1209 2158 1280 2205 xxi.
1316 2134 1404 2209 Cod.
1430 2160 1497 2207 xm.
1534 2133 1632 2207 Plur.

222 2251 282 2343 89.
310 2248 474 2325 Inferior
494 2250 575 2324 cod
596 2251 680 2351 41.)
703 2252 790 2324 Saec.
815 2275 886 2323 xrn.
907 2248 965 2323 vel
987 2274 1056 2322 xiv.
1094 2248 1303 2321 Membran.
1328 2250 1475 2353 paginis
1505 2248 1630 2323 divisis
1715 2287 1722 2305 ·

223 2364 458 2468 negligenter
478 2384 659 2440 exaratus.
685 2364 836 2439 Scholia
857 2367 898 2439 in
919 2365 1091 2467 margine
1106 2364 1294 2437 recentior
1310 2391 1447 2439 manus
1466 2363 1631 2468 adscrip-

223 2478 292 2575 sit,
317 2508 403 2583 quac
422 2482 536 2555 etiarn
553 2481 752 2583 aliquoties
765 2480 910 2554 librum
929 2480 1154 2554 emendavit.
1181 2484 1252 2555 Pro
1275 2508 1302 2552 v
1324 2480 1431 2554 litera
1450 2510 1529 2556 non
1548 2506 1630 2557 uno

116 2690 119 2694 ¹
224 2594 310 2668 loco
329 2599 583 2699 wscriptum.
622 2600 707 2672 Non
737 2596 860 2671 solum
882 2596 1030 2701 singula
1058 2596 1189 2686 verba,
1216 2596 1278 2670 scd
1306 2597 1453 2699 periodi
1480 2598 1630 2673 omissae.

223 2711 366 2807 Saepius
384 2741 406 2785 a
432 2712 590 2788 librario
611 2715 787 2817 imperito
809 2714 931 2816 spatia
957 2740 1076 2787 vacua
1105 2711 1252 2803 relicta,
1278 2740 1363 2815 quae
1385 2715 1481 2789 alius
1505 2716 1631 2820 exple·

222 2826 287 2901 rit
335 2832 433 2903 Cum
456 2857 604 2920 omnes,
631 2856 724 2933 quas
746 2830 894 2917 notavi,
916 2829 1096 2903 lectiones
1125 2828 1176 2902 ad
1205 2846 1400 2903 auctorem
1425 2831 1631 2907 emendan-

224 2942 320 3017 dum
335 2942 436 3017 nibil
459 2946 620 3034 faciant,
645 2946 710 3020 scd
729 2944 995 3019 tantummodo
1012 2943 1191 3035 doceant,
1216 2946 1366 3021 nullam
1382 2948 1497 3049 plane
1516 2948 1629 3023 iidem

222 3054 317 3131 huic
338 3059 437 3135 libro
465 3089 539 3137 esse
558 3061 792 3151 habendam,
817 3060 983 3164 pessimis
1009 3058 1083 3137 illis
1117 3062 1349 3137 variantibus
1373 3064 1518 3138 librum
1542 3092 1630 3140 one·

223 3200 310 3247 rare
332 3176 451 3249 nolui.

324 3340 414 3413 cod.
428 3344 541 3415 VIII.
567 3344 698 3434 (Pant
712 3342 930 3445 Catalogll.
950 3346 1033 3435 4²²·
1061 3342 1149 3418 Ccd.
1167 3371 1270 3417 xxxv.
1296 3346 1330 3437 S.
1342 3344 1387 3419 iv.
1413 3344 1509 3418 Plut.
1524 3368 1627 3417 xcvii.

222 3453 305 3528 cod.
331 3457 462 3554 xxxv.)
497 3458 707 3531 Membran.
733 3458 819 3531 Saec.
835 3485 892 3531 xv.
918 3457 1118 3531 Orationes
1140 3486 1187 3532 ex
1208 3460 1359 3533 Salustii
1378 3458 1545 3534 historiis
1564 3486 1627 3535 ex·

222 3588 380 3673 cerptae‚
412 3574 557 3646 accedit
587 3573 759 3675 praefatio
787 3572 878 3645 belli
900 3572 1135 3676 Jugurthini.
1184 3578 1516 3679 lnsuntpraeterca
1544 3575 1629 3673 alite

223 3686 413 3760 orationes
438 3715 484 3760 ex
500 3690 616 3779 Livio,
633 3690 783 3779 Curtio,
808 3690 989 3793 Virgilio,
1013 3692 1187 3779 Lucano,
1213 3691 1350 3765 Ovidio
1371 3709 1440 3773 etc.
1466 3692 1628 3796 descrip-

224 3816 282 3875 tae.
309 3805 404 3882 Tota
430 3804 660 3907 collectio'in
686 3831 818 3878 eorum
836 3830 949 3877 usum
971 3804 1089 3894 facta,
1114 3806 1180 3907 qui
1199 3802 1428 3881 rhetoricam
1451 3824 1626 3883 tractant

225 3916 409 4013 Quam‘ris
429 3922 622 4022 exemplar
642 3921 730 3994 satis
751 3922 900 3993 bonum
915 3918 1093 3994 librarius
1114 3937 1262 3994 secutus
1280 3948 1354 3996 esse
1377 3922 1546 4014 videtur,
1572 3942 1627 4000 ta-

224 4058 314 4107 men
333 4033 450 4138 hujus
470 4035 559 4109 libri
583 4064 631 4110 ne
654 4054 758 4110 tanta
770 4034 926 4137 quidem
948 4036 1112 4125 utilitas,
1138 4065 1255 4139 (guam
1275 4037 1449 4143 aliorum,
1462 4040 1529 4141 qul
1548 4068 1626 4114 ma·
1725 4048 1731 4061 “

222 4146 281 4251 gis
305 4150 420 4224 etiam
446 4152 617 4255 corrupti
632 4170 731 4227 sunt.
763 4153 861 4225 Nam
880 4180 900 4225 a
922 4152 1046 4241 libris,
1063 4152 1130 4255 qui
1149 4154 1207 4229 rel
1229 4152 1410 4229 mediocri
1428 4155 1624 4260 diligentia

224 4265 325 4367 typis
341 4283 434 4343 sunt
451 4270 592 4359 excusi,
619 4269 660 4342 in
678 4268 788 4345 nulla
809 4296 850 4343 rc
868 4270 1061 4345 differunt.
