4050 5009
458 419 508 512 ιο

448 601 552 689 aas,
589 625 680 674 cum
703 598 867 676 fascibus
893 617 1009 702 atque
1035 602 1119 677 aliis
1158 604 1308 708 imperii
1341 603 1552 708 insignibus
1585 603 1626 677 in
1653 619 1775 677 castra
1812 601 1863 675 ad

455 720 649 797 Manlium
671 723 878 798 contendit.
916 726 1010 798 Haee
1023 725 1092 801 ubi
1115 727 1243 803 Rumae
1263 745 1456 831 comperta
1480 742 1588 815 sunt,
1613 727 1773 800 Senatus
1790 727 1860 800 Ca-

456 845 610 920 tilinam
626 863 665 921 et
686 847 879 922 Manlium
901 845 1019 922 hostis
1039 849 1205 943 iudicat5
1236 868 1367 927 ceterae
1391 849 1634 924 multitudini
1661 849 1766 936 diem
1785 863 1861 922 sta-

457 969 557 1058 tuit,
592 986 683 1044 ante
712 997 830 1072 quam
858 971 940 1045 sine
959 969 1094 1046 fraude
1116 971 1248 1047 liceret
1268 975 1317 1048 ab
1347 973 1461 1047 ermis
1487 972 1696 1061 discedere,
1720 987 1861 1074 praeter

455 1117 585 1167 rerum
618 1093 843 1197 capitalium
865 1093 1137 1170 condemnatis
1191 1098 1372 1172 Praeterea
1395 1095 1596 1184 decernit,
1628 1095 1688 1168 uti
1714 1096 1863 1168 Consu-

454 1213 509 1290 les
526 1215 718 1291 delectum
739 1214 928 1309 habeant3
951 1217 1141 1293 Antonius
1157 1245 1248 1292 cum
1268 1217 1434 1294 exercitu
1456 1217 1663 1295 Catilinam
1680 1215 1859 1320 persequi

454 1355 639 1432 maturet;
665 1335 796 1444 Cieero
817 1339 906 1415 urbi
928 1340 1103 1442 praesidio
1122 1341 1179 1415 sit.
1213 1343 1270 1414 Ea
1293 1353 1511 1444 tempestate
1529 1338 1626 1413 mihi
1650 1339 1860 1442 imperium

346 1447 351 1458 ⁵
453 1463 592 1567 populi
621 1464 784 1538 Romani
807 1463 932 1538 multo
954 1489 1132 1537 maxume
1155 1463 1367 1538 miserabile
1395 1463 1519 1537 visum
1542 1480 1618 1536 est:
1643 1463 1708 1538 cui
1735 1488 1861 1564 quum

456 1585 708 1660 adscensum
740 1587 904 1660 abortu
930 1584 1019 1659 solis
1044 1585 1173 1659 omnia
1200 1584 1344 1658 domita
1370 1585 1485 1658 armis
1510 1601 1717 1686 parerent3
1753 1582 1860 1658 domi

456 1709 580 1783 otium
598 1725 715 1812 atque
749 1708 918 1796 divitiae,
951 1731 1038 1809 quae
1063 1707 1186 1809 prima
1219 1706 1394 1780 mortales
1418 1724 1578 1809 putant,
1616 1707 1860 1810 adfluerent3

452 1831 560 1907 fuere
581 1848 708 1906 tamen
725 1831 843 1919 cives,
868 1829 937 1931 qui
961 1854 1075 1931 seque
1092 1855 1248 1931 remque
1272 1830 1468 1933 publicam
1489 1830 1689 1904 obstinatis
1719 1828 1860 1903 animis

453 1955 649 2058 perditum
671 1954 780 2028 irent.
817 1953 992 2054 Namque
1009 1951 1159 2026 duobus
1180 1953 1307 2026 Senati
1325 1951 1499 2042 decretis,
1529 1978 1575 2026 ex
1602 1967 1710 2025 tanta
1727 1951 1862 2025 multi-

452 2077 609 2167 tudine,
635 2101 761 2176 neque
776 2074 934 2178 praemio
956 2073 1136 2148 inductus
1154 2074 1458 2148 coniurationem
1473 2074 1717 2176 patefecerat,
1734 2101 1860 2176 neque

455 2227 502 2276 ex
522 2197 654 2276 'castris
676 2197 852 2273 Catilinae
872 2197 1076 2297 quisquam
1095 2196 1269 2268 omnium
1288 2195 1520 2288 discesserat3
1541 2213 1652 2270 tanta
1676 2198 1732 2273 vis
1758 2224 1860 2271 mor·

406 2322 513 2414 37hi,
540 2321 689 2423 (atque)
710 2320 771 2395 uti
801 2319 919 2408 tabes,
944 2317 1142 2420 plerosque
1168 2317 1313 2392 civium
1334 2317 1481 2392 animos
1499 2318 1695 2393 invaserat.
1727 2321 1860 2421 Neque

452 2446 579 2523 solum
594 2445 674 2519 illis
699 2442 825 2517 aliena
846 2466 952 2516 mens
979 2456 1081 2527 erat,
1106 2441 1173 2542 qui
1200 2441 1345 2515 conscii
1372 2440 1667 2532 coniurationis;
1689 2442 1758 2516 sed
1780 2467 1860 2516 om·
1966 2470 1967 2485 ¹

449 2571 551 2662 ,nino
571 2581 712 2643 cuncta
732 2564 860 2667 plebes
879 2590 1067 2637 novarum
1087 2589 1215 2636 rerum
1244 2562 1370 2636 studio
1392 2562 1567 2636 Catilinae
1591 2551 1754 2667 incepta·
1773 2591 1860 2667 pro-

450 2691 580 2766 babat.
618 2689 664 2764 Id
684 2687 779 2762 adeo
802 2713 906 2760 more
932 2711 1001 2760 suo
1028 2682 1233 2759 videbatur
1259 2685 1389 2758 facere.
1439 2687 1536 2758 Nam
1561 2712 1711 2790 semper
1735 2688 1778 2761 in
1808 2688 1860 2761 ci·
1965 2698 1966 2747 l

451 2886 537 2950 leid.
551 2908 585 2951 ιι.
604 2885 640 2944 ’ἰιι
658 2881 814 2944 civitatem.
834 2882 929 2942 strue.
951 2881 1051 2941 Herus.
1070 2880 1256 2940 mammem.
1277 2879 1374 2940 Gueli.
1387 2878 1415 2940 3.
1431 2902 1462 2959 9.
1490 2891 1641 2960 comperta
1653 2892 1733 2941 snat.
1754 2883 1818 2942 Bas.
1834 2906 1858 2941 ι.

456 2990 575 3061 &M
596 3009 699 3050 amires
714 2987 797 3052 Leid.
817 2986 902 3045 Grut.
922 2985 1013 3046 Wass.
1039 2984 1151 3044 Tum.
1168 3005 1195 3044 2.
1221 2985 1306 3044 Bem.
1327 3007 1352 3044 ι.
1369 3005 1397 3044 a.
1415 2983 1444 3049 3.
1464 2995 1542 3044 sunt.
1575 2988 1674 3045 omisit
1688 2987 1772 3046 Cort.
1791 2990 1859 3052 edit
1964 2976 1965 2981 ἵ

455 3096 541 3155 Paris.
562 3104 738 3172 antequam
759 3091 848 3152 <tuna
870 3092 929 3152 inc.
946 3109 974 3148 a.
996 3089 1093 3148 Guels.
1111 3109 1156 3146 ιι.
1177 3099 1351 3167 antequem.
1373 3088 1470 3149 Guels.
1486 3110 1531 3148 ιο.
1553 3090 1651 3155 Basi.
1667 3092 1755 3157 Bern.
1767 3093 1797 3154 3.
1817 3094 1859 3154 si·

455 3201 615 3278 mfraudt
629 3197 677 3256 lte.
695 3196 733 3254 ub
752 3215 829 3253 arm.
842 3193 914 3252 dise
936 3191 993 3251 hoc
1006 3192 1111 3251 ordine
1129 3193 1191 3251 Bas.
1208 3213 1233 3252 ι.
1254 3192 1350 3252 Guelf.
1369 3215 1394 3252 ι.
1411 3195 1439 3253 5.
1460 3196 1563 3253 ineert.
1583 3196 1680 3256 Strui.
1702 3197 1754 3258 Ac.
1774 3199 1858 3259 Rem.
1963 3206 1964 3209 ’

455 3316 550 3386 uterq.
572 3303 650 3362 Edit.
672 3300 757 3358 Paris.
778 3295 899 3355 Leidh.
914 3297 1037 3359 k.m.n.
1058 3295 1155 3354 linat
1172 3317 1248 3354 arm.
1263 3297 1336 3355 dtur.
1350 3317 1374 3356 s.
1382 3300 1434 3374 fr.
1453 3296 1571 3371 fabric.
1594 3299 1695 3358 lleuss.
1716 3303 1819 3366 Vinar.
1834 3325 1858 3361 ι.
1957 3359 1961 3368 ,

448 3425 512 3472 ‚tres
525 3409 623 3468 Guels.
643 3405 713 3486 Teg.
734 3401 815 3460 Leid.
827 3422 853 3464 a.
868 3422 893 3462 c.
910 3400 939 3458 d.
952 3421 977 3458 e.
992 3401 1012 3458 l.
1025 3421 1053 3480 g.
1067 3402 1086 3457 i.
1099 3402 1119 3459 l.
1141 3410 1168 3459 et
1181 3398 1302 3459 catilin.
1322 3401 1391 3483 Τις.
1410 3401 1535 3462 Senatus
1549 3403 1701 3464 descernit.
1721 3406 1821 3466 Guell'.
1831 3409 1858 3471 6.

455 3525 486 3574 et
506 3514 625 3590 (omisso
643 3505 758 3582 senatu)
778 3505 847 3562 Vin.
863 3524 888 3561 1.
918 3523 978 3564 sen.
989 3505 1125 3562 decrevit.
1145 3503 1241 3564 Guell.
1257 3507 1284 3565 8.
1306 3507 1390 3570 Bern,
1404 3527 1431 3570 a.
1460 3507 1593 3566 decer-uu
1606 3529 1667 3567 sen.
1694 3508 1809 3571 Fabric.
1833 3535 1858 3572 a.

454 3625 597 3700 preterea
614 3611 751 3672 decreuit.
771 3607 868 3670 Guels.
884 3630 911 3687 7.
929 3627 973 3670 ιο.
999 3607 1061 3666 Bas.
1076 3628 1103 3668 a.
1123 3611 1192 3668 Vin.
1205 3630 1231 3668 ι.
1250 3609 1331 3669 leid.
1343 3610 1374 3674 h.
1395 3611 1480 3671 Bern.
1494 3616 1522 3672 3.
1547 3623 1693 3691 preterea
1710 3615 1757 3674 uti
1778 3638 1857 3680 eous.

455 3719 598 3784 decernit.
632 3715 729 3777 Gueli,
743 3735 772 3794 9.
798 3721 939 3792 praterea
961 3709 1062 3768 delent.
1079 3711 1147 3770 hab.
1163 3713 1281 3772 decern.
1303 3734 1332 3772 ιι.
1350 3734 1375 3774 c.
1397 3713 1536 3786 cauta.
1557 3718 1709 3777 dilectum.
1740 3720 1856 3802 Erlaug.

452 3830 598 3906 paterent.
619 3817 717 3880 Guels.
741 3837 786 3874 ιι.
814 3813 874 3872 llas.
892 3834 918 3872 a.
938 3813 1022 3871 Rem.
1047 3826 1140 3896 uterq.
1161 3838 1200 3874 m.
1214 3838 1259 3896 pr.
1288 3818 1381 3877 adsum
1399 3830 1450 3878 est.
1478 3819 1541 3879 Bas.
1568 3843 1592 3879 ι.
1610 3844 1638 3881 2.
1656 3823 1728 3895 M.
1758 3846 1859 3884 omues
1920 3835 1927 3844 “

455 3928 537 3990 Leid.
559 3925 675 3985 Gruter.
697 3920 788 3980 Wan.
808 3917 876 3976 Tur.
894 3936 918 3974 1.
935 3937 961 3980 2.
982 3916 1066 3976 Bem.
1086 3941 1109 3977 ι.
1128 3940 1154 3978 ι.
1167 3919 1195 3980 3.
1215 3932 1265 3981 est.
1285 3925 1381 3981 omiss.
1394 3923 1475 3983 Curt.
1496 3945 1580 4004 teque
1592 3947 1719 4004 remque.
1739 3931 1857 4010 sicplu·

457 4035 526 4094 rimi
544 4027 641 4089 codd.
660 4025 748 4086 ceteri
770 4023 818 4100 (ut
830 4041 917 4100 supm
937 4042 963 4080 c.
978 4023 1015 4100 9)
1036 4035 1086 4081 aut
1101 4043 1130 4082 se
1145 4044 1258 4102 remque
1276 4037 1326 4085 aut
1340 4047 1375 4086 se
1385 4038 1413 4086 et
1429 4047 1501 4087 rem.
1524 4049 1615 4108 neque
1630 4032 1739 4109 aliqua}
1749 4055 1797 4114 pr,
1809 4033 1857 4092 in.

457 4141 539 4198 duet.
561 4133 664 4193 incerti
678 4141 706 4189 et
724 4128 820 4186 Guelf.
835 4147 864 4206 9.
885 4125 1036 4204 quisquam
1053 4126 1117 4189 ind.
1137 4128 1216 4186 Leid.
1232 4151 1259 4188 a.
1281 4132 1377 4190 morbi
1383 4172 1395 4203 ,
1416 4132 1462 4191 uti
1477 4133 1565 4192 tabes.
1589 4146 1645 4192 tres
1662 4136 1783 4212 Wassii,
1796 4140 1855 4198 duo

458 4241 593 4310 Gmteri,
612 4255 689 4295 uuus
706 4233 782 4291 llirii
795 4229 871 4288 Cod.
892 4238 977 4306 atque
991 4232 1077 4288 etiam
1092 4233 1124 4290 iu
1146 4231 1229 4297 Paris.
1246 4255 1270 4292 e.
1289 4256 1410 4296 erasum.
1432 4247 1519 4316 utque
1533 4240 1579 4296 uti
1598 4241 1678 4300 tubes
1689 4245 1784 4308 ceteri.
1805 4246 1857 4302 de·

459 4352 591 4408 emerat.
612 4338 692 4398 leid.
704 4359 731 4396 a.
743 4335 772 4396 b.
786 4355 813 4397 c.
824 4333 854 4392 d.
866 4354 892 4392 e.
904 4333 924 4392 l.
937 4353 965 4414 g.
979 4331 1010 4392 h.
1023 4336 1043 4393 i.
1054 4335 1082 4399 k.
1097 4339 1117 4392 Ι.
