4050 5009
1572 382 1643 479 143

231 575 326 657 cujus
352 579 528 641 structurae
560 571 716 657 exempla
740 568 933 650 rarissima,
959 568 1104 637 fortasse
1124 568 1233 637 nulla.
1263 571 1331 637 Sed
1352 570 1545 643 mutatione
1573 598 1645 645 non

230 703 316 768 opus
336 689 396 747 est.
417 679 645 745 cinLindem.
665 680 711 743 ad
730 680 850 763 Pomp.
865 700 900 763 p.
916 680 989 761 396.
1007 680 1087 743 Jam
1107 676 1204 743 enim
1222 676 1330 761 Asper
1347 680 1438 744 hanc
1457 680 1644 751 lectionem

230 787 364 854 invenit
384 794 418 852 et
437 787 490 852 sic
510 788 754 871 interpretatus
774 802 847 849 esse
864 782 1023 851 videtur:
1045 778 1301 873 Conisturgim
1322 782 1438 873 uenit,
1466 792 1568 873 quod
1584 813 1647 877 op·

171 964 177 981 ,
227 893 357 981 pidum
397 893 500 991 apud
534 899 661 957 costra
704 887 891 983 legionum
931 898 1013 953 erat
1043 893 1078 955 h.
1113 912 1142 955 e.
1181 910 1253 955 non
1284 892 1329 953 ad
1362 892 1517 979 legiones
1549 896 1647 963 venit

229 985 476 1091 Conisturgim,
508 1000 570 1063 sed
596 994 851 1079 Conisturgim,
882 1013 959 1075 quse
978 1003 1053 1059 erat
1081 999 1174 1081 apud
1200 994 1385 1083 legiones»
1414 1000 1553 1066 videtur
1586 1002 1645 1069 hic

228 1108 329 1173 loeus
357 1111 404 1171 ad
428 1103 621 1171 Sertorium
642 1097 834 1184 pertinere,
861 1097 925 1181 qui
948 1084 1118 1165 ll'omanis
1145 1104 1189 1165 ad
1213 1104 1322 1167 Anam
1351 1106 1494 1171 fluvium
1520 1108 1648 1195 iugatis

230 1212 394 1278 Baticam
422 1206 639 1295 provinciam
663 1204 800 1271 invasit.
830 1202 892 1270 cfr.
915 1224 1019 1291 snpra
1046 1228 1122 1293 pag.
1150 1212 1403 1295 6.-··.-177-Irs
1421 1208 1647 1297 Hispaniam

231 1336 365 1385 sersus.
387 1308 474 1381 Cum
493 1312 688 1377 Priscianus
705 1313 780 1377 hac
801 1312 907 1377 verba
930 1333 974 1379 ex
995 1314 1202 1379 Catilinario
1220 1316 1358 1401 laudet,
1380 1336 1507 1381 norum
1535 1318 1572 1383 id
1597 1328 1647 1385 est

231 1422 429 1505 exemplum
446 1419 591 1483 incuriae
603 1418 927 1504 grammaticorum,
944 1440 1093 1503 quorum
1105 1420 1324 1507 diligentiam
1344 1422 1477 1489 indocti
1495 1424 1648 1490 laudant.

230 1528 293 1593 cir.
311 1505 404 1593 inira
428 1524 471 1589 ir.
494 1526 562 1587 160.
597 1525 720 1606 ·176.-
739 1526 836 1590 Mor
858 1532 970 1589 tanta
978 1522 1139 1617 flagitia
1163 1526 1203 1593 ira
1228 1525 1301 1592 tali
1324 1526 1401 1595 viro
1426 1538 1488 1596 etc.
1507 1533 1576 1596 lsoc
1603 1535 1646 1596 de
1668 1600 1672 1611 ,

229 1634 329 1699 suns
346 1634 402 1700 vel
426 1635 469 1697 de
489 1630 602 1695 Mario
621 1630 754 1693 dictum
773 1639 866 1715 puta.
887 1629 948 1696 cir.
965 1634 1044 1719 lug.
1063 1634 1113 1713 96.
1134 1632 1194 1698 fin.
1227 1655 1352 1717 -179.-
1373 1636 1459 1719 (lua
1478 1632 1646 1701 occidam

231 1746 303 1803 aut
323 1758 396 1822 quo
418 1740 492 1803 haec
518 1758 561 1803 ex
585 1736 745 1801 oratione
767 1736 935 1823 supplicis
961 1748 1119 1825 excerpta
1132 1722 1212 1805 'esse
1236 1740 1415 1817 videnturs
1438 1742 1564 1809 dixerit
1583 1742 1647 1807 ali-

232 1844 312 1927 quis
326 1848 400 1911 haec
420 1864 461 1909 ex
478 1842 684 1909 Adherbalis
698 1830 856 1909 oratione
870 1847 950 1933 lug.
966 1866 995 1909 c.
1015 1862 1063 1923 ι4.
1081 1847 1235 1925 laudari,
1256 1866 1366 1931 eoque
1385 1846 1550 1914 Palmerii
1564 1866 1648 1913 con·

228 1948 399 2030 jecturam
420 1948 636 2031 confirmari,
658 1950 722 2032 qui
745 1946 925 2015 occidam.
939 1952 1010 2039 legi
1027 1953 1140 2033 jussit.
1165 1956 1232 2018 Sed
1251 1973 1294 2019 eo
1311 1954 1391 2019 loco
1412 1956 1585 2019 accedere
1613 1961 1646 2019 et

232 2057 341 2119 Codd.
362 2054 583 2133 auctoritate,
602 2061 636 2117 et
654 2054 763 2137 ipsius
783 2058 963 2123 sententiae
983 2060 1119 2124 ratione
1139 2059 1346 2123 defenditur.

317 2161 440 2225 -180.·
468 2152 623 2237 Imperii
640 2159 865 2237 proterendi
884 2158 1107 2243 percupidus
1128 2170 1190 2227 etc.
1224 2160 1362 2223 Luculli
1390 2161 1573 2245 ingenium
1592 2158 1649 2223 his

233 2267 351 2333 verbis
378 2266 588 2330 illustratum
618 2272 713 2349 puta.
753 2266 796 2327 In
824 2262 916 2327 alius
943 2264 1038 2328 enim
1070 2262 1184 2345 ducis,
1213 2264 1309 2343 cujus
1335 2266 1373 2329 in
1394 2264 1462 2328 Sal.
1485 2262 1668 2330 Historiis

234 2376 365 2440 mentio
376 2372 484 2449 facta,
503 2388 688 2456 personam
703 2388 775 2434 non
799 2370 980 2451 quadrant.
1002 2376 1126 2434 cetera
1146 2366 1311 2461 egregius
1330 2374 1375 2436 de
1396 2372 1461 2435 hac
1480 2377 1650 2435 structura

235 2480 318 2546 vide
333 2498 438 2565 supra
453 2481 499 2541 ad
513 2476 555 2541 fr.
569 2496 638 2559 ¹74·
656 2476 725 2541 sed
738 2477 806 2541 hoc
823 2472 1059 2555 adjiciendum
1072 2482 1207 2541 coetera
1228 2480 1320 2561 apud
1338 2472 1510 2564 optimum
1529 2498 1650 2561 quem·
1755 2480 1757 2483 ’

234 2608 303 2669 que
324 2586 527 2671 scriptorem
548 2582 726 2665 adjectivis
743 2581 857 2669 jungi.
875 2578 936 2646 cfr·
950 2580 1116 2647 Ruddim.
1136 2584 1179 2646 11.
1190 2606 1225 2669 p.
1240 2586 1290 2647 62.
1319 2589 1441 2649 -161.-
1462 2586 1530 2649 Cir.
1547 2580 1662 2670 supra'

233 2692 276 2756 ir.
295 2692 363 2757 ino.
376 2694 423 2755 16.
440 2711 552 2775 neque
564 2694 638 2757 haec
652 2712 718 2775 pro
729 2690 892 2778 genuinis
906 2689 1048 2763 Salustii
1060 2690 1175 2755 verbis
1186 2693 1355 2779 habenda.
1376 2712 1446 2774 quo
1462 2692 1556 2757 enim
1570 2692 1648 2757 loco

153 2780 166 2805 ⁰
234 2801 309 2863 haec
327 2798 515 2859 laudantur
528 2794 636 2879 (Serv.
648 2799 692 2857 ad
709 2797 834 2880 Georg.
856 2800 886 2858 3.
904 2794 993 2873 3ι3.)
1012 2794 1151 2859 Servius
1169 2793 1398 2877 interpolatus
1414 2816 1485 2859 esse
1501 2796 1649 2859 videtur.

236 2936 256 2953 ·
270 2903 339 2963 182.
349 2934 368 2951 ·
387 2898 545 2980 Speciem
558 2907 681 2979 captae
696 2892 807 2959 seriis.
826 2897 1021 2980 putaverim
1037 2899 1104 2957 hoc
1118 2897 1162 2955 ad
1180 2896 1308 2977 piratas
1329 2896 1453 2961 Cilices
1465 2897 1650 2981 pertinere,

238 3006 303 3089 qui
330 3024 409 3068 cum
433 3022 496 3087 per
525 3001 670 3082 aliquod
693 3009 827 3081 tempus
854 2998 1021 3081 Sinopem
1046 2998 1166 3061 urbem
1194 2997 1443 3087 defendissent,
1475 3003 1519 3067 de
1540 3002 1649 3069 salute

237 3114 458 3195 desperantes
493 3106 664 3190 direptam
699 3104 924 3185 reliquerant.
961 3100 1021 3165 cfr.
1045 3122 1148 3189 supra
1174 3124 1252 3191 pag.
1286 3111 1337 3182 34.
1376 3108 1465 3171 Plut.
1490 3111 1572 3172 Luc.
1597 3112 1647 3173 ι3.

236 3218 342 3282 Debr.
366 3214 454 3277 Hist.
475 3216 518 3277 R.
533 3215 576 3277 R.
591 3213 630 3275 L.
649 3213 696 3276 IV
698 3256 706 3272 .
728 3212 800 3286 466.
828 3210 951 3271 -183.·
970 3210 1071 3274 Dum
1090 3210 1277 3293 paulatim
1302 3219 1365 3275 eto.
1389 3213 1433 3274 ad
1449 3214 1581 3277 bellum
1603 3214 1652 3277 ci·

238 3324 309 3389 silc
327 3318 431 3386 refert
451 3321 556 3384 Debr.
573 3320 642 3383 Sed
660 3316 830 3381 hariolari
854 3314 1009 3398 videtur,
1031 3314 1139 3378 nullis
1159 3316 1253 3379 enim
1279 3316 1492 3403 argumentis
1515 3327 1653 3383 senten·

241 3429 325 3493 tiam
346 3447 442 3492 suam
459 3424 624 3505 firmavit,
642 3424 768 3489 rectius
786 3423 908 3504 utique
930 3422 976 3483 ad
993 3422 1156 3505 proelium
1180 3426 1226 3485 ad
1246 3424 1412 3487 Caberam
1427 3425 1549 3488 urbem
1564 3442 1652 3511 pug-

239 3542 360 3599 natum
382 3530 518 3595 referas.
538 3529 599 3593 cfr.
620 3529 709 3591 Plut.
730 3531 813 3591 Luc.
834 3525 943 3601 15·’ert
970 3512 1134 3600 &roaros
1153 3554 1380 3627 συμπεσοιτες
1398 3521 1649 3621 ἅγωνίζεσθαιι,
1665 3596 1667 3603 .

239 3620 396 3711 vacivus
415 3619 577 3728 imrt'ettt
603 3631 655 3705 dit
681 3656 949 3733 arpos-yssopum.
981 3650 1113 3714 bellum
1146 3650 1240 3713 enim
1273 3670 1345 3713 non
1377 3672 1448 3717 uno
1480 3651 1559 3717 loco
1587 3675 1651 3737 pro

240 3760 367 3846 proelio
394 3756 556 3842 positum.
584 3754 646 3818 cfr.
670 3758 780 3822 Varro
805 3758 844 3818 1.
877 3757 916 3819 L.
944 3757 974 3819 6.
1002 3758 1033 3817 3.
1059 3754 1133 3818 Lir.
1165 3770 1214 3832 44.
1234 3760 1284 3831 34.
1315 3754 1375 3821 cir.
1399 3760 1490 3824 Cort.
1516 3762 1561 3822 ad
1583 3758 1651 3823 Sal.

243 3868 315 3929 Cat.
329 3886 360 3946 9.
382 3884 437 3948 ap.
446 3864 620 3926 lustinum
629 3869 664 3926 et
673 3870 792 3947 poetas
799 3860 995 3946 saepissime.
1016 3856 1295 3937 -164.-Carrina
1307 3870 1349 3926 ut
1362 3860 1417 3927 ait
1429 3860 1574 3951 Appius
1589 3875 1650 3929 eto.

243 3971 290 4046 «i.
308 3991 337 4034 e.
357 3968 505 4053 forensi,
526 3986 603 4050 quse
621 3986 710 4052 saepe
730 3966 818 4031 alios
838 3964 1030 4049 lacessivit,
1051 3972 1110 4029 aut
1134 3964 1295 4030 laceravit
1330 3969 1548 4035 lacessentes:
1584 3968 1653 4057 irn-

245 4074 369 4160 primis
387 4078 431 4138 de
452 4074 524 4139 illis
548 4091 723 4136 causarum
749 4071 905 4158 patronis
930 4070 1001 4135 dici
1024 4090 1139 4157 posse,
1171 4072 1233 4153 qui
1253 4074 1405 4151 omissis,
1435 4094 1512 4157 que
1530 4076 1653 4157 agunt,

244 4180 355 4247 veluti
374 4199 473 4244 canes
489 4178 640 4245 invicem
657 4198 731 4243 sese
750 4179 918 4263 lacerant,
933 4176 1119 4264 jurgiaque
1138 4198 1317 4244 causarum
1342 4184 1386 4243 ad
1408 4176 1553 4259 injurias
1576 4192 1654 4241 suas

247 4294 476 4365 commutant,
502 4294 596 4373 patet
627 4304 669 4353 ex
686 4292 777 4351 ·nota
812 4304 861 4349 ιο.
890 4283 1077 4351 savaronis
1094 4286 1140 4349 ad
1169 4284 1287 4350 Sidon.
1313 4288 1369 4359 IV.
1397 4284 1457 4367 Ep.
1474 4286 1504 4347 3.
1527 4304 1562 4367 p.
1583 4284 1654 4347 2³³.
1681 4329 1692 4343 .
