4050 5009
328 382 402 481 154
431 418 435 423 ·

286 535 290 539 .
320 582 497 645 mmanos
516 572 618 661 regni
634 570 781 639 heredes
800 570 953 639 instituit
972 570 1018 638 Il.
1041 572 1088 640 ri.
1121 570 1341 641 Mithridates
1363 574 1500 647 bellum
1527 570 1648 651 contra
1674 590 1748 656 Ro-

322 704 444 753 manos
462 690 562 771 parat
580 681 624 744 ΙΙ.
646 683 700 763 ³7·
723 694 773 761 ²9·
788 676 829 763 ο)

938 1026 1039 1101 Lrn.
1072 1029 1137 1102 IIL

534 1196 610 1273 Res
634 1198 742 1270 mnu
763 1194 838 1269 680
864 1211 901 1269 et
924 1194 996 1269 681
1020 1222 1060 1294 p.
1093 1194 1137 1271 U.
1166 1194 1204 1270 C.
1229 1212 1351 1296 gestas
1377 1202 1544 1275 continet.

409 1374 619 1442 Tribuniciae
638 1372 800 1459 procellae
819 1392 841 1436 a
860 1371 1005 1457 Quintio
1028 1372 1095 1437 inc.
1118 1374 1186 1451 148.
1210 1374 1278 1453 184.
1299 1382 1333 1437 et
1353 1375 1489 1441 Licinio
1511 1378 1673 1445 excitatae.
1685 1383 1745 1446 111.

332 1507 381 1549 ra.
402 1501 431 1563 4.
455 1503 502 1547 ra.
523 1486 573 1559 34.
603 1480 748 1544 Sertorii
776 1499 829 1544 res
850 1478 1025 1551 inclinatae
1047 1481 1105 1541 111.
1135 1497 1166 1542 a.
1196 1482 1224 1543 5.
1255 1484 1305 1543 31.
1334 1474 1499 1545 Dianium
1529 1494 1630 1569 caput
1658 1460 1756 1551 belti'

329 1588 507 1655 maritimi.
535 1590 595 1650 Ill.
624 1609 672 1648 21.
703 1584 864 1669 Pompeji
898 1584 1065 1651 exercitus
1110 1584 1202 1650 fame
1245 1586 1389 1650 laborat.
1423 1590 1484 1651 III.
1521 1612 1568 1653 ιι.
1597 1590 1664 1655 inc.
1694 1596 1744 1671 46.

328 1693 472 1761 Sertorii
492 1692 625 1756 invidia
646 1700 680 1756 et
701 1712 794 1755 mors
819 1693 863 1758 11.
894 1708 944 1767 4⁰·
976 1695 1027 1769 43.
1049 1693 1100 1770 4⁵·
1130 1690 1196 1756 inc
1219 1694 1269 1759 tr.
1303 1695 1333 1757 A
1357 1694 1507 1761 Curione
1527 1697 1567 1761 in
1586 1668 1747 1761 llaoedo·

332 1801 393 1864 nia
411 1818 466 1863 res
485 1817 647 1881 prospere
667 1803 769 1881 gestae
790 1797 851 1858 ΙΙΙ.
872 1799 922 1858 56.
943 1798 1001 1861 IV.
1028 1799 1074 1859 13.
1100 1795 1218 1881 14⁰⁰)
1253 1798 1321 1862 ino.
1345 1820 1395 1881 91·
1419 1818 1488 1885 172.
1504 1819 1574 1867 aot.
1604 1802 1744 1866 Mithri·

332 1904 419 1969 datis
439 1904 539 1988 origo
566 1902 632 1967 inc.
654 1902 725 1977 ²45.
745 1902 806 1963 111.
829 1921 857 1982 9.
876 1899 955 1984 Μ)
976 1901 1147 1969 exercitus
1168 1922 1328 1989 opesque.
1350 1904 1418 1971 inc.
1442 1902 1489 1971 18.
1511 1910 1561 1971 55.
1585 1928 1653 1973 ror.
1678 1907 1746 1991 187.

431 2192 471 2275 ⁴2)
493 2194 530 2259 A.
551 2193 593 2255 U.
614 2193 674 2274 679
695 2188 919 2254 Nicomedem
939 2211 1058 2279 regem
1079 2211 1152 2259 esse
1174 2200 1346 2259 mortuum
1369 2194 1452 2258 satis
1472 2199 1621 2273 constat,
1642 2212 1747 2277 quare
1777 2218 1781 2225 ’

328 2298 402 2379 jam
420 2300 488 2362 hoc
508 2297 601 2361 libro
624 2299 891 2361 detestamcnto
912 2295 956 2359 ab
986 2317 1028 2363 eo
1051 2298 1144 2364 facto
1167 2281 1358 2384 expositum
1379 2298 1503 2365 luerat.
1526 2300 1564 2363 id
1584 2302 1678 2383 quod
1698 2300 1749 2363 lo·
1824 2347 1825 2350 ,

254 2468 267 2475 ,
335 2424 412 2483 cus,
432 2424 536 2486 quem
556 2421 660 2486 supra
673 2401 905 2487 laudavimus,
926 2403 1133 2468 confirmare
1153 2404 1300 2471 videtur.
1319 2406 1447 2467 Eadem
1468 2408 1512 2469 de
1532 2424 1634 2468 causa
1647 2407 1750 2469 Mith-

335 2511 482 2574 ridatem
502 2516 577 2570 turn
596 2507 749 2590 primum
769 2507 928 2571 debello
951 2506 1119 2573 Romanis
1133 2506 1322 2601 ,inserendo
1343 2507 1510 2593 cogitasse
1529 2518 1625 2592 puto.
1645 2509 1751 2589 Cujus

336 2612 390 2677 rei
409 2620 564 2675 auctores
591 2610 625 2675 ei
654 2609 795 2673 fuerunt
814 2613 852 2676 L.
873 2612 1010 2697 Magius
1040 2620 1073 2677 et
1099 2614 1137 2675 L.
1155 2612 1299 2696 lunius,
1328 2612 1390 2695 qui
1410 2620 1469 2675 aut
1489 2633 1531 2677 ex
1550 2612 1751 2677 Fimbriana

337 2716 515 2783 seditione,
527 2716 567 2780 in
586 2716 666 2784 Asia
694 2716 907 2793 restiterant,
929 2727 988 2780 aut
1006 2716 1166 2801 Appiano
1187 2725 1325 2782 auctora
1346 2718 1465 2781 Mithr.
1484 2719 1534 2781 tid.
1555 2736 1575 2781 a
1594 2714 1748 2783 Sertorio

337 2823 377 2889 in
396 2810 514 2887 Asiam
540 2821 676 2887 dimissi
709 2832 833 2903 erant,·
858 2831 897 2887 ut
918 2820 1155 2888 Mith'ridatem
1178 2825 1221 2886 ad
1242 2824 1375 2887 bellum
1403 2823 1569 2889 Romanis
1600 2822 1755 2887 inferen-

341 2933 425 2997 dum
445 2950 649 3018 magnorum
671 2931 895 3014 praemiorum
914 2950 974 3016 spe
995 2930 1227 3018 impellerent.
1262 2920 1413 2995 Societas
1440 2930 1548 3017 igitur
1568 2929 1659 2993 inter
1679 2928 1746 2994 Mi-

339 3035 527 3100 thridatem
548 3043 581 3098 et
599 3032 790 3100 Sertorium
805 3038 861 3100 vel
882 3036 987 3116 hujus
1008 3036 1094 3101 anni
1116 3038 1230 3121 exitu,
1249 3036 1305 3101 vel
1327 3036 1500 3120 sequentis¹
1514 3034 1616 3099 initio
1632 3036 1752 3115 juncta

309 3155 313 3166 ‘
340 3160 413 3207 esse
432 3138 583 3226 ridetur,
611 3143 671 3205 sed
696 3142 828 3205 bellum
856 3141 1001 3211 nonnisi
1028 3143 1130 3207 tertio
1149 3134 1251 3206 'anno
1279 3152 1357 3227 post
1383 3143 1577 3225 inceptum3
1606 3160 1752 3224 sequens

307 3300 310 3304 .
340 3245 565 3313 erimannus
587 3252 677 3311 totus
698 3247 738 3311 in
756 3248 853 3311 bello
873 3250 1030 3331 parando
1052 3256 1275 3331 consumptus
1296 3264 1367 3310 esse
1387 3245 1535 3311 videtur.

418 3350 476 3437 ⁰⁰)
496 3355 578 3417 Haec
596 3349 788 3437 fragmenta
807 3353 901 3416 hunc
919 3355 964 3415 ad
985 3352 1103 3417 locum
1122 3351 1337 3435 rettulimus,
1357 3352 1452 3433 quod
1471 3350 1534 3413 lib.
1553 3352 1610 3417 IV.
1632 3351 1755 3417 Curio-

342 3457 398 3521 nis
418 3449 552 3520 meutio
572 3448 649 3521 fieri
678 3455 736 3520 vix
756 3457 887 3543 potuit,
913 3457 1044 3541 quippe
1066 3456 1127 3520 ubi
1149 3458 1192 3519 de
1212 3454 1345 3519 Luculli
1366 3453 1561 3541 triumpho,
1597 3457 1659 3541 qui
1677 3466 1754 3542 po'st

343 3563 528 3627 Curionem
549 3563 787 3627 Macedoniam
809 3571 1003 3647 curaverat,
1025 3562 1217 3647 expositum
1238 3568 1321 3624 erat.
1457 3570 1459 3573 ’
1712 3554 1714 3559 ’
1749 3544 1752 3549 ’

382 3666 460 3752 ⁰⁹⁰)
475 3670 557 3735 Haec
577 3668 768 3757 fragmenta
788 3668 978 3734 certissimo
998 3676 1079 3733 sunt
1100 3673 1315 3755 argumento,
1336 3667 1381 3731 de
1395 3666 1609 3731 Mithridatis
1628 3682 1755 3751 genere

345 3779 380 3838 et
399 3774 588 3852 majoribus
608 3778 676 3839 hoc
695 3779 835 3839 demum
855 3775 949 3839 libro
970 3772 1163 3839 accuratius
1177 3772 1281 3837 fuisse
1302 3772 1504 3857 expositum.
1518 3772 1639 3856 lragm.
1660 3770 1756 3834 cuim
1845 3848 1852 3860 ι

345 3880 407 3943 111.
420 3902 449 3962 9.
469 3882 513 3943 ad
535 3880 607 3961 ejus
620 3899 785 3965 proavum
802 3880 991 3966 pertinere,
1012 3881 1102 3944 bene
1113 3880 1216 3945 Debr.
1230 3878 1485 3944 animadvertit.
1506 3876 1566 3943 cir.
1582 3875 1756 3941 Plutarch.

344 3986 532 4054 Demetrio.
554 4005 584 4064 4.
605 3988 771 4050 Caeterum
792 4006 895 4051 nemo
917 3987 986 4049 sibi
1007 3986 1046 4049 in
1066 3985 1222 4050 animum
1243 3984 1395 4069 inducat,
1416 3992 1456 4047 ut
1475 3988 1584 4068 putet,
1602 3981 1756 4067 primum
1857 3968 1864 3977 ’

345 4101 379 4158 et
398 4096 587 4157 secundum
604 4091 737 4154 bellum
759 4092 1036 4155 Mithridaticum
1058 4090 1239 4155 asalustio
1261 4090 1300 4154 in
1320 4092 1385 4153 hac
1405 4088 1619 4175 digressione
1651 4085 1755 4151 tuisse

344 4206 551 4263 enarratum.
573 4198 640 4261 sed
669 4195 787 4281 paucis
814 4195 870 4258 his
898 4198 942 4263 de
968 4197 1072 4267 rebus
1099 4214 1201 4287 agere
1223 4216 1361 4267 necesse
1388 4192 1473 4277 tuit,
1493 4203 1533 4262 ut
1557 4193 1651 4265 tertii
1670 4189 1758 4259 belli

346 4321 450 4372 eausa
469 4302 611 4376 stratio
633 4309 719 4377 esset
739 4299 933 4373 nanterre.
1493 4316 1505 4333 ‘
