4050 5009
1601 394 1648 473 51

243 584 359 676 dnm,
382 612 482 661 num
501 584 600 661 liber
612 580 833 660 subdititius
845 578 896 659 sit
909 607 961 657 an
978 579 1163 671 anamais,
1190 580 1300 687 cujus
1325 606 1466 661 nomen
1489 579 1649 689 inscrip-

243 716 329 777 tum
347 688 420 792 est,
445 718 574 777 tamen
588 699 665 777 boc
677 702 803 805 ipsum
817 698 1022 803 dijudicari
1040 724 1120 775 non
1136 714 1275 801 potest,
1299 699 1373 775 nisi
1391 700 1521 777 ceteris
1537 700 1650 777 disci-

241 815 360 922 plinis
391 816 582 893 adhibitis
635 819 733 891 Nam
753 834 800 891 ut
823 816 1060 913 Quintiliani
1085 816 1208 891 verbis
1230 832 1336 905 utar,
1367 816 1420 891 ita
1443 834 1535 893 sunt
1555 844 1646 893 con-

241 960 339 1008 nexa
364 950 403 1009 et
428 932 629 1009 indiscreta
659 932 761 1007 inter
792 956 831 1006 se
856 930 1010 1022 omnia,
1047 946 1092 1005 ut
1119 931 1150 1005 si
1184 930 1344 1033 quidex
1377 928 1437 1007 his
1467 932 1647 1014 defuerit,

240 1047 382 1124 frustra
396 1050 445 1123 sit
466 1050 507 1123 in
530 1047 661 1124 ceteris
682 1048 910 1123 laboratum.
949 1051 1091 1123 Versus
1113 1046 1217 1121 enim
1231 1048 1398 1123 censoria
1415 1048 1561 1153 virgula
1582 1068 1651 1123 no·

241 1181 323 1239 tare
342 1180 380 1240 et
402 1178 498 1239 totos
519 1166 653 1252 libros,
682 1180 880 1266 tamquam
900 1164 1138 1253 subdititios,
1155 1163 1298 1239 familia
1322 1190 1487 1254 movere,
1514 1180 1651 1240 utam-

239 1280 439 1368 bitiosum,
471 1282 524 1355 ita
545 1279 800 1354 difficilimum
825 1296 895 1370 est,
921 1280 994 1353 nisi
1021 1281 1106 1381 quis
1128 1280 1333 1353 maximam
1352 1306 1398 1354 ex
1417 1306 1461 1353 eo
1482 1280 1647 1384 percipit

238 1396 493 1501 voluptatem,
510 1395 634 1499 quod,
651 1422 737 1496 quoe
758 1396 835 1499 ipse
854 1393 1019 1497 judicat,
1044 1396 1094 1469 ab
1112 1396 1286 1471 omnium
1304 1397 1543 1499 persuasione
1557 1397 1647 1474 alie-

239 1512 393 1587 nissima
409 1529 509 1587 sunt.
545 1512 648 1585 Nova
669 1510 827 1611 quidem
846 1508 928 1584 haec
945 1510 1030 1613 jure
1052 1536 1120 1585 suo
1145 1511 1299 1602 dixeris,
1323 1538 1527 1615 nunquam
1538 1514 1643 1589 enim

237 1629 541 1713 inveterascunt,
581 1626 728 1699 nemini
761 1626 866 1699 enim
889 1626 1113 1727 probantur.
1165 1629 1294 1724 Quam
1321 1629 1478 1730 quidem
1506 1629 1642 1733 judicii

237 1746 489 1820 temeritatem
507 1769 597 1816 cum
616 1741 682 1815 alii
702 1740 915 1844 scriptores,
932 1757 1015 1815 tum
1030 1742 1250 1843 nuperrime
1261 1744 1368 1817 Plato
1384 1762 1558 1847 expertus
1576 1763 1640 1825 est.

236 1860 311 1935 sed
332 1876 439 1936 tanta
468 1860 523 1932 vis
544 1874 600 1932 est
620 1873 949 1960 argumentorum,
980 1882 1067 1958 quae
1086 1859 1215 1963 magni
1240 1859 1299 1933 isti
1321 1859 1443 1933 critici
1468 1888 1490 1934 a
1512 1859 1639 1963 philo-

234 1974 370 2079 sophia
392 1989 588 2077 repetunt,
611 1989 674 2062 ut,
693 1998 780 2075 quae
802 1998 1005 2075 nunqnam
1022 1972 1180 2063 fuerint,
1206 1974 1419 2077 probabilia
1437 2001 1511 2050 esse
1530 1975 1639 2051 doce-

235 2109 325 2184 ant;
349 2118 440 2164 nam
454 2088 620 2162 historiae
639 2087 795 2191 quidem
814 2088 1026 2163 testimonia
1045 2088 1185 2163 leviora
1204 2106 1311 2180 sunt,
1336 2116 1415 2194 prae
1432 2116 1493 2177 ea,
1518 2119 1637 2193 quam

234 2208 308 2311 ipsi
323 2206 568 2310 profitentur,
583 2204 779 2307 sapientia.
810 2203 882 2277 Sed
893 2204 1064 2278 sobrium
1083 2221 1199 2307 atque
1213 2230 1351 2280 sanum
1366 2206 1555 2311 judicium
1576 2208 1635 2283 in-

233 2324 369 2425 primis
393 2322 434 2394 in
455 2337 602 2424 partem
631 2319 772 2393 laboris
791 2320 1076 2422 grammaticam
1096 2337 1224 2409 vocat,
1249 2349 1328 2396 non
1354 2323 1510 2424 quidem
1531 2350 1639 2415 eam,

234 2464 353 2541 pram
371 2436 633 2537 unusquisque
649 2434 794 2509 Latinis
813 2451 851 2508 et
871 2434 1012 2509 Graecis
1036 2434 1154 2509 literis
1167 2436 1230 2525 ¹vel
1248 2438 1488 2513 mediocriter
1508 2439 1634 2513 imbu-

235 2568 313 2642 tus,
330 2552 521 2655 cognitam
539 2549 680 2625 habere
699 2550 771 2624 sibi
789 2548 963 2641 videtur,
985 2550 1051 2625 sed
1077 2576 1174 2653 quae,
1197 2553 1269 2627 nisi
1290 2556 1445 2657 propria
1467 2554 1634 2659 singulo·

315 2817 352 2875 Et
368 2816 408 2876 Π.
426 2839 451 2875 ι.
465 2818 493 2886 l.
516 2818 739 2897 (grammatica)
758 2859 774 2888 „
785 2819 882 2877 tenuis
896 2838 914 2875 a
932 2818 1030 2892 lonte,
1050 2818 1184 2878 assumtis
1200 2828 1354 2897 poetarum
1371 2830 1400 2879 et
1418 2818 1626 2881 historicorum

309 2913 421 2974 viribus
430 2954 441 2987 ,
462 2917 552 2993 pleno
569 2922 630 2993 jam
647 2918 716 2974 satis
731 2918 815 2974 alveo
831 2913 919 2989 fluit,
938 2936 1007 2973 cum
1024 2926 1125 2993 prater
1137 2916 1281 2973 rationem
1300 2928 1376 2975 recte
1396 2919 1550 2997 loquendi,
1565 2942 1627 2978 non

313 3030 419 3091 parurn
441 3012 578 3091 alioquin
598 3013 766 3091 copiosam,
787 3030 870 3091 pane
889 3012 1025 3071 omnium
1044 3012 1236 3071 maritatarum
1254 3014 1362 3071 artium
1386 3016 1539 3073 scientiam
1560 3038 1628 3075 arn-

311 3110 397 3189 plexa
417 3109 490 3167 sit.”
512 3108 647 3166 Lectioni
663 3128 766 3167 omnes
784 3111 912 3165 multum
932 3106 1088 3181 tribuunt,
1109 3109 1177 3187 quia
1196 3108 1276 3186 apud
1293 3110 1430 3189 antiquos
1447 3110 1507 3170 hac
1528 3112 1626 3170 studia

315 3206 407 3284 magis
424 3203 462 3260 ad
479 3204 680 3283 eloquentiam
695 3203 875 3283 spectabant.
895 3203 1042 3261 Nostrates
1057 3224 1125 3262 vero
1145 3205 1417 3279 autumabatur
1438 3204 1508 3265 huic
1527 3227 1625 3288 gram-

313 3301 416 3358 matici
437 3299 537 3358 officio
562 3300 760 3373 satisfaciant,
786 3310 821 3357 ut
842 3300 942 3379 potius
967 3300 999 3357 in
1022 3301 1155 3359 oratione
1182 3302 1305 3380 pedestri
1330 3302 1479 3387 recitanda
1508 3308 1622 3363 nullam

308 3398 483 3477 quantitatis
501 3398 647 3454 rationem
664 3394 794 3455 babeant
799 3437 810 3471 ,
831 3398 893 3455 imo
911 3397 1009 3455 literas
1025 3416 1043 3455 c
1059 3406 1089 3455 et
1104 3406 1117 3455 t
1136 3409 1238 3457 contra
1254 3400 1421 3479 gravissima
1438 3401 1623 3480 antiquitatis

312 3494 482 3551 testimonia
496 3510 626 3571 perverse
643 3494 848 3571 pronuntient.
876 3493 929 3550 cfr.
953 3504 1089 3572 praeterea
1111 3495 1190 3573 apud
1213 3494 1331 3553 Sextum
1356 3494 1535 3575 Empiricurn
1558 3498 1622 3559 adv.

311 3588 404 3652 Matb.
421 3589 591 3649 Graecoram
610 3592 871 3673 grammaticorum
888 3590 924 3649 de
937 3589 994 3649 hac
1017 3590 1174 3670 disciplina
1190 3591 1302 3671 judicia
1321 3614 1385 3672 cap.
1401 3592 1428 3651 3.
1450 3614 1516 3675 pag.
1534 3616 1578 3654 12.
1594 3608 1624 3655 et

313 3682 363 3755 tt,
385 3706 448 3765 cap.
464 3706 511 3744 12.
530 3708 597 3769 pag.
613 3700 665 3769 49.
685 3686 783 3769 (Edit.
797 3688 953 3745 Aureliana
966 3686 1150 3765 MDCXXI.)
1170 3688 1270 3747 Sextus
1289 3690 1350 3769 ipse
1367 3690 1452 3771 (pag.
1471 3692 1527 3771 19.)
1548 3704 1624 3753 recte

310 3782 448 3858 judicat.

356 3870 394 3952 ri
419 3871 454 3951 di
476 3907 620 3971 τεχννκσν
643 3878 702 3953 nat
711 3872 894 4001 irrupistis
904 3882 962 3953 siai
985 3870 1032 3956 soi
1064 3882 1136 3978 sisoi
1161 3874 1301 3971 σννῆσινς
1324 3888 1384 3957 καὶ
1409 3912 1508 4005 συγγ
1508 3878 1624 4009 pavois

329 3976 388 4061 τῆς
411 3980 652 4104 γραμμστνκῖς
670 3976 756 4102 pipi
781 3961 909 4065 πολλην
941 3969 1011 4070 ἔχει
1038 3974 1236 4080 σνμπλσκην
1266 4014 1325 4057 και
1336 3977 1517 4109 ἀνάκρισιν
1542 3978 1623 4085 apic

327 4068 376 4148 rai
398 4074 517 4149 λοιπαί.
541 4076 604 4152 Kal
627 4104 697 4172 γαρ
721 4076 818 4161 sireis
840 4068 929 4164 aetii.
918 4108 977 4151 ων
995 4070 1239 4205 e’m'estttite'
1205 4110 1237 4154 ον
1264 4110 1336 4203 χωρ
1341 4114 1368 4167 νς
1391 4114 1444 4158 rav
1474 4090 1621 4177 τεχνικοῦ

329 4171 390 4246 nat
422 4176 580 4291 irrepsisti
614 4179 737 4269 γίνεται
768 4204 909 4297 μκρννς,
950 4206 1010 4251 stas
1043 4168 1188 4279 ἑκάτερον
1226 4178 1343 4256 τούτων
1375 4182 1410 4255 ati
1451 4180 1604 4276 δίχα
1566 4216 1620 4272 της

329 4273 392 4345 σῦν
414 4258 533 4348 clami
556 4274 780 4371 σσνκπλσκης
804 4273 1001 4366 συνέστηκεν.

1099 4388 1124 4444 st·
