4050 5009
604 378 672 462 ιρι

594 544 718 621 tulere
747 544 956 638 militibus,
980 545 1166 650 qusniam
1197 546 1399 653 imperatu,
1422 547 1660 627 conturbatis
1686 546 1890 637 omnihus,
1914 570 1996 621 noa

534 749 537 760 Δ
595 684 752 775 poterat
776 674 934 773 Iamque
950 670 1028 761 dies
1049 688 1295 775 cunsumpttu
1310 688 1409 771 erat,
1433 700 1556 777 quum
1576 689 1707 759 tamen
1718 670 1873 747 barbari
1893 666 1994 744 nihil

595 789 807 887 iemittem
824 810 960 896 atque,
983 793 1044 867 uti
1060 818 1160 896 reges
1174 812 1449 898 praeceperant,
1474 812 1625 872 nostem
1641 793 1874 900 prostrati,
1899 790 1995 866 acri-

595 940 640 987 us
665 916 813 1017 instare.
860 919 962 991 Tum
981 915 1126 989 Marius
1149 942 1197 991 ex
1216 918 1325 1021 eopia
1347 944 1477 993 rerum
1494 918 1696 1021 consilium
1709 917 1846 1006 trehit,
1869 932 1993 1017 atque,

594 1041 654 1116 uti
682 1041 760 1114 suis
787 1040 957 1142 oeueptui
983 1037 1088 1113 locus
1111 1054 1219 1127 esset,
1240 1040 1348 1114 collis
1375 1039 1468 1115 duos
1491 1042 1726 1145 propinquos
1747 1041 1849 1115 inter
1869 1065 1909 1113 se
1937 1064 1995 1111 oc·

594 1180 730 1268 cupat3
750 1188 917 1266 quorum
941 1162 983 1237 in
1003 1188 1102 1252 uno,
1125 1163 1255 1237 castris
1272 1190 1411 1266 parum
1430 1165 1577 1269 amplo,
1602 1164 1694 1240 sons
1708 1189 1818 1267 aquae
1835 1186 1995 1265 magnus

593 1305 675 1363 erat
695 1321 702 1361 :
729 1287 826 1363 alter
847 1286 931 1361 usui
952 1300 1204 1389 opportunus,
1226 1286 1317 1388 quia
1337 1312 1477 1391 magna
1494 1304 1603 1389 parte
1627 1286 1750 1361 editus
1773 1302 1811 1360 et
1830 1309 1994 1389 praeceps

592 1436 716 1515 pauca
741 1409 981 1485 munimento
1002 1407 1204 1510 quaerebat,
1254 1411 1430 1484 Ceterum
1450 1409 1555 1513 apud
1572 1436 1713 1512 aquam
1737 1408 1883 1483 Sullam
1904 1432 1992 1480 cum

593 1533 785 1635 equitibus
806 1547 957 1606 noctem
975 1530 1117 1634 agitare
1135 1530 1255 1606 iubet.
1305 1534 1388 1634 Ipse
1406 1532 1610 1635 paullatim
1633 1532 1813 1636 dispersos
1832 1530 1997 1614 militas,

594 1684 718 1759 neque
749 1656 876 1729 minus
911 1653 1084 1728 hostibus
1113 1652 1372 1742 conturbatis,
1404 1654 1451 1728 ,in
1486 1680 1612 1730 unum
1645 1652 1872 1729 contrahit:
1906 1651 1993 1727 dein

594 1796 750 1857 cunctos
770 1779 885 1881 pleno
909 1775 1031 1879 gradu
1054 1776 1097 1849 in
1122 1776 1259 1851 collem
1277 1776 1467 1851 subducit
1516 1781 1572 1852 Ita
1587 1804 1711 1883 reges,
1736 1778 1811 1851 loci
1830 1775 1992 1851 difficul-

595 1919 672 1982 tate
696 1902 834 1989 coacti‚
856 1898 987 2004 praelio
1015 1897 1281 1991 deterrentur3
1305 1926 1429 2003 neque
1454 1916 1582 1976 tamen
1602 1894 1693 1976 'suos
1718 1900 1868 2005 longius
1890 1900 1991 1972 abire

591 2029 744 2117 sinunt,
767 2024 852 2113 sed,
869 2037 1034 2122 utroque
1050 2021 1406 2096 collemultitutline
1422 2022 1675 2111 circumdato,
1699 2023 1806 2098 effusi
1819 2022 1992 2098 consede·

591 2177 640 2225 re.
690 2148 793 2224 Dein
818 2144 959 2219 crebris
987 2143 1138 2247 ignibus
1168 2142 1297 2233 factis,
1321 2144 1547 2246 plerumque
1583 2147 1704 2219 noetis
1735 2146 1892 2221 barbari
1927 2172 1990 2219 suo

591 2264 698 2349 more
733 2270 872 2357 luctari,
902 2266 1105 2356 exsultare,
1128 2281 1292 2369 strepere
1323 2268 1477 2341 vocibus
1501 2301 1509 2340 :
1535 2285 1573 2343 et
1600 2269 1670 2372 ipsi
1697 2269 1811 2343 duces
1826 2268 1990 2353 feraces,

592 2397 683 2499 quia
705 2420 785 2467 nou
810 2391 955 2493 fugere,
984 2405 1100 2489 atque
1125 2416 1195 2491 pro
1214 2389 1419 2465 victoribus
1435 2418 1550 2493 agere.
1578 2390 1673 2467 ‚sed
1692 2418 1733 2465 ea
1765 2410 1906 2466 cuncta
1922 2394 1989 2463 tto-

587 2516 715 2593 manis
734 2542 782 2589 ex
812 2510 974 2587 tenebris
994 2528 1032 2584 et
1056 2510 1279 2588 editioribus
1299 2511 1389 2586 locis
1410 2513 1537 2587 facilia
1562 2514 1645 2589 uisu
1671 2542 1887 2619 magnoque
1901 2514 1988 2588 hur-

474 2771 478 2776 ’
592 2771 721 2831 nimenta
741 2767 840 2845 egebat
859 2764 899 2824 ita
916 2762 1079 2827 Gmteuet
1099 2762 1242 2837 Wassius,
1268 2761 1317 2821 sed
1340 2773 1442 2823 contm
1459 2764 1557 2829 libros.
1576 2786 1671 2845 pauca
1692 2788 1773 2833 mrsu.
1796 2770 1874 2849 egeb.
1895 2768 1985 2827 Guell.

587 2877 621 2941 b.
638 2874 666 2935 6.
680 2896 707 2954 7.
729 2869 857 2932 Paruit.
878 2868 948 2949 Reg.
969 2865 1080 2925 broad.
1102 2865 1199 2929 l‘emb.
1220 2867 1304 2924 blurt.
1326 2866 1427 2936 Basa.
1452 2887 1549 2944 pauca
1564 2872 1745 2933 mwuinento
1759 2874 1880 2951 gerebat
1907 2873 1983 2934 fabr.

590 2978 729 3059 gerebant
749 2974 827 3033 Leid.
842 2976 863 3036 l.
883 2972 950 3033 Nuz.
970 2971 1062 3033 Mari.
1072 2983 1101 3033 r.
1114 2968 1175 3028 Bas.
1192 2991 1216 3026 1.
1239 2988 1334 3047 m.pr.
1355 2970 1470 3047 regebat
1483 2976 1579 3052 pauci.
1596 2994 1694 3053 paura
1708 2978 1892 3037 munimenta
1906 2996 1984 3055 gere-

586 3084 641 3143 bat
661 3076 896 3161 lougeplurimi.
915 3092 1013 3153 pauca
1026 3072 1207 3133 munimenta
1220 3073 1366 3150 querebat
1385 3073 1452 3134 Esc.
1470 3075 1550 3135 Leid.
1562 3099 1589 3136 a.
1603 3100 1629 3137 e.
1651 3078 1728 3139 Cod.
1749 3081 1895 3152 Aldiuus,
1915 3100 1983 3140 uuus

591 3188 679 3251 ttivii.
700 3185 734 3242 ἰη
755 3181 857 3243 collem
877 3178 959 3239 subd.
990 3178 1023 3235 in
1037 3178 1140 3236 collem
1159 3197 1220 3236 om.
1241 3176 1338 3235 Guell'.
1352 3177 1382 3237 b.
1413 3189 1441 3237 et
1455 3178 1509 3259 ipsi
1525 3183 1613 3242 ducas
1630 3182 1698 3265 Τις.
1718 3184 1778 3244 Erl.
1800 3186 1862 3245 Bas.
1878 3210 1901 3246 ι.
1921 3185 1983 3262 quia

592 3312 653 3351 nou
668 3292 795 3367 sugere,
816 3306 872 3363 pro
898 3281 1055 3341 victoribus
1075 3300 1170 3381 agere·
1180 3280 1277 3344 Guell.
1292 3300 1318 3339 2.
1331 3286 1359 3343 3.
1370 3282 1518 3361 firgerant
1539 3285 1621 3344 Paris.
1637 3308 1663 3345 c.
1687 3308 1727 3345 m.
1741 3308 1796 3352 sec.
1808 3292 1919 3369 fugere
1937 3296 1981 3347 aut

588 3418 644 3476 pro
665 3412 767 3453 omnes
784 3386 933 3448 letelibri.
963 3394 1050 3463 alque
1060 3407 1114 3463 pro
1136 3382 1232 3442 Guell.
1252 3406 1297 3443 ιο.
1316 3406 1362 3443 ιι.
1391 3386 1508 3444 [uit-s.
1521 3409 1551 3452 n.
1573 3388 1726 3449 deteriores
1739 3391 1866 3452 Gruteri.
1888 3404 1918 3452 ut
1932 3411 1981 3471 pro

590 3519 693 3557 omnes
703 3500 759 3554 iere
774 3492 854 3551 Leid.
875 3488 1008 3547 exhibere
1026 3489 1171 3549 ridentur.
1183 3488 1386 3567 sugamusque
1397 3511 1453 3569 pro
1465 3490 1535 3556 vict.
1557 3492 1618 3551 Bas.
1631 3496 1659 3563 ά,
1679 3504 1708 3553 et
1725 3495 1784 3553 iam
1797 3519 1855 3575 pro
1869 3496 1980 3557 victori-

592 3600 643 3660 bus
658 3620 715 3661 sese
730 3616 816 3676 agere
836 3596 920 3653 Bern.
935 3584 958 3651 ι’.
979 3602 1007 3651 et
1023 3590 1077 3670 ipsi
1090 3612 1145 3670 pro
1158 3592 1332 3663 victorbus,
1357 3593 1426 3673 qrtia
1440 3612 1498 3653 non
1511 3597 1619 3675 sugere
1639 3598 1722 3660 Bern,
1735 3598 1765 3659 3.

676 3750 749 3830 Cap.
760 3771 815 3829 99.
836 3766 889 3805 nae
905 3745 991 3824 signa
1005 3745 1122 3823 quilem
1141 3746 1213 3808 Vis.
1230 3766 1255 3802 ι.
1275 3744 1373 3805 Guell.
1389 3767 1435 3805 aa.
1455 3747 1536 3829 Berg.
1557 3747 1619 3809 Bas.
1630 3751 1660 3819 ιί.
1681 3750 1766 3811 Bem.
1782 3774 1807 3811 1.
1828 3757 1866 3813 de
1878 3755 1977 3832 unpro-

593 3860 655 3919 uiso
674 3854 827 3933 vectigales
847 3870 948 3909 omnes
962 3849 1040 3908 libri.
1059 3847 1160 3925 vigiles
1170 3848 1251 3907 cort
1265 3850 1441 3913 emendavit.
1461 3861 1514 3909 aut
1520 3853 1615 3931 portis
1635 3854 1719 3913 Fabi.
1735 3879 1760 3914 ι.
1782 3858 1850 3921 Vin.
1861 3880 1888 3918 ι.
1907 3858 1974 3916 Vnt.

598 3986 624 4029 ι.
643 3962 739 4021 Struv.
759 3958 819 4017 inc.
840 3955 923 4012 llam.
937 3973 961 4015 ι.
982 3952 1044 4009 Bas.
1058 3972 1082 4009 1.
1103 3944 1170 4010 Eccss
1190 3952 1259 4033 Τις.
1281 3952 1378 4011 Guall.
1396 3974 1501 4035 t.7.9.
1517 3977 1563 4015 ιο.
1577 3977 1622 4015 ιι.
1645 3961 1775 4039 quinque
1786 3963 1895 4020 Wassii.
1914 3960 1972 4017 Tur.

551 4118 557 4137 ,
592 4082 742 4145 erumpere
760 4060 835 4119 iubet
854 4054 1292 4135 Leid.b.d.t.gti.k.t.m.n.
1313 4077 1415 4117 omues
1430 4063 1519 4119 rarat.
1536 4060 1715 4142 (praeterii.)
1744 4068 1804 4125 Erl.
1826 4066 1884 4124 Bas.
1907 4086 1929 4121 ι.
1947 4064 1971 4129 l.

592 4172 662 4231 Tur.
683 4168 767 4226 bum.
781 4184 806 4223 ι.
827 4161 901 4219 iubet
917 4150 1066 4237 erumpere
1079 4160 1170 4239 portis
1189 4160 1273 4219 Bam.
1288 4159 1317 4219 3.
1337 4160 1422 4239 sigua
1437 4180 1552 4223 canera.
1565 4164 1724 4245 siguaom.
1740 4167 1836 4249 Guell.
1850 4190 1892 4230 ιο.
1903 4165 1971 4225 teid.

511 4310 520 4329 .
593 4280 621 4337 k.
643 4270 764 4336 mbase.
786 4265 882 4327 Guell.
896 4284 940 4323 ιι.
968 4263 1039 4321 tuba
1052 4281 1081 4321 c.
1109 4261 1204 4328 Guell.
1215 4265 1248 4334 4.
1257 4264 1286 4324 6.
1296 4285 1384 4347 με.
1396 4264 1469 4327 Eas.
1489 4266 1575 4329 liam.
1592 4290 1617 4328 ι.
1642 4270 1739 4336 Strui.
1760 4272 1860 4333 incest.
1880 4272 1968 4330 itanc.
