4050 5009
1102 568 1199 641 Lis.
1236 568 1312 643 IV.

604 739 632 786 ι.
657 714 707 787 At
734 716 802 789 Cn.
831 709 1016 822 Lentulus
1041 714 1210 816 patriciae
1232 712 1371 819 gentis,
1395 711 1537 817 collega
1555 712 1653 803 eius,
1676 708 1739 786 cui
1762 737 1901 816 cogno·

496 852 673 913 'mentum
694 836 880 913 Clodiano
901 833 996 930 fuit,
1031 860 1100 939 per
1121 835 1312 911 incertum
1332 834 1505 911 stolidior
1527 864 1578 911 an
1601 835 1753 925 vanior,
1780 834 1901 941 legem

498 957 548 1035 de
567 960 754 1062 pecunia,
779 986 896 1063 quam
916 958 1022 1034 Sulla
1044 959 1250 1035 emtoribus
1273 961 1464 1034 bonorum
1482 960 1690 1049 remiserat,
1715 938 1900 1063 exigenda

498 1081 760 1188 promulgavit
786 1130 833 1145 -
864 1108 894 1156 2.
920 1083 1081 1171 Omnes,
1107 1083 1247 1184 quibus
1265 1099 1356 1199 petas
1376 1098 1525 1158 senecto
1546 1110 1720 1186 corpore,
1746 1085 1901 1159 animus

498 1206 673 1313 militaris
690 1222 779 1283 erat.
796 1252 848 1269 -
876 1212 907 1281 3.
933 1204 1133 1308 Implicitas
1150 1223 1247 1280 rates
1271 1206 1477 1281 ministeria
1502 1206 1844 1310 prohibebant-
1868 1216 1900 1300 lp

390 1328 406 1339 ”
497 1327 620 1435 Igitur
638 1330 801 1434 legiones
815 1328 939 1431 pridie
957 1329 998 1401 in
1012 1345 1143 1403 monte
1164 1328 1302 1431 positos
1317 1329 1516 1403 accersitit
1531 1376 1583 1391 -
1608 1328 1639 1403 5.
1652 1330 1800 1405 Anxius
1819 1335 1901 1405 ani·

497 1456 569 1543 mi,
594 1470 710 1556 atque
726 1453 901 1526 incertus.
926 1498 978 1513 -
1003 1454 1036 1525 6.
1061 1452 1241 1553 Magnam
1266 1476 1416 1525 exorsus
1436 1453 1655 1527 orationem.
1678 1500 1730 1515 -
1765 1482 1799 1552 7,
1829 1456 1899 1529 lm-

497 1594 630 1681 potens
653 1594 691 1651 et
717 1576 858 1649 nimius
885 1574 1005 1649 enimi
1023 1590 1085 1649 est.
1110 1598 1161 1635 -·
1186 1580 1219 1649 8.
1244 1574 1491 1677 Amisumque
1517 1576 1666 1649 assideri
1685 1576 1768 1650 sine
1803 1606 1901 1682 prse-

497 1700 558 1774 liis
578 1699 765 1775 audiebat
797 1750 848 1765 ..-
880 1722 918 1794 9.
945 1696 1025 1794 Qui
1051 1695 1208 1797 quidem
1236 1722 1333 1787 mos,
1358 1698 1418 1771 uti
1441 1699 1563 1792 tabes,
1589 1700 1631 1773 in
1648 1700 1786 1774 urbem
1808 1730 1900 1778 con-

496 1824 623 1899 iectus.
648 1868 698 1883 -
728 1848 782 1895 ro.
810 1821 969 1897 Castella
989 1818 1178 1895 custodias
1199 1816 1464 1897 thesaurorum
1481 1823 1522 1897 in
1545 1822 1779 1899 deditionem
1799 1830 1899 1903 acci·
1947 1834 1950 1842 '

494 1964 684 2054 peremtur.
915 1958 920 1967 '

505 2110 509 2117 .
615 2144 781 2244 Epistola
804 2142 918 2242 Regis
940 2138 1168 2215 Mithridatis
1190 2143 1325 2241 scripta
1349 2140 1403 2215 ad
1425 2143 1561 2244 Regem
1586 2142 1766 2221 Arsacen.

590 2318 642 2366 12.
667 2294 746 2365 Rex
770 2285 1011 2363 Mithridates
1042 2286 1119 2391 regi
1149 2287 1277 2361 Arsaci
1298 2288 1330 2363 S.
1357 2289 1518 2381 Omnes,
1540 2292 1608 2393 qui
1630 2274 1810 2372 secundia
1836 2324 1893 2375 re·

492 2419 563 2495 bus
584 2416 661 2491 suis
691 2414 742 2488 ad
769 2412 859 2487 belli
881 2411 1097 2485 societatem
1127 2425 1303 2503 orantur,
1330 2412 1567 2488 considerare
1580 2413 1736 2506 debent,
1761 2418 1894 2499 liceat-

492 2568 542 2617 ne
565 2557 648 2614 tum
668 2563 803 2641 pacem
821 2560 940 2638 agere.
977 2534 1081 2607 Dein
1104 2532 1208 2635 quod
1229 2534 1430 2635 quaeritur,
1448 2536 1585 2611 satisne
1601 2537 1729 2641 pium,
1747 2558 1891 2637 tutum,

489 2664 714 2770 gloriosum,
739 2686 791 2734 an
818 2657 1043 2733 indecorum
1065 2656 1123 2731 sit.
1171 2656 1259 2729 Tibi
1283 2656 1315 2731 si
1345 2675 1528 2762 perpetua
1551 2685 1646 2762 pace
1667 2661 1745 2739 frui
1779 2667 1889 2763 licet,

487 2786 561 2863 nisi
577 2785 700 2859 hostes
719 2780 928 2885 opportuni
943 2795 983 2855 et
997 2778 1299 2871 sceleratissumi,
1330 2796 1369 2855 et
1388 2782 1533 2885 egregia
1560 2781 1679 2873 sama,
1703 2785 1734 2859 si
1748 2788 1886 2871 Roma-

490 2935 559 2987 nos
578 2906 819 3012 oppresseris,
856 2902 987 2993 futura
1008 2918 1083 2995 est3
1107 2928 1232 3006 neque
1254 2920 1381 3006 petere
1401 2904 1563 2979 audeam
1584 2907 1824 3005 societatem,
1850 2935 1886 2991 et

488 3035 627 3110 trustra
646 3029 746 3105 mala
769 3054 851 3102 mea
872 3052 962 3101 cum
986 3026 1061 3103 tuis
1079 3026 1189 3101 bonis
1212 3026 1358 3101 misceri
1378 3052 1531 3129 sperem.
1566 3032 1691 3132 Atque
1707 3058 1769 3124 ea,
1799 3066 1884 3142 quae

489 3175 525 3234 te
546 3154 688 3231 morari
709 3176 814 3256 posse
833 3150 1032 3238 videntur,
1058 3148 1114 3223 ira
1132 3150 1174 3223 in
1192 3145 1397 3254 Tigranem
1420 3151 1579 3226 recentis
1601 3152 1709 3244 belli,
1734 3174 1776 3231 et
1792 3186 1906 3241 msae·

486 3306 543 3357 ιω
565 3304 704 3385 pamm
727 3298 936 3377 prosperae,
959 3272 990 3346 si
1024 3297 1113 3348 rere
1140 3272 1365 3356 existumare
1400 3273 1516 3363 voles,
1550 3302 1727 3354 maxume
1750 3279 1882 3363 horta-

485 3407 643 3481 buntur.
688 3399 759 3473 Ille
785 3398 890 3472 enim
917 3394 1125 3485 obnoxius,
1151 3394 1304 3498 qualem
1328 3412 1372 3472 tu
1394 3396 1495 3472 voles
1518 3386 1757 3495 societatem,
1784 3412 1879 3487 aeci.

483 3528 585 3633 piet:
609 3522 708 3598 mibi
729 3522 901 3610 fortuna,
925 3518 1058 3593 multis
1085 3518 1197 3593 rebus
1223 3520 1377 3623 ereptis,
1402 3545 1513 3595 usum
1540 3522 1646 3599 dedit
1673 3524 1772 3603 bene
1795 3560 1877 3609 sua.

386 3677 390 3686 ’
483 3648 630 3726 dandi:
662 3663 717 3736 et,
741 3644 848 3747 quod
872 3640 1097 3720 florentibus
1125 3642 1293 3746 optabile
1323 3658 1394 3737 eat,
1418 3670 1485 3751 ego
1505 3672 1586 3723 non
1614 3646 1875 3735 validissumus

567 3871 641 3931 bn.
661 3867 727 3928 1v.
770 3884 797 3925 1.
814 3861 881 3930 Aul.
899 3864 976 3925 Gett.
993 3865 1049 3938 18,
1066 3862 1096 3937 A.
1114 3896 1156 3913 -
1185 3862 1361 3947 a-Prirc.9,
1383 3887 1422 3946 9,
1437 3864 1506 3938 464.
1527 3877 1556 3927 et
1571 3868 1756 3955 ro,3,487.
1774 3911 1816 3929 -.
1842 3882 1870 3947 5,

480 3975 524 4037 id.
539 3996 577 4056 9,
590 3972 709 4057 7²l⁵5·
728 4002 769 4017 -
789 3968 1003 4045 t.id.10,8‚
1025 3969 1093 4041 504.
1115 3967 1253 4031 lacessivit
1273 3970 1349 4031 Cod.
1369 3972 1472 4033 Zwice.
1486 3992 1514 4035 a.
1533 3970 1615 4054 Lips.
1628 3996 1662 4047 r,
1678 3995 1705 4043 2.
1725 4012 1767 4030 -
1788 3986 1816 4053 s,
1836 3986 1868 4047 G,

478 4080 528 4144 Fr.
547 4100 619 4140 w.
634 4108 679 4130 .-
699 4076 726 4135 5.
738 4075 778 4135 id.
798 4094 948 4136 exors-
967 4095 997 4155 7.
1007 4073 1050 4135 id.
1063 4072 1190 4135 nim.-
1209 4074 1383 4150 &Prisc-8,
1401 4076 1452 4152 15,
1465 4077 1534 4159 419.
1554 4077 1754 4163 Amtsunpe
1767 4090 1866 4173 legin:

478 4182 638 4269 ephebi.
656 4179 1011 4245 embammatum.
1030 4210 1073 4233 -ι-
1090 4199 1120 4260 9.
1142 4182 1215 4245 rut.
1232 4180 1375 4245 lobea·-
1397 4182 1529 4249 rosm-
1542 4181 1616 4248 Λευ.
1631 4190 1766 4265 rr,801.
1786 4194 1863 4259 Cha·

478 4288 713 4372 mpm-
1761 4342 1764 4349 .
