4050 5009
410 344 456 413 32

407 536 516 616 cepta,
532 524 684 609 reliquas
699 520 804 587 Ponti
824 518 927 585 urbes
937 518 1123 587 obsidione
1131 521 1268 607 cepit⁰)
1284 528 1319 588 et
1329 528 1588 609 oanacbare,
1602 521 1817 609 Mithridatis

295 614 305 625 .
409 634 504 711 tilio,
527 632 622 712 cujus
644 626 792 715 imperio
820 629 990 711 Bosporus
1013 627 1171 711 parebat,
1198 627 1386 693 amicitiam
1409 640 1445 697 et
1471 638 1668 705 societatem
1688 644 1815 723 jungis,

408 740 539 805 Eodem
553 746 709 824 tempore
721 739 767 801 M.
781 734 944 799 Lucullus
961 735 1024 818 qui
1036 736 1274 800 Macedoniam
1286 739 1601 833 administraverat,
1622 748 1815 835 triumph..
1932 782 1942 795 .

407 844 468 909 vit.
504 844 613 909 Bessis
642 842 750 926 enim,
770 840 903 926 primus
926 843 1165 905 Romanorum
1192 842 1326 906 bellum
1349 844 1515 912 intulerat
1534 870 1661 934 eosque
1679 854 1813 941 ingenti

405 949 530 1037 proelio
555 950 594 1013 in
625 950 744 1013 Haemo
774 955 890 1013 monte
916 954 1152 1029 superaverat3
1182 957 1349 1032 praeterea
1374 952 1542 1036 oppidum
1572 958 1811 1039 Uscudamam,

406 1059 529 1122 eodem
554 1055 628 1134 die,
655 1072 724 1141 quo
745 1070 920 1139 aggressus
940 1060 1008 1136 est,
1036 1050 1138 1136 vicit,
1170 1062 1335 1135 praeterea
1351 1056 1506 1143 Cabylen
1525 1071 1674 1145 ceperat,
1708 1072 1743 1129 et
1765 1066 1811 1129 ad

411 1160 607 1226 Danubium
621 1165 984 1242 usquepenetraverat.
1002 1156 1059 1221 lbi
1071 1155 1268 1242 Appolonia
1277 1177 1402 1240 eversa,
1422 1166 1558 1250 Calatis,
1577 1168 1813 1253 Parthenopo-

406 1266 470 1351 lis,
489 1266 606 1349 Tomi,
626 1264 767 1328 Barcino
788 1262 917 1349 oppida
934 1268 1041 1348 capta.
1054 1261 1110 1341 ⁶⁰)

358 1518 371 1589 p
401 1472 509 1549 Anni
530 1469 811 1581 QGLXXXW
834 1474 880 1559 P,
905 1471 949 1549 U.
979 1472 1018 1548 C.
1046 1468 1226 1547 Consules
1249 1471 1312 1545 Cn.
1333 1471 1531 1573 Pompejus
1551 1474 1731 1577 Magrus,
1754 1482 1809 1556 Μ.

732 1682 736 1689 ,
922 1597 1085 1674 Licinius
1109 1594 1270 1669 Crassus.

484 1760 872 1851 Tribuniciapotestsss
893 1752 1110 1836 Consulibus,
1133 1754 1181 1821 M.
1191 1752 1295 1821 stilio
1306 1756 1486 1843 Palicano,
1509 1760 1804 1847 tribunoplebis,

405 1872 526 1951 agente
535 1868 683 1935 restituta
698 1878 757 1937 est,
768 1862 849 1945 ⁶⁰⁰)
862 1856 999 1923 iudicia
1011 1876 1150 1943 quoque
1159 1881 1222 1946 per
1234 1864 1457 1933 Ldurelium
1466 1868 1600 1932 Cottam
1614 1869 1659 1929 ad
1672 1868 1805 1950 equites

405 2074 933 2121 —F—ffl*

477 2212 514 2301 θ)
537 2214 604 2281 Cir.
629 2210 775 2299 Appian.
795 2208 953 2278 debello
973 2212 1210 2282 Mithridatico
1239 2238 1268 2282 c.
1297 2215 1642 2300 79—83.Pl'nt.1.uc.
1673 2218 1802 2298 15-19.

399 2320 469 2389 Lis.
488 2324 576 2411 Epit.
593 2318 722 2385 xcvn.
741 2314 804 2397 qui
823 2316 873 2381 ita
893 2322 937 2383 de
958 2322 1061 2398 hujus
1077 2322 1163 2385 anni
1181 2320 1460 2403 expeditionibus
1477 2322 1628 2403 exponit.
1655 2325 1714 2396 «Ι.
1734 2326 1804 2387 Lu·

398 2430 509 2497 cullus
523 2428 560 2493 in
583 2428 691 2489 Ponto
715 2420 874 2485 adversus
897 2420 1135 2507 Mithridatem
1155 2421 1304 2487 feliciter
1323 2424 1508 2509 pugnavit,
1534 2422 1628 2489 caesis
1647 2428 1801 2492 hostium

394 2536 544 2623 amplius
574 2546 678 2609 quam
704 2526 772 2589 Lx.
811 2524 977 2595 millibus.
1007 2526 1222 2592 Mithridates
1249 2528 1487 2613 desperatione
1516 2548 1631 2593 rernm
1662 2549 1801 2596 suarum
1925 2553 1931 2565 ’

397 2648 546 2717 coactns,
567 2633 613 2693 ad
631 2626 818 2717 Tigranem
835 2630 1007 2699 Armenia
1026 2652 1142 2721 regem
1161 2632 1349 2722 confugit.»
1369 2634 1526 2698 Ceterum
1538 2632 1723 2718 Eutropius
1744 2634 1802 2699 Vl.

396 2750 426 2811 a.
445 2744 595 2818 Sinopen
608 2742 642 2800 et
652 2736 808 2801 Amisum
825 2736 980 2804 civitates
992 2748 1072 2805 ante
1088 2741 1249 2825 proelium
1268 2744 1314 2805 ad
1328 2738 1454 2807 cabira
1467 2739 1702 2822 commissum,
1722 2756 1803 2821 cap-

395 2858 446 2915 tas
461 2835 592 2925 statuit,
622 2848 656 2906 et
680 2862 758 2926 quas
778 2844 845 2909 hoc
863 2863 956 2909 anno
980 2855 1075 2933 gesta
1095 2856 1192 2933 sunt,
1221 2868 1241 2912 a
1261 2846 1450 2914 serioribus
1468 2862 1540 2911 non
1558 2843 1717 2931 sejungit.
1738 2841 1822 2907 cfr.'

284 3006 286 3014 ,
393 2946 496 3032 Epist.
516 2944 706 3011 Mithridat.
727 2952 772 3012 ad
786 2951 933 3017 Arsacen
953 2952 996 3015 lt.
1014 2950 1054 3014 in
1074 2950 1198 3039 fragm.
1214 2952 1283 3013 Sal.

475 3050 530 3134 ⁶⁹)
553 3050 621 3117 Cir.
644 3052 784 3142 Eutrop.
807 3058 864 3124 VI.
882 3058 911 3121 8.
943 3056 1042 3122 Oros.
1063 3059 1122 3125 VI.
1142 3059 1171 3119 3.
1191 3055 1284 3118 Sexti
1304 3055 1385 3117 Rufi
1409 3054 1623 3119 breviarium
1638 3074 1666 3117 c.
1684 3074 1714 3133 9.
1735 3050 1798 3134 qui

392 3158 515 3223 iisdem
542 3158 629 3246 fere,
655 3160 783 3243 quihus
806 3162 1007 3243 Eutropius,
1035 3157 1151 3221 verbis
1180 3158 1245 3219 bac
1268 3158 1310 3220 de
1337 3175 1375 3220 re
1402 3158 1553 3241 exponit.
1582 3158 1797 3242 Ammianus,

391 3264 611 3331 Marcellinus
631 3266 706 3329 Lib.
727 3264 864 3329 xxvtt.
885 3267 914 3326 3.
941 3282 975 3346 p.
999 3279 1067 3340 1⁰9·
1094 3261 1155 3322 Ed.
1174 3259 1310 3348 Bipont.
1338 3261 1459 3326 Florus
1477 3264 1538 3327 111.
1557 3279 1588 3341 4.
1614 3265 1797 3328 Lucullum

349 3370 352 3377 '
389 3370 433 3435 ad
445 3372 577 3437 Tanain
588 3388 697 3453 usque
709 3369 892 3453 lacumque
908 3366 1050 3433 Maeotin
1059 3366 1254 3453 pervenisse
1267 3378 1387 3434 auctor
1397 3378 1455 3435 est.
1476 3370 1546 3434 Cic.
1565 3368 1794 3450 inPisom19.

391 3512 433 3531 -
448 3478 605 3543 Ceterum
624 3476 746 3541 codem
765 3494 858 3539 anno
877 3478 923 3541 M.
941 3473 1111 3540 Antonius
1132 3482 1274 3561 pretor,
1294 3478 1338 3541 de
1358 3494 1429 3557 quo
1446 3494 1549 3559 supra
1568 3483 1797 3538 memoratum

391 3590 456 3667 est,
475 3584 607 3649 bollum
633 3584 793 3650 adversus
821 3584 1012 3660 Cretenses,
1032 3602 1156 3668 parum
1184 3600 1346 3668 prospere
1369 3588 1579 3666 susceptum,
1600 3588 1712 3645 morte
1733 3596 1796 3645 sua

392 3686 517 3751 finivit.
537 3688 597 3751 cir.
619 3688 692 3753 Liv.
709 3688 799 3773 Epit.
816 3687 946 3756 XCVII.

465 3789 631 3873 ⁰⁰⁰.)Cfr
652 3792 741 3877 Epit.
756 3792 886 3860 XCVII.
919 3796 988 3871 ..tt
1009 3792 1146 3861 Crassus
1165 3802 1200 3859 et
1219 3795 1280 3857 cn.
1299 3792 1498 3879 Pompeius,
1518 3731 1676 3859 consides
1694 3792 1792 3877 facti,

389 3896 466 3983 (sed
484 3897 667 3983 Pompcjus
686 3906 868 3981 antequam
885 3906 1091 3983 quaesturam
1108 3906 1240 3987 gereret
1257 3919 1299 3964 er
1317 3899 1433 3983 equite
1450 3899 1627 3982 Romano)
1644 3899 1794 3963 tribuni·

388 4000 478 4067 dam
496 4008 697 4087 potestatem
723 4004 952 4069 restituerunt.
981 4006 1103 4071 salust.
1125 4005 1225 4070 Catil.
1244 4007 1295 4070 38.
1315 4014 1349 4071 et
1366 4006 1444 4071 loca
1468 4006 1520 4069 ibi
1541 4006 1693 4072 laudata.
1723 4004 1792 4070 Cic.
1838 4076 1843 4085 .

388 4106 539 4173 Divinat.
558 4106 596 4171 in
618 4108 729 4175 Cecil.
746 4130 775 4175 c.
797 4114 826 4174 3.
845 4112 917 4175 Act.
935 4110 973 4175 in
992 4113 1089 4179 Verr.
1111 4113 1138 4176 I.
1161 4112 1209 4175 15.
1232 4118 1268 4176 ct
1288 4114 1410 4177 Ascon.
1435 4112 1460 4175 l.
1476 4112 1502 4175 l.
1523 4114 1622 4197 ,Ipse
1634 4102 1792 4192 ‘demque

389 4212 448 4285 Cn.
476 4215 674 4303 Pompejus,
708 4216 960 4305 cumprimum
991 4217 1195 4285 concionem
1220 4212 1265 4288 sd
1286 4218 1410 4287 urbem
1436 4218 1564 4289 consul
1593 4217 1790 4306 designatus
