<?xml version="1.0" encoding="UTF-8"?>
<!DOCTYPE html PUBLIC "-//W3C//DTD XHTML 1.0 Transitional//EN"
    "http://www.w3.org/TR/xhtml1/DTD/xhtml1-transitional.dtd">
<html xmlns="http://www.w3.org/1999/xhtml" xml:lang="en" lang="en">
 <head>
  <title>
</title>
<meta http-equiv="Content-Type" content="text/html;charset=utf-8" />
  <meta name='ocr-system' content='tesseract 3.04.00' />
  <meta name='ocr-capabilities' content='ocr_page ocr_carea ocr_par ocr_line ocrx_word'/>
</head>
<body>
  <div class='ocr_page' id='page_1' title='image "./salustiiquaeexs00sallgoog_0796.png"; bbox 0 0 4050 5009; ppageno 0'>
   <div class='ocr_carea' id='block_1_1' title="bbox 1113 681 1157 733">
    <p class='ocr_par' dir='ltr' id='par_1_1' title="bbox 1113 681 1157 733">
     <span class='ocr_line' id='line_1_1' title="bbox 1113 681 1157 733; baseline -0.023 0"><span class='ocrx_word' id='word_1_1' title='bbox 1113 681 1157 733; x_wconf 73' lang='lat' dir='ltr'><strong>tu</strong></span> 
     </span>
    </p>
   </div>
   <div class='ocr_carea' id='block_1_2' title="bbox 901 832 1371 908">
    <p class='ocr_par' dir='ltr' id='par_1_2' title="bbox 901 832 1371 908">
     <span class='ocr_line' id='line_1_2' title="bbox 901 832 1371 908; baseline -0.002 0"><span class='ocrx_word' id='word_1_2' title='bbox 901 832 1371 908; x_wconf 82' lang='lat' dir='ltr'>SALUSTIUM</span> 
     </span>
    </p>
   </div>
   <div class='ocr_carea' id='block_1_3' title="bbox 721 1058 1536 1152">
    <p class='ocr_par' dir='ltr' id='par_1_3' title="bbox 721 1058 1536 1152">
     <span class='ocr_line' id='line_1_3' title="bbox 721 1058 1536 1152; baseline -0.001 0"><span class='ocrx_word' id='word_1_3' title='bbox 721 1058 1536 1152; x_wconf 78' lang='lat' dir='ltr'><strong>DECLAMATIO</strong></span> 
     </span>
    </p>
   </div>
   <div class='ocr_carea' id='block_1_4' title="bbox 1090 1258 1179 1305">
    <p class='ocr_par' dir='ltr' id='par_1_4' title="bbox 1090 1258 1179 1305">
     <span class='ocr_line' id='line_1_4' title="bbox 1090 1258 1179 1305; baseline 0 -10"><span class='ocrx_word' id='word_1_4' title='bbox 1090 1258 1179 1305; x_wconf 75' lang='lat' dir='ltr'><strong>Quis</strong></span> 
     </span>
    </p>
   </div>
   <div class='ocr_carea' id='block_1_5' title="bbox 862 1334 1418 1443">
    <p class='ocr_par' dir='ltr' id='par_1_5' title="bbox 862 1334 1418 1443">
     <span class='ocr_line' id='line_1_5' title="bbox 862 1334 1418 1443; baseline -0.002 0"><span class='ocrx_word' id='word_1_5' title='bbox 862 1334 1104 1443; x_wconf 70' lang='lat' dir='ltr'>CICERONI</span> <span class='ocrx_word' id='word_1_6' title='bbox 1144 1381 1418 1442; x_wconf 79' lang='lat' dir='ltr'>TRIBUITUR.</span> 
     </span>
    </p>
   </div>
   <div class='ocr_carea' id='block_1_6' title="bbox 441 1658 1930 3742">
    <p class='ocr_par' dir='ltr' id='par_1_6' title="bbox 441 1658 1930 3742">
     <span class='ocr_line' id='line_1_6' title="bbox 539 1658 1834 1764; baseline -0.002 -30"><span class='ocrx_word' id='word_1_7' title='bbox 539 1664 594 1734; x_wconf 88' lang='lat' dir='ltr'><strong>Ea</strong></span> <span class='ocrx_word' id='word_1_8' title='bbox 615 1662 770 1736; x_wconf 88' lang='lat' dir='ltr'><strong>demum</strong></span> <span class='ocrx_word' id='word_1_9' title='bbox 790 1684 927 1764; x_wconf 81' lang='lat' dir='ltr'><strong>magna</strong></span> <span class='ocrx_word' id='word_1_10' title='bbox 954 1658 1128 1762; x_wconf 82' lang='lat' dir='ltr'><strong>voluptas</strong></span> <span class='ocrx_word' id='word_1_11' title='bbox 1148 1674 1220 1749; x_wconf 85' lang='lat' dir='ltr'><strong>est,</strong></span> <span class='ocrx_word' id='word_1_12' title='bbox 1246 1658 1375 1762; x_wconf 82' lang='lat' dir='ltr'><strong>Crispe</strong></span> <span class='ocrx_word' id='word_1_13' title='bbox 1394 1658 1531 1733; x_wconf 81' lang='lat' dir='ltr'><strong>Salusti</strong></span> <span class='ocrx_word' id='word_1_14' title='bbox 1544 1716 1569 1749; x_wconf 83' lang='lat'><strong>„</strong></span> <span class='ocrx_word' id='word_1_15' title='bbox 1588 1658 1774 1761; x_wconf 84' lang='lat' dir='ltr'><strong>aequalem</strong></span> <span class='ocrx_word' id='word_1_16' title='bbox 1794 1684 1834 1731; x_wconf 88' lang='lat' dir='ltr'><strong>ac</strong></span> 
     </span>
     <span class='ocr_line' id='line_1_7' title="bbox 443 1782 1930 1887; baseline 0 -31"><span class='ocrx_word' id='word_1_17' title='bbox 443 1810 574 1885; x_wconf 82' lang='lat' dir='ltr'><strong>parem</strong></span> <span class='ocrx_word' id='word_1_18' title='bbox 594 1786 716 1859; x_wconf 80' lang='lat' dir='ltr'><strong>verbis</strong></span> <span class='ocrx_word' id='word_1_19' title='bbox 734 1786 852 1857; x_wconf 87' lang='lat' dir='ltr'><strong>vitam</strong></span> <span class='ocrx_word' id='word_1_20' title='bbox 876 1810 998 1887; x_wconf 80' lang='lat' dir='ltr'><strong>agere,</strong></span> <span class='ocrx_word' id='word_1_21' title='bbox 1026 1808 1151 1885; x_wconf 88' lang='lat' dir='ltr'><strong>neque</strong></span> <span class='ocrx_word' id='word_1_22' title='bbox 1176 1782 1383 1885; x_wconf 83' lang='lat' dir='ltr'><strong>quicquam</strong></span> <span class='ocrx_word' id='word_1_23' title='bbox 1410 1798 1488 1855; x_wconf 90' lang='lat' dir='ltr'><strong>tam</strong></span> <span class='ocrx_word' id='word_1_24' title='bbox 1513 1782 1836 1857; x_wconf 83' lang='lat' dir='ltr'><strong>obscenumdice·</strong></span> <span class='ocrx_word' id='word_1_25' title='bbox 1929 1786 1930 1809; x_wconf 66' lang='lat'>¹</span> 
     </span>
     <span class='ocr_line' id='line_1_8' title="bbox 445 1904 1930 2010; baseline 0.003 -31"><span class='ocrx_word' id='word_1_26' title='bbox 445 1932 503 1994; x_wconf 91' lang='lat' dir='ltr'><strong>re,</strong></span> <span class='ocrx_word' id='word_1_27' title='bbox 527 1908 590 1981; x_wconf 91' lang='lat' dir='ltr'><strong>cui</strong></span> <span class='ocrx_word' id='word_1_28' title='bbox 610 1934 690 1982; x_wconf 89' lang='lat' dir='ltr'><strong>non</strong></span> <span class='ocrx_word' id='word_1_29' title='bbox 710 1909 759 1981; x_wconf 91' lang='lat' dir='ltr'><strong>ab</strong></span> <span class='ocrx_word' id='word_1_30' title='bbox 780 1908 891 1981; x_wconf 86' lang='lat' dir='ltr'><strong>initio</strong></span> <span class='ocrx_word' id='word_1_31' title='bbox 915 1907 1089 2010; x_wconf 88' lang='lat' dir='ltr'><strong>pueritiae</strong></span> <span class='ocrx_word' id='word_1_32' title='bbox 1108 1907 1214 1981; x_wconf 92' lang='lat' dir='ltr'><strong>omni</strong></span> <span class='ocrx_word' id='word_1_33' title='bbox 1235 1930 1370 2009; x_wconf 83' lang='lat' dir='ltr'>genere</span> <span class='ocrx_word' id='word_1_34' title='bbox 1392 1904 1570 1979; x_wconf 86' lang='lat' dir='ltr'><strong>facinoris</strong></span> <span class='ocrx_word' id='word_1_35' title='bbox 1588 1920 1676 1979; x_wconf 84' lang='lat' dir='ltr'><strong>aetas</strong></span> <span class='ocrx_word' id='word_1_36' title='bbox 1698 1922 1764 1981; x_wconf 85' lang='lat' dir='ltr'><strong>tua</strong></span> <span class='ocrx_word' id='word_1_37' title='bbox 1784 1930 1837 1979; x_wconf 87' lang='lat' dir='ltr'><strong>re·</strong></span> <span class='ocrx_word' id='word_1_38' title='bbox 1929 1932 1930 1983; x_wconf 70' lang='lat' dir='ltr'><strong>t</strong></span> 
     </span>
     <span class='ocr_line' id='line_1_9' title="bbox 445 2018 1930 2131; baseline -0.001 -29"><span class='ocrx_word' id='word_1_39' title='bbox 445 2029 643 2131; x_wconf 83' lang='lat' dir='ltr'><strong>spondeat,</strong></span> <span class='ocrx_word' id='word_1_40' title='bbox 667 2048 713 2103; x_wconf 92' lang='lat' dir='ltr'><strong>ut</strong></span> <span class='ocrx_word' id='word_1_41' title='bbox 742 2031 863 2103; x_wconf 86' lang='lat' dir='ltr'><strong>omnis</strong></span> <span class='ocrx_word' id='word_1_42' title='bbox 890 2030 1012 2114; x_wconf 83' lang='lat' dir='ltr'><strong>oratio</strong></span> <span class='ocrx_word' id='word_1_43' title='bbox 1037 2030 1205 2103; x_wconf 87' lang='lat' dir='ltr'><strong>moribus</strong></span> <span class='ocrx_word' id='word_1_44' title='bbox 1230 2044 1418 2103; x_wconf 81' lang='lat' dir='ltr'><strong>consonet</strong></span> <span class='ocrx_word' id='word_1_45' title='bbox 1466 2030 1596 2129; x_wconf 83' lang='lat' dir='ltr'><strong>Neque</strong></span> <span class='ocrx_word' id='word_1_46' title='bbox 1624 2030 1753 2119; x_wconf 90' lang='lat' dir='ltr'><strong>enim,</strong></span> <span class='ocrx_word' id='word_1_47' title='bbox 1774 2027 1837 2131; x_wconf 86' lang='lat' dir='ltr'><strong>qui</strong></span> <span class='ocrx_word' id='word_1_48' title='bbox 1929 2018 1930 2027; x_wconf 35' lang='lat'><em>³</em></span> 
     </span>
     <span class='ocr_line' id='line_1_10' title="bbox 445 2151 1837 2254; baseline 0.001 -31"><span class='ocrx_word' id='word_1_49' title='bbox 445 2152 498 2225; x_wconf 88' lang='lat' dir='ltr'><strong>ita</strong></span> <span class='ocrx_word' id='word_1_50' title='bbox 516 2153 627 2243; x_wconf 81' lang='lat' dir='ltr'><strong>vivit,</strong></span> <span class='ocrx_word' id='word_1_51' title='bbox 652 2154 711 2227; x_wconf 88' lang='lat' dir='ltr'><strong>uti</strong></span> <span class='ocrx_word' id='word_1_52' title='bbox 735 2169 795 2242; x_wconf 87' lang='lat' dir='ltr'><strong>tu,</strong></span> <span class='ocrx_word' id='word_1_53' title='bbox 821 2153 948 2242; x_wconf 84' lang='lat' dir='ltr'><strong>aliter,</strong></span> <span class='ocrx_word' id='word_1_54' title='bbox 974 2168 1099 2242; x_wconf 88' lang='lat' dir='ltr'><strong>actu,</strong></span> <span class='ocrx_word' id='word_1_55' title='bbox 1124 2151 1231 2254; x_wconf 89' lang='lat' dir='ltr'><strong>loqui</strong></span> <span class='ocrx_word' id='word_1_56' title='bbox 1254 2166 1398 2253; x_wconf 83' lang='lat' dir='ltr'><strong>potest:</strong></span> <span class='ocrx_word' id='word_1_57' title='bbox 1424 2175 1566 2252; x_wconf 81' lang='lat' dir='ltr'><strong>neque,</strong></span> <span class='ocrx_word' id='word_1_58' title='bbox 1592 2151 1660 2252; x_wconf 87' lang='lat' dir='ltr'><strong>qui</strong></span> <span class='ocrx_word' id='word_1_59' title='bbox 1683 2168 1763 2253; x_wconf 87' lang='lat' dir='ltr'><strong>tam</strong></span> <span class='ocrx_word' id='word_1_60' title='bbox 1784 2152 1837 2224; x_wconf 91' lang='lat' dir='ltr'><strong>in·</strong></span> 
     </span>
     <span class='ocr_line' id='line_1_11' title="bbox 447 2272 1838 2369; baseline 0.002 -23"><span class='ocrx_word' id='word_1_61' title='bbox 447 2274 526 2349; x_wconf 86' lang='lat' dir='ltr'><strong>l&#39;oto</strong></span> <span class='ocrx_word' id='word_1_62' title='bbox 547 2300 720 2350; x_wconf 79' lang='lat' dir='ltr'><strong>sermone</strong></span> <span class='ocrx_word' id='word_1_63' title='bbox 745 2276 890 2364; x_wconf 87' lang='lat' dir='ltr'><strong>utitur,</strong></span> <span class='ocrx_word' id='word_1_64' title='bbox 914 2275 991 2351; x_wconf 77' lang='lat' dir='ltr'><strong>vita</strong></span> <span class='ocrx_word' id='word_1_65' title='bbox 1015 2272 1209 2348; x_wconf 85' lang='lat' dir='ltr'><strong>honestior</strong></span> <span class='ocrx_word' id='word_1_66' title='bbox 1231 2289 1294 2348; x_wconf 84' lang='lat' dir='ltr'><strong>est</strong></span> <span class='ocrx_word' id='word_1_67' title='bbox 1340 2274 1432 2369; x_wconf 86' lang='lat' dir='ltr'><strong>Quo</strong></span> <span class='ocrx_word' id='word_1_68' title='bbox 1454 2300 1516 2349; x_wconf 90' lang='lat' dir='ltr'><strong>me</strong></span> <span class='ocrx_word' id='word_1_69' title='bbox 1534 2290 1693 2365; x_wconf 86' lang='lat' dir='ltr'><strong>vertam,</strong></span> <span class='ocrx_word' id='word_1_70' title='bbox 1719 2278 1838 2350; x_wconf 75' lang='lat' dir='ltr'><strong>Patres</strong></span> 
     </span>
     <span class='ocr_line' id='line_1_12' title="bbox 447 2394 1839 2501; baseline -0.004 -24"><span class='ocrx_word' id='word_1_71' title='bbox 447 2399 676 2501; x_wconf 73' lang='lat' dir='ltr'><strong>conscripti?</strong></span> <span class='ocrx_word' id='word_1_72' title='bbox 701 2397 805 2473; x_wconf 92' lang='lat' dir='ltr'><strong>unde</strong></span> <span class='ocrx_word' id='word_1_73' title='bbox 824 2397 981 2473; x_wconf 90' lang='lat' dir='ltr'><strong>initium</strong></span> <span class='ocrx_word' id='word_1_74' title='bbox 996 2399 1168 2471; x_wconf 74' lang='lat' dir='ltr'><strong>sumam?</strong></span> <span class='ocrx_word' id='word_1_75' title='bbox 1195 2395 1316 2470; x_wconf 82' lang='lat' dir='ltr'><strong>maius</strong></span> <span class='ocrx_word' id='word_1_76' title='bbox 1337 2396 1442 2471; x_wconf 88' lang='lat' dir='ltr'><strong>enim</strong></span> <span class='ocrx_word' id='word_1_77' title='bbox 1460 2394 1558 2471; x_wconf 92' lang='lat' dir='ltr'><strong>mihi</strong></span> <span class='ocrx_word' id='word_1_78' title='bbox 1574 2396 1729 2474; x_wconf 90' lang='lat' dir='ltr'><strong>dicendi</strong></span> <span class='ocrx_word' id='word_1_79' title='bbox 1750 2422 1839 2474; x_wconf 90' lang='lat' dir='ltr'><strong>onus</strong></span> 
     </span>
     <span class='ocr_line' id='line_1_13' title="bbox 449 2520 1837 2623; baseline 0.003 -30"><span class='ocrx_word' id='word_1_80' title='bbox 449 2521 677 2623; x_wconf 86' lang='lat' dir='ltr'><strong>imponitur,</strong></span> <span class='ocrx_word' id='word_1_81' title='bbox 701 2545 779 2623; x_wconf 85' lang='lat' dir='ltr'><strong>quo</strong></span> <span class='ocrx_word' id='word_1_82' title='bbox 800 2521 929 2595; x_wconf 88' lang='lat' dir='ltr'><strong>notior</strong></span> <span class='ocrx_word' id='word_1_83' title='bbox 944 2534 999 2595; x_wconf 79' lang='lat' dir='ltr'><strong>est</strong></span> <span class='ocrx_word' id='word_1_84' title='bbox 1017 2536 1179 2622; x_wconf 82' lang='lat' dir='ltr'><strong>uterque</strong></span> <span class='ocrx_word' id='word_1_85' title='bbox 1199 2536 1380 2594; x_wconf 86' lang='lat' dir='ltr'><strong>nostrum</strong></span> <span class='ocrx_word' id='word_1_86' title='bbox 1422 2520 1537 2621; x_wconf 91' lang='lat' dir='ltr'><strong>Quod</strong></span> <span class='ocrx_word' id='word_1_87' title='bbox 1558 2536 1626 2597; x_wconf 85' lang='lat' dir='ltr'><strong>aut</strong></span> <span class='ocrx_word' id='word_1_88' title='bbox 1648 2522 1680 2597; x_wconf 89' lang='lat' dir='ltr'><strong>si</strong></span> <span class='ocrx_word' id='word_1_89' title='bbox 1699 2522 1837 2599; x_wconf 88' lang='lat' dir='ltr'><strong>demea</strong></span> 
     </span>
     <span class='ocr_line' id='line_1_14' title="bbox 450 2640 1837 2752; baseline 0.005 -37"><span class='ocrx_word' id='word_1_90' title='bbox 450 2643 527 2715; x_wconf 81' lang='lat' dir='ltr'><strong>rita</strong></span> <span class='ocrx_word' id='word_1_91' title='bbox 549 2660 666 2743; x_wconf 88' lang='lat' dir='ltr'><strong>atque</strong></span> <span class='ocrx_word' id='word_1_92' title='bbox 685 2642 833 2720; x_wconf 85' lang='lat' dir='ltr'><strong>actibus</strong></span> <span class='ocrx_word' id='word_1_93' title='bbox 853 2640 947 2717; x_wconf 90' lang='lat' dir='ltr'><strong>huic</strong></span> <span class='ocrx_word' id='word_1_94' title='bbox 974 2642 1221 2718; x_wconf 81' lang='lat' dir='ltr'><strong>conviciatori</strong></span> <span class='ocrx_word' id='word_1_95' title='bbox 1248 2640 1496 2745; x_wconf 88' lang='lat' dir='ltr'><strong>respondero,</strong></span> <span class='ocrx_word' id='word_1_96' title='bbox 1522 2642 1671 2752; x_wconf 5' lang='lat' dir='ltr'><strong>invidia,</strong></span> <span class='ocrx_word' id='word_1_97' title='bbox 1684 2644 1837 2751; x_wconf 82' lang='lat' dir='ltr'><strong>gloriam</strong></span> 
     </span>
     <span class='ocr_line' id='line_1_15' title="bbox 441 2765 1839 2866; baseline 0.004 -28"><span class='ocrx_word' id='word_1_98' title='bbox 441 2781 729 2866; x_wconf 74' lang='lat' dir='ltr'><strong>consequatur:</strong></span> <span class='ocrx_word' id='word_1_99' title='bbox 755 2780 840 2854; x_wconf 89' lang='lat' dir='ltr'><strong>aut,</strong></span> <span class='ocrx_word' id='word_1_100' title='bbox 864 2766 895 2839; x_wconf 89' lang='lat' dir='ltr'><strong>si</strong></span> <span class='ocrx_word' id='word_1_101' title='bbox 908 2765 1025 2841; x_wconf 88' lang='lat' dir='ltr'><strong>huius</strong></span> <span class='ocrx_word' id='word_1_102' title='bbox 1044 2765 1141 2841; x_wconf 81' lang='lat' dir='ltr'><strong>iacta</strong></span> <span class='ocrx_word' id='word_1_103' title='bbox 1156 2790 1317 2857; x_wconf 88' lang='lat' dir='ltr'><strong>,mores‚</strong></span> <span class='ocrx_word' id='word_1_104' title='bbox 1342 2792 1495 2841; x_wconf 90' lang='lat' dir='ltr'><strong>omnem</strong></span> <span class='ocrx_word' id='word_1_105' title='bbox 1511 2781 1661 2844; x_wconf 84' lang='lat' dir='ltr'><strong>aetatem</strong></span> <span class='ocrx_word' id='word_1_106' title='bbox 1680 2770 1839 2845; x_wconf 85' lang='lat' dir='ltr'><strong>nudave-</strong></span> 
     </span>
     <span class='ocr_line' id='line_1_16' title="bbox 455 2887 1839 2992; baseline 0.004 -32"><span class='ocrx_word' id='word_1_107' title='bbox 455 2914 517 2975; x_wconf 83' lang='lat' dir='ltr'><strong>ro,</strong></span> <span class='ocrx_word' id='word_1_108' title='bbox 543 2888 585 2960; x_wconf 92' lang='lat' dir='ltr'><strong>in</strong></span> <span class='ocrx_word' id='word_1_109' title='bbox 607 2888 708 2962; x_wconf 90' lang='lat' dir='ltr'><strong>idem</strong></span> <span class='ocrx_word' id='word_1_110' title='bbox 731 2889 868 2963; x_wconf 84' lang='lat' dir='ltr'><strong>vitium</strong></span> <span class='ocrx_word' id='word_1_111' title='bbox 890 2887 1059 2963; x_wconf 86' lang='lat' dir='ltr'><strong>incidam</strong></span> <span class='ocrx_word' id='word_1_112' title='bbox 1081 2888 1338 2992; x_wconf 81' lang='lat' dir='ltr'><strong>procacitatis,</strong></span> <span class='ocrx_word' id='word_1_113' title='bbox 1365 2889 1469 2991; x_wconf 91' lang='lat' dir='ltr'><strong>quod</strong></span> <span class='ocrx_word' id='word_1_114' title='bbox 1497 2887 1592 2965; x_wconf 86' lang='lat' dir='ltr'><strong>huic</strong></span> <span class='ocrx_word' id='word_1_115' title='bbox 1612 2891 1759 2969; x_wconf 91' lang='lat' dir='ltr'><strong>obiicio.</strong></span> <span class='ocrx_word' id='word_1_116' title='bbox 1799 2890 1839 2966; x_wconf 90' lang='lat' dir='ltr'><strong>Id</strong></span> 
     </span>
     <span class='ocr_line' id='line_1_17' title="bbox 454 3008 1930 3113; baseline 0.003 -29"><span class='ocrx_word' id='word_1_117' title='bbox 454 3036 541 3099; x_wconf 80' lang='lat' dir='ltr'><strong>ros,</strong></span> <span class='ocrx_word' id='word_1_118' title='bbox 563 3011 594 3085; x_wconf 86' lang='lat' dir='ltr'><strong>si</strong></span> <span class='ocrx_word' id='word_1_119' title='bbox 612 3008 709 3085; x_wconf 85' lang='lat' dir='ltr'><strong>sorte</strong></span> <span class='ocrx_word' id='word_1_120' title='bbox 731 3011 986 3100; x_wconf 79' lang='lat' dir='ltr'><strong>offendimini,</strong></span> <span class='ocrx_word' id='word_1_121' title='bbox 1012 3011 1146 3084; x_wconf 86' lang='lat' dir='ltr'><strong>iustius</strong></span> <span class='ocrx_word' id='word_1_122' title='bbox 1170 3009 1264 3085; x_wconf 90' lang='lat' dir='ltr'><strong>huic</strong></span> <span class='ocrx_word' id='word_1_123' title='bbox 1291 3038 1409 3113; x_wconf 88' lang='lat' dir='ltr'><strong>quam</strong></span> <span class='ocrx_word' id='word_1_124' title='bbox 1435 3009 1532 3086; x_wconf 92' lang='lat' dir='ltr'><strong>mihi</strong></span> <span class='ocrx_word' id='word_1_125' title='bbox 1551 3039 1767 3093; x_wconf 84' lang='lat' dir='ltr'><strong>succensere</strong></span> <span class='ocrx_word' id='word_1_126' title='bbox 1782 3015 1839 3091; x_wconf 87' lang='lat' dir='ltr'><strong>de·</strong></span> <span class='ocrx_word' id='word_1_127' title='bbox 1929 3056 1930 3103; x_wconf 72' lang='lat'>1</span> 
     </span>
     <span class='ocr_line' id='line_1_18' title="bbox 454 3131 1930 3246; baseline 0.001 -38"><span class='ocrx_word' id='word_1_128' title='bbox 454 3134 568 3222; x_wconf 85' lang='lat' dir='ltr'><strong>betis,</strong></span> <span class='ocrx_word' id='word_1_129' title='bbox 601 3134 672 3236; x_wconf 85' lang='lat' dir='ltr'><strong>qui</strong></span> <span class='ocrx_word' id='word_1_130' title='bbox 694 3133 850 3207; x_wconf 86' lang='lat' dir='ltr'><strong>initium</strong></span> <span class='ocrx_word' id='word_1_131' title='bbox 869 3131 1091 3206; x_wconf 86' lang='lat' dir='ltr'><strong>introduxit.</strong></span> <span class='ocrx_word' id='word_1_132' title='bbox 1137 3132 1216 3235; x_wconf 78' lang='lat' dir='ltr'><strong>Ego</strong></span> <span class='ocrx_word' id='word_1_133' title='bbox 1238 3132 1337 3207; x_wconf 86' lang='lat' dir='ltr'><strong>dabo</strong></span> <span class='ocrx_word' id='word_1_134' title='bbox 1366 3160 1535 3239; x_wconf 87' lang='lat' dir='ltr'><strong>operam,</strong></span> <span class='ocrx_word' id='word_1_135' title='bbox 1560 3153 1666 3216; x_wconf 82' lang='lat' dir='ltr'><strong>utet</strong></span> <span class='ocrx_word' id='word_1_136' title='bbox 1688 3168 1758 3246; x_wconf 83' lang='lat' dir='ltr'><strong>pro</strong></span> <span class='ocrx_word' id='word_1_137' title='bbox 1784 3163 1838 3214; x_wconf 83' lang='lat' dir='ltr'><strong>me</strong></span> <span class='ocrx_word' id='word_1_138' title='bbox 1929 3150 1930 3209; x_wconf 70' lang='lat'>1</span> 
     </span>
     <span class='ocr_line' id='line_1_19' title="bbox 454 3254 1930 3361; baseline 0.005 -30"><span class='ocrx_word' id='word_1_139' title='bbox 454 3259 616 3333; x_wconf 89' lang='lat' dir='ltr'><strong>minimo</strong></span> <span class='ocrx_word' id='word_1_140' title='bbox 638 3284 727 3331; x_wconf 92' lang='lat' dir='ltr'><strong>cum</strong></span> <span class='ocrx_word' id='word_1_141' title='bbox 749 3256 900 3331; x_wconf 79' lang='lat' dir='ltr'><strong>fastidio</strong></span> <span class='ocrx_word' id='word_1_142' title='bbox 918 3254 1186 3357; x_wconf 86' lang='lat' dir='ltr'><strong>respondeam,</strong></span> <span class='ocrx_word' id='word_1_143' title='bbox 1210 3255 1309 3331; x_wconf 90' lang='lat' dir='ltr'><strong>etin</strong></span> <span class='ocrx_word' id='word_1_144' title='bbox 1330 3255 1437 3333; x_wconf 90' lang='lat' dir='ltr'><strong>hunc</strong></span> <span class='ocrx_word' id='word_1_145' title='bbox 1458 3260 1616 3337; x_wconf 92' lang='lat' dir='ltr'><strong>minime</strong></span> <span class='ocrx_word' id='word_1_146' title='bbox 1643 3265 1836 3342; x_wconf 89' lang='lat' dir='ltr'><strong>mentitum</strong></span> <span class='ocrx_word' id='word_1_147' title='bbox 1929 3356 1930 3361; x_wconf 6' lang='grc' dir='ltr'><strong>Ἰ</strong></span> 
     </span>
     <span class='ocr_line' id='line_1_20' title="bbox 454 3374 1930 3488; baseline 0.004 -33"><span class='ocrx_word' id='word_1_148' title='bbox 454 3407 528 3455; x_wconf 82' lang='lat' dir='ltr'><strong>esse</strong></span> <span class='ocrx_word' id='word_1_149' title='bbox 560 3381 742 3455; x_wconf 80' lang='lat' dir='ltr'><strong>videatur.</strong></span> <span class='ocrx_word' id='word_1_150' title='bbox 790 3378 873 3453; x_wconf 88' lang='lat' dir='ltr'><strong>Scio</strong></span> <span class='ocrx_word' id='word_1_151' title='bbox 898 3405 977 3467; x_wconf 91' lang='lat' dir='ltr'><strong>me,</strong></span> <span class='ocrx_word' id='word_1_152' title='bbox 1002 3382 1129 3453; x_wconf 79' lang='lat' dir='ltr'><strong>Patres</strong></span> <span class='ocrx_word' id='word_1_153' title='bbox 1154 3380 1376 3483; x_wconf 87' lang='lat' dir='ltr'><strong>conscripti,</strong></span> <span class='ocrx_word' id='word_1_154' title='bbox 1405 3380 1445 3455; x_wconf 94' lang='lat' dir='ltr'><strong>in</strong></span> <span class='ocrx_word' id='word_1_155' title='bbox 1472 3386 1734 3488; x_wconf 86' lang='lat' dir='ltr'><strong>respondendo</strong></span> <span class='ocrx_word' id='word_1_156' title='bbox 1765 3413 1835 3464; x_wconf 91' lang='lat' dir='ltr'><strong>non</strong></span> <span class='ocrx_word' id='word_1_157' title='bbox 1929 3374 1930 3411; x_wconf 69' lang='lat'>³</span> 
     </span>
     <span class='ocr_line' id='line_1_21' title="bbox 455 3502 1833 3607; baseline 0.007 -31"><span class='ocrx_word' id='word_1_158' title='bbox 455 3504 593 3578; x_wconf 88' lang='lat' dir='ltr'><strong>habere</strong></span> <span class='ocrx_word' id='word_1_159' title='bbox 623 3530 802 3607; x_wconf 79' lang='lat' dir='ltr'><strong>magnam</strong></span> <span class='ocrx_word' id='word_1_160' title='bbox 834 3502 1177 3604; x_wconf 82' lang='lat' dir='ltr'><strong>exspectationem,</strong></span> <span class='ocrx_word' id='word_1_161' title='bbox 1214 3504 1320 3604; x_wconf 89' lang='lat' dir='ltr'><strong>quod</strong></span> <span class='ocrx_word' id='word_1_162' title='bbox 1348 3504 1503 3580; x_wconf 89' lang='lat' dir='ltr'><strong>nullum</strong></span> <span class='ocrx_word' id='word_1_163' title='bbox 1534 3534 1597 3583; x_wconf 87' lang='lat' dir='ltr'><strong>vos</strong></span> <span class='ocrx_word' id='word_1_164' title='bbox 1625 3512 1747 3589; x_wconf 86' lang='lat' dir='ltr'><strong>sciatis</strong></span> <span class='ocrx_word' id='word_1_165' title='bbox 1774 3535 1833 3587; x_wconf 86' lang='lat' dir='ltr'><strong>no·</strong></span> 
     </span>
     <span class='ocr_line' id='line_1_22' title="bbox 454 3622 1831 3742; baseline 0.004 -41"><span class='ocrx_word' id='word_1_166' title='bbox 454 3654 545 3701; x_wconf 77' lang='lat' dir='ltr'><strong>vum</strong></span> <span class='ocrx_word' id='word_1_167' title='bbox 569 3628 714 3701; x_wconf 88' lang='lat' dir='ltr'><strong>crimen</strong></span> <span class='ocrx_word' id='word_1_168' title='bbox 737 3626 778 3700; x_wconf 88' lang='lat' dir='ltr'><strong>in</strong></span> <span class='ocrx_word' id='word_1_169' title='bbox 801 3624 1008 3700; x_wconf 85' lang='lat' dir='ltr'><strong>Salustium</strong></span> <span class='ocrx_word' id='word_1_170' title='bbox 1034 3622 1251 3716; x_wconf 88' lang='lat' dir='ltr'><strong>audituros,</strong></span> <span class='ocrx_word' id='word_1_171' title='bbox 1281 3626 1346 3702; x_wconf 88' lang='lat' dir='ltr'><strong>sed</strong></span> <span class='ocrx_word' id='word_1_172' title='bbox 1376 3628 1504 3704; x_wconf 86' lang='lat' dir='ltr'><strong>omnia</strong></span> <span class='ocrx_word' id='word_1_173' title='bbox 1530 3647 1655 3711; x_wconf 83' lang='lat' dir='ltr'><strong>vetera</strong></span> <span class='ocrx_word' id='word_1_174' title='bbox 1678 3633 1831 3742; x_wconf 79' lang='lat' dir='ltr'><strong>recogni-</strong></span> 
     </span>
    </p>
   </div>
   <div class='ocr_carea' id='block_1_7' title="bbox 446 3845 1829 4351">
    <p class='ocr_par' dir='ltr' id='par_1_7' title="bbox 446 3845 1829 4351">
     <span class='ocr_line' id='line_1_23' title="bbox 535 3845 1829 3929; baseline 0.002 -21"><span class='ocrx_word' id='word_1_175' title='bbox 535 3848 608 3929; x_wconf 87' lang='lat' dir='ltr'><strong>Cop.</strong></span> <span class='ocrx_word' id='word_1_176' title='bbox 627 3869 652 3908; x_wconf 87' lang='lat'><strong>1.</strong></span> <span class='ocrx_word' id='word_1_177' title='bbox 674 3848 707 3907; x_wconf 85' lang='lat' dir='ltr'><strong>in</strong></span> <span class='ocrx_word' id='word_1_178' title='bbox 721 3845 805 3907; x_wconf 80' lang='lat' dir='ltr'><strong>omm‘</strong></span> <span class='ocrx_word' id='word_1_179' title='bbox 815 3866 920 3927; x_wconf 77' lang='lat' dir='ltr'><strong>genere</strong></span> <span class='ocrx_word' id='word_1_180' title='bbox 935 3845 1074 3910; x_wconf 88' lang='lat' dir='ltr'><strong>Oudend.</strong></span> <span class='ocrx_word' id='word_1_181' title='bbox 1095 3847 1174 3923; x_wconf 81' lang='lat' dir='ltr'><strong>quod</strong></span> <span class='ocrx_word' id='word_1_182' title='bbox 1188 3854 1285 3907; x_wconf 82' lang='lat' dir='ltr'><strong>cutem</strong></span> <span class='ocrx_word' id='word_1_183' title='bbox 1300 3846 1326 3907; x_wconf 81' lang='lat' dir='ltr'><strong>si</strong></span> <span class='ocrx_word' id='word_1_184' title='bbox 1344 3846 1394 3907; x_wconf 78' lang='lat' dir='ltr'><strong>Ac.</strong></span> <span class='ocrx_word' id='word_1_185' title='bbox 1416 3853 1495 3929; x_wconf 83' lang='lat' dir='ltr'><strong>quod</strong></span> <span class='ocrx_word' id='word_1_186' title='bbox 1509 3862 1561 3914; x_wconf 83' lang='lat' dir='ltr'><strong>aut</strong></span> <span class='ocrx_word' id='word_1_187' title='bbox 1573 3854 1599 3915; x_wconf 74' lang='lat' dir='ltr'><strong>aa·</strong></span> <span class='ocrx_word' id='word_1_188' title='bbox 1616 3855 1676 3917; x_wconf 76' lang='lat' dir='ltr'><strong>inc.</strong></span> <span class='ocrx_word' id='word_1_189' title='bbox 1689 3856 1747 3918; x_wconf 65' lang='lat' dir='ltr'><strong>Bm</strong></span> <span class='ocrx_word' id='word_1_190' title='bbox 1765 3875 1829 3917; x_wconf 81' lang='lat' dir='ltr'><strong>aon-</strong></span> 
     </span>
     <span class='ocr_line' id='line_1_24' title="bbox 450 3948 1827 4032; baseline 0.001 -19"><span class='ocrx_word' id='word_1_191' title='bbox 450 3964 587 4032; x_wconf 73' lang='lat' dir='ltr'><strong>sequatur</strong></span> <span class='ocrx_word' id='word_1_192' title='bbox 606 3952 656 4013; x_wconf 77' lang='lat' dir='ltr'><strong>Ac.</strong></span> <span class='ocrx_word' id='word_1_193' title='bbox 677 3952 761 4016; x_wconf 84' lang='lat' dir='ltr'><strong>Rem.</strong></span> <span class='ocrx_word' id='word_1_194' title='bbox 782 3951 844 4009; x_wconf 86' lang='lat' dir='ltr'><strong>Bas.</strong></span> <span class='ocrx_word' id='word_1_195' title='bbox 864 3959 1053 4028; x_wconf 77' lang='lat' dir='ltr'><strong>consequetur</strong></span> <span class='ocrx_word' id='word_1_196' title='bbox 1073 3951 1170 4009; x_wconf 85' lang='lat' dir='ltr'><strong>ceteri.</strong></span> <span class='ocrx_word' id='word_1_197' title='bbox 1200 3948 1235 4009; x_wconf 83' lang='lat' dir='ltr'><strong>t&#39;d</strong></span> <span class='ocrx_word' id='word_1_198' title='bbox 1248 3950 1275 4009; x_wconf 81' lang='lat' dir='ltr'><strong>si</strong></span> <span class='ocrx_word' id='word_1_199' title='bbox 1286 3954 1429 4028; x_wconf 74' lang='lat' dir='ltr'><strong>vassorta</strong></span> <span class='ocrx_word' id='word_1_200' title='bbox 1447 3954 1509 4016; x_wconf 85' lang='lat' dir='ltr'><strong>Bas.</strong></span> <span class='ocrx_word' id='word_1_201' title='bbox 1539 3958 1665 4023; x_wconf 64' lang='lat' dir='ltr'><strong>debsafis</strong></span> <span class='ocrx_word' id='word_1_202' title='bbox 1682 3961 1741 4023; x_wconf 66' lang='lat' dir='ltr'><strong>Bm.</strong></span> <span class='ocrx_word' id='word_1_203' title='bbox 1757 3958 1827 4023; x_wconf 69' lang='lat' dir='ltr'><strong>laid.</strong></span> 
     </span>
     <span class='ocr_line' id='line_1_25' title="bbox 446 4052 1825 4129; baseline -0.001 -9"><span class='ocrx_word' id='word_1_204' title='bbox 446 4080 473 4121; x_wconf 90' lang='lat' dir='ltr'><strong>c.</strong></span> <span class='ocrx_word' id='word_1_205' title='bbox 493 4057 613 4119; x_wconf 74' lang='lat' dir='ltr'><strong>minim</strong></span> <span class='ocrx_word' id='word_1_206' title='bbox 629 4057 782 4117; x_wconf 73' lang='lat' dir='ltr'><strong>mutuom</strong></span> <span class='ocrx_word' id='word_1_207' title='bbox 797 4073 853 4116; x_wconf 75' lang='lat' dir='ltr'><strong>esre</strong></span> <span class='ocrx_word' id='word_1_208' title='bbox 866 4054 899 4113; x_wconf 86' lang='grc' dir='ltr'><strong>υἱ</strong></span> <span class='ocrx_word' id='word_1_209' title='bbox 908 4056 1012 4114; x_wconf 67' lang='lat' dir='ltr'><strong>uun.</strong></span> <span class='ocrx_word' id='word_1_210' title='bbox 1034 4052 1112 4113; x_wconf 88' lang='lat' dir='ltr'><strong>Gud.</strong></span> <span class='ocrx_word' id='word_1_211' title='bbox 1124 4053 1184 4113; x_wconf 86' lang='lat' dir='ltr'><strong>Bas.</strong></span> <span class='ocrx_word' id='word_1_212' title='bbox 1205 4053 1359 4115; x_wconf 78' lang='lat' dir='ltr'><strong>mentitum</strong></span> <span class='ocrx_word' id='word_1_213' title='bbox 1383 4078 1440 4119; x_wconf 80' lang='lat' dir='ltr'><strong>ease</strong></span> <span class='ocrx_word' id='word_1_214' title='bbox 1456 4059 1561 4123; x_wconf 79' lang='lat' dir='ltr'><strong>videar</strong></span> <span class='ocrx_word' id='word_1_215' title='bbox 1579 4064 1630 4127; x_wconf 79' lang='lat' dir='ltr'><strong>Ac.</strong></span> <span class='ocrx_word' id='word_1_216' title='bbox 1649 4066 1727 4129; x_wconf 65' lang='lat' dir='ltr'><strong>Laid,</strong></span> <span class='ocrx_word' id='word_1_217' title='bbox 1738 4090 1763 4129; x_wconf 67' lang='grc' dir='ltr'><strong>ς.</strong></span> <span class='ocrx_word' id='word_1_218' title='bbox 1776 4084 1825 4129; x_wconf 81' lang='lat' dir='ltr'><strong>no-</strong></span> 
     </span>
     <span class='ocr_line' id='line_1_26' title="bbox 448 4157 1824 4243; baseline 0.001 -20"><span class='ocrx_word' id='word_1_219' title='bbox 448 4174 518 4224; x_wconf 73' lang='lat' dir='ltr'><strong>stre</strong></span> <span class='ocrx_word' id='word_1_220' title='bbox 533 4172 563 4222; x_wconf 79' lang='lat' dir='ltr'><strong>ct</strong></span> <span class='ocrx_word' id='word_1_221' title='bbox 576 4163 662 4243; x_wconf 75' lang='lat' dir='ltr'><strong>ipsuis</strong></span> <span class='ocrx_word' id='word_1_222' title='bbox 676 4162 737 4221; x_wconf 84' lang='lat' dir='ltr'><strong>iam</strong></span> <span class='ocrx_word' id='word_1_223' title='bbox 754 4181 838 4220; x_wconf 79' lang='lat' dir='ltr'><strong>aures</strong></span> <span class='ocrx_word' id='word_1_224' title='bbox 850 4161 947 4229; x_wconf 76' lang='lat' dir='ltr'><strong>colent</strong></span> <span class='ocrx_word' id='word_1_225' title='bbox 967 4157 1018 4219; x_wconf 73' lang='lat' dir='ltr'><strong>dc.</strong></span> <span class='ocrx_word' id='word_1_226' title='bbox 1040 4158 1073 4218; x_wconf 84' lang='lat' dir='ltr'><strong>in</strong></span> <span class='ocrx_word' id='word_1_227' title='bbox 1087 4158 1215 4220; x_wconf 63' lang='lat' dir='ltr'><strong>mittimus</strong></span> <span class='ocrx_word' id='word_1_228' title='bbox 1226 4159 1283 4219; x_wconf 75' lang='lat' dir='ltr'><strong>reb.</strong></span> <span class='ocrx_word' id='word_1_229' title='bbox 1303 4159 1355 4221; x_wconf 79' lang='lat' dir='ltr'><strong>Ac.</strong></span> <span class='ocrx_word' id='word_1_230' title='bbox 1375 4158 1456 4230; x_wconf 74' lang='lat' dir='ltr'><strong>Laid.</strong></span> <span class='ocrx_word' id='word_1_231' title='bbox 1469 4186 1495 4226; x_wconf 87' lang='lat' dir='ltr'><strong>c.</strong></span> <span class='ocrx_word' id='word_1_232' title='bbox 1516 4168 1608 4230; x_wconf 66' lang='lat' dir='ltr'><strong>auom</strong></span> <span class='ocrx_word' id='word_1_233' title='bbox 1622 4170 1660 4231; x_wconf 87' lang='grc' dir='ltr'><strong>Ρ.</strong></span> <span class='ocrx_word' id='word_1_234' title='bbox 1677 4170 1711 4233; x_wconf 81' lang='lat' dir='ltr'><strong>C.</strong></span> <span class='ocrx_word' id='word_1_235' title='bbox 1724 4191 1781 4234; x_wconf 75' lang='lat' dir='ltr'><strong>non</strong></span> <span class='ocrx_word' id='word_1_236' title='bbox 1792 4189 1824 4230; x_wconf 78' lang='lat' dir='ltr'><strong>ar</strong></span> 
     </span>
     <span class='ocr_line' id='line_1_27' title="bbox 449 4264 1821 4351; baseline 0.004 -21"><span class='ocrx_word' id='word_1_237' title='bbox 449 4279 526 4331; x_wconf 82' lang='lat' dir='ltr'><strong>orat.</strong></span> <span class='ocrx_word' id='word_1_238' title='bbox 546 4288 649 4330; x_wconf 82' lang='lat' dir='ltr'><strong>omnes</strong></span> <span class='ocrx_word' id='word_1_239' title='bbox 662 4269 720 4327; x_wconf 82' lang='lat' dir='ltr'><strong>sere</strong></span> <span class='ocrx_word' id='word_1_240' title='bbox 733 4264 810 4327; x_wconf 74' lang='lat' dir='ltr'><strong>libri.</strong></span> <span class='ocrx_word' id='word_1_241' title='bbox 830 4264 914 4327; x_wconf 75' lang='lat' dir='ltr'><strong>iilum</strong></span> <span class='ocrx_word' id='word_1_242' title='bbox 928 4264 1096 4347; x_wconf 82' lang='lat' dir='ltr'><strong>legendum.</strong></span> <span class='ocrx_word' id='word_1_243' title='bbox 1122 4284 1209 4344; x_wconf 70' lang='lat' dir='ltr'><strong>qaum</strong></span> <span class='ocrx_word' id='word_1_244' title='bbox 1228 4284 1366 4329; x_wconf 66' lang='lat' dir='ltr'><strong>maxume</strong></span> <span class='ocrx_word' id='word_1_245' title='bbox 1390 4278 1512 4351; x_wconf 81' lang='lat' dir='ltr'><strong>potuero</strong></span> <span class='ocrx_word' id='word_1_246' title='bbox 1532 4272 1594 4338; x_wconf 80' lang='lat' dir='ltr'><strong>Bas.</strong></span> <span class='ocrx_word' id='word_1_247' title='bbox 1613 4275 1692 4341; x_wconf 74' lang='lat' dir='ltr'><strong>laid.</strong></span> <span class='ocrx_word' id='word_1_248' title='bbox 1705 4300 1730 4341; x_wconf 80' lang='lat' dir='ltr'><strong>c.</strong></span> <span class='ocrx_word' id='word_1_249' title='bbox 1753 4278 1821 4341; x_wconf 70' lang='lat' dir='ltr'><strong>oms</strong></span> 
     </span>
    </p>
   </div>
   <div class='ocr_carea' id='block_1_8' title="bbox 0 0 2040 5009">
    <p class='ocr_par' dir='ltr' id='par_1_8' title="bbox 0 0 2040 5009">
     <span class='ocr_line' id='line_1_28' title="bbox 0 0 2040 5009; baseline 0 0"><span class='ocrx_word' id='word_1_250' title='bbox 0 0 2040 5009; x_wconf 95' lang='lat' dir='ltr'><strong> </strong></span> 
     </span>
    </p>
   </div>
  </div>
 </body>
</html>
