4050 5009
393 402 419 477 8

495 598 588 680 eod.
608 582 700 677 VII.
738 601 800 702 (L
815 604 899 704 92.)
926 584 1154 681 01202120οω
1175 602 1239 682 sed
1264 631 1285 681 a
1308 605 1411 682 bono
1427 605 1532 683 libro
1559 604 1791 717 descriptum

390 714 440 793 de
461 716 564 793 bello
587 718 833 823 Iugurthino.
869 722 1008 797 Insunt
1029 738 1208 825 praeterea
1226 722 1416 799 nonnulla
1437 750 1482 799 ex
1502 723 1694 803 Ciceronis
1706 729 1792 833 phi-

391 832 596 938 losophicis
608 852 646 909 et
661 836 748 911 duae
758 838 967 913 Invectivae.
981 838 1095 913 Liber
1108 865 1131 913 a
1145 838 1368 943 corruptelis
1383 839 1471 913 satis
1487 840 1641 950 integer,
1655 848 1792 950 saepius

391 952 628 1055 optimorum
641 952 831 1029 librorum
844 954 1023 1029 lectiones
1036 952 1238 1030 confirmat
1253 971 1291 1029 ct
1301 1014 1310 1045 ,
1319 956 1424 1030 ulria
1443 956 1648 1037 meliorum
1661 978 1792 1039 aucto·

390 1068 505 1142 ritate
526 1069 687 1157 recedit,
713 1097 803 1147 cum
826 1072 973 1146 ratione
993 1086 1103 1145 errat.
1138 1071 1218 1172 Qui
1236 1071 1459 1147 brevitatem
1478 1073 1652 1168 Salustii,
1672 1105 1792 1181 quam

391 1182 548 1277 dicunt,
570 1186 647 1261 suis
670 1186 713 1261 in
734 1186 967 1261 editionibus
992 1186 1202 1291 exprimere
1226 1186 1398 1280 student,
1419 1188 1449 1262 is
1469 1186 1535 1264 hic
1561 1214 1681 1268 codex
1712 1221 1792 1270 ma-

389 1327 466 1406 gno
484 1301 559 1376 erit
577 1302 810 1407 adjumento.

473 1441 547 1526 Cap.
562 1464 588 1503 1.
610 1446 746 1505 Invenies
764 1476 784 1491 -
802 1421 906 1506 virtuti
923 1445 971 1506 via
990 1477 1010 1492 -
1029 1442 1123 1503 bonas
1143 1455 1217 1504 artes
1237 1478 1257 1493 -
1273 1464 1355 1507 suam
1372 1448 1484 1529 quique
1502 1412 1633 1530 eulpam.
1655 1449 1684 1523 4.
1698 1449 1794 1533 adep-

391 1550 439 1601 tus
462 1560 530 1600 sum
550 1572 570 1588 ·
589 1543 784 1621 nequiverant
805 1573 825 1589 -
851 1552 881 1601 et
901 1543 985 1623 quasi
1001 1561 1055 1622 per
1081 1543 1247 1602 latrocinia.
1277 1566 1305 1624 7.
1325 1545 1448 1623 preficit
1469 1544 1660 1627 Iugurtham.
1693 1550 1792 1610 22.122

337 1643 346 1654 ‘
390 1657 488 1697 unum
505 1659 693 1699 convenere·
706 1642 905 1721 quammulta
924 1641 1050 1699 -illum
1071 1639 1164 1698 tribus
1184 1642 1334 1718 proximis.
1360 1646 1404 1703 25.
1416 1643 1482 1721 quis
1494 1644 1647 1724 praecepit,
1662 1646 1707 1704 uti
1726 1647 1794 1725 pri-

391 1755 477 1795 mum
493 1768 513 1783 -
532 1736 708 1797 ambiundo.
735 1738 780 1807 24.
795 1737 977 1797 versabimur
994 1770 1014 1785 -
1032 1748 1156 1799 vestram
1177 1738 1339 1797 amicitiam
1361 1741 1501 1797 colerent.
1536 1759 1581 1821 ¹7·
1596 1739 1695 1800 arbori
1712 1742 1794 1802 inie-

390 1832 517 1893 euudus.
542 1835 705 1895 18.multis
721 1835 780 1895 sibi
799 1836 970 1915 imperium.
1002 1856 1052 1895 20.
1067 1834 1170 1895 dolore
1184 1846 1353 1915 permotum
1373 1833 1572 1897 adherbalem.
1605 1838 1792 1899 21.Romam

389 1929 429 1991 ab
450 1931 609 1993 adherbale
633 1936 746 1994 missos.
779 1932 829 1993 23.
843 1932 1006 1993 discessisse
1028 1932 1094 2013 (sed
1118 1952 1207 2012 supra
1229 1954 1294 2013 cap.
1311 1954 1357 1995 20.
1373 1933 1534 2011 decessere)
1554 1965 1573 1980 -
1593 1936 1713 2019 erigere.
1742 1937 1793 2009 24.

390 2048 440 2090 2220
460 2050 495 2091 ex
512 2031 652 2090 manibus
672 2032 783 2111 impiis.
805 2032 854 2091 25.
868 2041 987 2090 senatus
1006 2031 1145 2111 princeps
1164 2062 1184 2077 -
1202 2030 1381 2110 rapiebatur.
1403 2051 1451 2113 29.
1469 2050 1607 2091 scaurum
1628 2044 1793 2114 acceperat.

390 2124 593 2197 &dedecora
615 2140 821 2209 pervenerunt.
848 2127 899 2189 32.
912 2127 1102 2188 accersebant
1119 2160 1138 2174 -
1159 2126 1274 2187 Cassius
1295 2131 1407 2209 perlata
1428 2128 1582 2209 rogatione
1599 2150 1630 2209 p.
1648 2150 1671 2189 r.
1691 2162 1710 2177 -
1730 2132 1794 2190 mi-

388 2225 579 2286 sericordiam
608 2228 733 2305 experiri
763 2230 876 2286 mallet.
907 2225 957 2285 33.
976 2246 1102 2306 suasque
1120 2246 1199 2305 opes.
1243 2226 1291 2287 38.
1312 2226 1472 2285 occultiora
1495 2227 1558 2286 sore
1575 2259 1596 2277 -
1615 2229 1693 2287 same
1715 2229 1793 2288 Ierro

387 2325 520 2384 0122220οω
542 2334 631 2385 tenet.
672 2324 722 2404 39.
743 2343 898 2385 accersere.
937 2336 987 2396 40.
1005 2322 1042 2381 G.
1068 2324 1220 2382 Mamillus
1238 2354 1258 2370 -
1282 2343 1316 2383 ex
1334 2324 1472 2393 Mamilli.
1514 2324 1562 2395 43.
1584 2326 1694 2385 auxilia
1717 2328 1794 2385 mit-

388 2419 491 2481 tendo.
531 2421 582 2493 44.
605 2442 623 2481 a
649 2421 758 2502 Spurio
780 2421 891 2481 Albino
918 2423 1097 2501 proconsule
1124 2452 1143 2467 ·
1182 2422 1245 2500 spei
1268 2420 1361 2480 bona.
1399 2421 1448 2501 47.
1468 2422 1633 2500 imposuit;
1655 2423 1794 2481 frumen-

387 2526 455 2577 tum
477 2527 507 2578 et
526 2521 586 2579 alia
615 2552 635 2567 -
661 2540 697 2578 eo
715 2530 832 2599 portare
863 2550 883 2566 -
916 2528 948 2577 et
964 2528 1176 2577 commeatum.
1218 2518 1267 2598 49.
1290 2519 1459 2598 proximum
1476 2515 1584 2577 hostes.
1628 2520 1676 2579 50.
1691 2520 1794 2601 campi

387 2614 516 2676 fuerant.
551 2615 600 2687 54.
631 2618 790 2675 inimicum
812 2626 982 2677 certamen..
998 2616 1045 2675 62.
1068 2617 1212 2676 accersiri.
1249 2615 1297 2698 67.
1328 2614 1508 2674 obtruncati.
1537 2637 1586 2699 7¹·
1608 2614 1724 2678 audivit
1748 2638 1794 2678 ex.

387 2722 439 2793 74.
464 2712 654 2793 incertusque
672 2713 834 2794 vagabatur
851 2745 871 2759 -
890 2734 950 2794 qua
969 2716 1002 2772 in
1028 2724 1111 2793 parte
1135 2733 1178 2772 res
1196 2714 1252 2771 suit
1271 2744 1291 2757 -
1321 2712 1419 2771 tutati.
1455 2714 1503 2793 75.
1523 2715 1667 2791 pervenit.
1690 2713 1795 2794 Oppi-

386 2807 461 2868 dum
481 2841 500 2856 ·
520 2809 623 2891 ibique
639 2810 774 2890 plerique
794 2842 813 2856 -
832 2830 868 2868 eo
881 2811 1014 2890 imponit
1031 2842 1051 2855 -
1071 2830 1160 2891 quarn
1177 2810 1341 2889 proximam
1361 2809 1473 2889 oppido
1492 2830 1600 2889 aquam
1617 2830 1717 2891 supra.
1741 2811 1794 2893 76.

386 2924 449 2965 una
473 2906 522 2966 die
563 2938 582 2953 -
620 2928 766 2988 superque
793 2927 840 2967 eas
870 2926 1005 2989 aggerem
1033 2919 1121 2967 terras
1142 2924 1229 2987 super
1247 2926 1381 2988 aggerem
1406 2908 1554 2987 impositis
1578 2908 1664 2986 jubet
1695 2914 1796 2973 turri-

386 3002 444 3063 bus
465 3024 541 3085 opus
568 3004 758 3064 administros
783 3006 884 3064 tutari.
921 3026 969 3086 77.
987 3006 1120 3086 gnaviter
1139 3005 1269 3063 fecerant
1287 3036 1305 3049 -
1325 3006 1453 3085 petitum
1473 3006 1602 3085 -pauci
1623 3005 1796 3087 impedive-

385 3112 465 3163 rant.
487 3104 617 3183 81.quis
636 3134 656 3148 -
674 3103 744 3162 sint.
766 3103 815 3161 82.
830 3104 964 3183 linguam
983 3102 1140 3160 moderari.
1171 3100 1219 3162 83.
1239 3122 1331 3182 quom
1355 3103 1488 3163 victores.
1517 3101 1566 3172 84.
1582 3103 1718 3183 cognitos
1742 3124 1797 3164 aa·

386 3200 447 3260 cire
468 3230 487 3247 -
506 3200 594 3280 plebe
611 3200 752 3257 militiam
771 3202 899 3259 volente.
931 3197 980 3258 85.
995 3220 1056 3279 quo
1071 3199 1165 3279 pluris
1183 3208 1226 3257 est
1246 3230 1264 3244 -
1282 3198 1399 3259 videtur
1415 3197 1491 3258 mihi
1512 3200 1565 3258 illa
1588 3198 1797 3261 administrari

384 3327 404 3346 ·
423 3297 673 3379 isimperatorem
700 3317 774 3356 -ex
788 3297 883 3355 animi
906 3298 1052 3355 sententia
1080 3327 1099 3342 -
1116 3316 1187 3354 nam
1205 3316 1296 3376 quom
1316 3307 1348 3354 tu
1366 3307 1403 3355 te.
1445 3316 1494 3374 92.
1510 3297 1556 3356 1111
1582 3307 1635 3355 aut
1659 3308 1795 3357 mentem

384 3393 535 3470 divinam,
556 3406 617 3454 aut.
639 3399 689 3474 95.
705 3415 798 3475 quom
824 3414 918 3452 unam
938 3425 958 3440 -
977 3392 1112 3452 difficilia
1132 3392 1264 3451 faciundi
1284 3394 1419 3467 animum
1440 3392 1574 3452 advertit.
1595 3414 1645 3473 97.
1663 3396 1798 3474 accepit,

387 3490 516 3551 dubium
535 3524 554 3538 -
582 3491 736 3550 difficilem
756 3494 828 3551 lore.
860 3512 925 3551 100.
946 3492 1095 3572 profectus
1116 3492 1150 3549 in
1171 3487 1295 3548 hiberna
1306 3532 1316 3565 ‚
1337 3499 1466 3570 propter.
1501 3510 1566 3549 202.
1588 3491 1701 3569 primos
1719 3502 1795 3551 erat.

388 3608 456 3649 202.
474 3591 550 3650 velle
568 3588 604 3648 de
619 3610 696 3664 suo,
717 3589 824 3670 populi
844 3620 864 3635 -
883 3608 975 3669 quom
993 3599 1023 3647 te
1042 3592 1132 3647 talem
1152 3620 1171 3634 -
1199 3588 1245 3645 cui
1264 3587 1377 3645 scilieet
1397 3587 1581 3666 complacuit
1599 3617 1619 3632 -
1637 3585 1718 3645 unde
1734 3587 1798 3645 Juv-

383 3683 535 3771 gurtbam.
569 3692 635 3750 103.
650 3687 762 3746 abillis
781 3687 885 3745 amicis
904 3718 924 3733 -
943 3684 1052 3744 deinde
1071 3686 1104 3743 in
1131 3685 1246 3743 itinere.
1280 3684 1344 3753 204.
1367 3684 1478 3763 Syllam
1496 3682 1534 3741 ab
1552 3682 1639 3741 Utica
1664 3714 1684 3731 -
1704 3694 1734 3743 et
1754 3682 1797 3745 ab

384 3787 519 3851 consule.
550 3785 618 3844 205.
639 3795 669 3843 et
696 3784 849 3844 adversum
870 3804 954 3864 quos.
986 3782 1052 3863 187.
1067 3796 1134 3862 pars
1153 3782 1199 3839 uti
1217 3781 1322 3840 sortem
1342 3782 1476 3839 animum
1500 3788 1603 3861 gerant
1617 3777 1755 3839 hortatur
1770 3813 1798 3829 ¹-

384 3902 479 3965 quom
490 3884 671 3965 ipsefflius·
682 3882 789 3962 optim.
800 3883 922 3943 lactum.
947 3901 1013 3941 220.
1029 3890 1059 3941 et
1070 3880 1345 3960 Hercle-precium
1363 3889 1419 3939 tuae
1436 3876 1575 3936 amicitie
1595 3906 1614 3921 -
1632 3896 1796 3957 nunquam

385 3980 453 4043 tibi.
468 4001 535 4042 222.
554 4000 647 4061 quom
662 3983 764 4041 talem.

488 4102 579 4178 Cod.
601 4101 714 4177 VIII.
756 4100 820 4198 (R.
844 4100 918 4199 32.)
950 4102 1065 4174 Anno
1087 4098 1316 4173 MCCCLIV.
1343 4094 1506 4199 scriptus
1528 4108 1567 4168 et
1586 4117 1709 4166 manu
1737 4113 1800 4164 se·

383 4218 514 4298 cunda
533 4217 756 4294 emendatus
777 4232 840 4292 est
866 4214 983 4290 Initio
1000 4243 1083 4290 xxv.
1100 4214 1226 4318 capita
1246 4211 1340 4291 belli
1361 4209 1577 4287 Catilinarii
1604 4208 1757 4283 desunt.

466 4343 541 4425 Cap.
556 4344 594 4404 26
614 4342 650 4402 R.
663 4365 694 4424 p.
714 4340 892 4401 dissentiret.
917 4362 965 4421 27.
980 4342 1064 4421 prius
1084 4341 1110 4401 si
1128 4338 1313 4399 Ciceronem.
1336 4338 1384 4397 28.
1398 4334 1452 4395 ubi
1468 4334 1614 4395 intellexit
1632 4364 1652 4379 -
1669 4331 1802 4411 impen-

380 4442 481 4507 debat.
505 4442 555 4505 30.
568 4462 641 4503 nam
660 4438 694 4500 hi
709 4441 840 4522 utrique.
861 4436 912 4500 32.
930 4437 975 4499 1121
990 4458 1092 4500 secum
1108 4438 1213 4499 multa.
1242 4435 1291 4497 35.
1305 4454 1375 4497 eum
1396 4432 1486 4494 etiam
1514 4429 1630 4493 alienis
1653 4430 1703 4510 39.
1722 4430 1802 4489 aui-
