4050 5009
1544 453 1593 536 71

208 629 295 681 unus
317 611 495 702 esurie,
520 613 616 690 alter
645 639 666 688 a
700 612 828 690 callia
849 615 1025 691 obstant.
1050 587 1195 690 drusus
1222 613 1265 692 in
1294 610 1353 690 ho
1380 609 1471 688 loeo
1494 635 1593 705 esse,

202 728 229 800 si
251 757 419 812 maxume
434 735 585 812 animus
608 735 728 828 ieret,
750 737 936 813 frumenti
967 753 1085 842 etque
1108 737 1273 812 aliorum
1294 763 1424 814 rerum
1452 751 1591 842 egestas

200 851 374 954 prohibet
400 861 656 966 Quocumque
675 863 730 938 ire
750 862 894 966 placet,
907 860 1008 938 ferro
1029 863 1102 938 iter
1123 860 1380 966 aperiundum
1396 877 1458 936 est
1484 860 1591 959 Qua-

198 997 344 1082 propter
360 1010 424 1060 vos
449 1013 606 1078 moneo,
630 987 689 1062 uti
705 985 797 1063 forti
820 1003 937 1090 atque
956 1003 1091 1090 parato
1112 987 1241 1062 animo
1261 984 1340 1060 sitis
1347 1017 1357 1079 ;
1382 1001 1436 1074 et,
1463 1011 1586 1087 quum

199 1103 362 1201 prolium
385 1108 552 1200 inibitis,
577 1110 842 1202 memineritis,
867 1137 931 1187 vos
950 1110 1119 1200 divitias,
1145 1109 1276 1200 decus,
1298 1109 1475 1214 gloriam,
1496 1133 1592 1214 prae-

198 1239 288 1303 terea
305 1230 519 1309 libertatem
542 1250 658 1338 atque
674 1234 839 1340 patriam
863 1236 907 1310 in
930 1234 1070 1311 dextris
1089 1233 1219 1309 vestris
1242 1249 1403 1338 portare.
1448 1233 1486 1308 Si
1506 1233 1590 1308 vin-

197 1347 318 1444 cimus,
343 1357 474 1432 omnia
497 1358 608 1433 nobis
629 1374 712 1433 tuta
730 1375 865 1449 erunt,
891 1373 1123 1434 commeatus
1150 1357 1327 1447 abunde,
1355 1357 1515 1432 coloniae
1532 1373 1588 1431 nt·

197 1498 265 1572 que
281 1479 490 1582 municipia
510 1481 719 1585 patebunt3
752 1483 783 1558 si
807 1498 915 1558 metu
938 1481 1173 1573 cesserimus,
1212 1479 1344 1558 eadem
1369 1481 1436 1556 illa
1456 1479 1589 1557 advor-

194 1619 228 1669 sa
251 1597 364 1675 fient:
391 1629 516 1707 neque
545 1604 670 1696 locus,
697 1631 821 1708 neque
841 1606 986 1681 amicus
1016 1605 1220 1708 quisquam
1249 1621 1366 1710 teget,
1393 1632 1508 1708 quem
1529 1633 1589 1680 ar·

195 1747 250 1795 ma
267 1751 343 1801 non
367 1728 538 1802 texerint.
577 1731 777 1818 Praeterea‚
802 1729 961 1818 milites,
984 1756 1066 1804 non
1083 1729 1214 1804 eadem
1235 1729 1346 1804 nobis
1366 1745 1404 1802 et
1427 1729 1501 1804 illis
1523 1757 1589 1804 ne-

194 1847 366 1925 cessitudo
391 1851 606 1955 impendet3
631 1878 700 1928 nos
723 1879 794 1954 pro
823 1852 966 1956 patrio,
991 1878 1062 1955 pro
1081 1851 1275 1942 libertate,
1300 1877 1371 1955 pro
1394 1851 1471 1927 vita
1509 1879 1589 1929 cer·

197 1983 333 2047 tomus:
360 1974 436 2050 illis
456 2001 778 2079 supervacaneum
803 1992 858 2050 est
878 2002 1051 2080 pugnare
1075 2001 1146 2079 pro
1170 1976 1341 2079 potentia
1365 2002 1586 2079 paucorum.

196 2091 276 2188 Quo
302 2097 485 2174 audacius
510 2098 811 2203 adgrediamini,
844 2125 1027 2174 memores
1058 2099 1227 2204 pristinae
1252 2099 1410 2174 virmtis.
1460 2101 1588 2174 Licuit

196 2218 294 2293 nobis
312 2249 403 2296 cnm
431 2249 580 2298 summa
608 2222 849 2326 turpitudine
877 2223 918 2296 in
948 2221 1078 2296 exsilio
1111 2237 1261 2296 oetntem
1286 2247 1417 2326 ogere:
1442 2223 1587 2326 potuis-

197 2339 236 2413 tis
255 2344 434 2420 nonnulli
452 2346 598 2435 llomae,
629 2344 771 2419 amissis
788 2345 916 2434 bonis,
947 2344 1089 2420 alienas
1108 2370 1194 2447 opes
1209 2361 1430 2448 exspectare.
1482 2345 1584 2444 Quia

194 2462 253 2538 illa
270 2467 371 2544 foeda
391 2485 507 2571 atque
525 2467 765 2545 intolerando
778 2468 867 2544 viris
887 2467 1124 2558 videbantur,
1143 2466 1224 2543 haec
1241 2469 1347 2570 sequi
1365 2465 1585 2545 decrevistis

195 2587 227 2661 si
244 2587 321 2666 haec
342 2593 559 2696 relinquere
579 2595 710 2684 voltis,
735 2595 895 2670 audacia
915 2621 1010 2700 opus
1023 2610 1096 2686 est3
1120 2617 1251 2681 nemo,
1274 2593 1346 2667 nisi
1367 2593 1504 2686 victor,
1518 2621 1586 2698 pa-

194 2808 248 2870 Bas.
257 2834 283 2880 2.
294 2816 389 2876 Strui.
403 2813 569 2878 Nuncocro
584 2818 646 2877 sn.
662 2839 686 2882 1.
702 2838 729 2877 2.
741 2817 846 2878 3.‘lur.
860 2837 885 2874 1.
898 2835 924 2878 2.
938 2814 1023 2874 Bern.
1036 2835 1062 2874 2.
1075 2815 1104 2880 3.
1115 2813 1144 2885 l.
1156 2833 1259 2874 omnes
1273 2805 1586 2876 LcidssvcroomAEort.

194 2918 313 2990 owloco
324 2921 391 2982 Boc.
405 2921 474 2982 vin.
486 2943 513 2982 2.
530 2924 596 2981 Sen.
610 2945 637 2982 1.
657 2921 708 2983 dc.
722 2922 813 2981 an.
834 2943 876 2978 nr.
885 2940 931 3000 pr.
942 2919 1026 2978 Rem.
1036 2929 1129 2998 uterq.
1140 2917 1211 2998 lieg.
1225 2916 1322 2978 Pemb.
1336 2917 1369 2978 B.
1377 2915 1547 2985 Pub.'Merl.
1555 2933 1584 2986 r.
1618 2931 1623 2942 '

194 3020 277 3084 Stmv.
297 3025 392 3086 Guell.
404 3029 434 3097 4.
447 3049 475 3107 7.
490 3049 535 3086 ιο.
552 3049 598 3086 22.
618 3027 698 3088 leid.
710 3049 751 3086 m.
765 3047 797 3089 n.
817 3023 902 3084 Rern.
921 3043 946 3082 ι.
959 3024 988 3094 d.
1009 3007 1102 3083 obslat
1122 3021 1189 3085 Boc.
1209 3020 1289 3081 Leid.
1304 3043 1335 3088 n.
1356 3023 1427 3084 locis
1441 3043 1506 3090 csse.
1528 3045 1587 3086 esse

195 3143 247 3184 orn.
258 3127 340 3189 Febr.
360 3131 459 3192 Guell.
472 3153 503 3213 9.
522 3153 579 3192 esse
593 3132 664 3193 locis
682 3133 751 3196 vin.
767 3151 794 3190 2.
814 3129 883 3212 Teg.
904 3127 930 3188 si
947 3127 1065 3188 animus
1087 3125 1216 3186 marimo
1224 3129 1311 3203 serat
1331 3127 1407 3190 Rivii
1427 3129 1505 3194 libri.
1534 3140 1586 3190 21-

195 3249 242 3305 qm
252 3235 386 3302 alierum.
406 3245 495 3314 atquc
507 3241 632 3319 neglexit
644 3240 744 3297 incest.
756 3257 784 3296 2.
804 3245 832 3296 et
842 3253 919 3294 cum.
939 3242 967 3292 21
981 3253 1043 3292 oni.
1064 3232 1166 3292 incest
1179 3251 1206 3290 2.
1227 3231 1347 3290 rrrcmr'n.
1357 3253 1415 3292 vos.
1436 3252 1488 3294 vos
1506 3231 1583 3294 delet
1621 3220 1628 3234 ¹

196 3331 302 3403 tiaris.
321 3339 444 3402 Beros.
461 3350 524 3399 tuto
535 3350 620 3400 nunt
630 3340 711 3400 nobis
723 3339 822 3400 Guoll.
836 3359 881 3403 22.
893 3337 1122 3418 trobircxpungit
1131 3339 1198 3395 Seu.
1212 3356 1237 3395 ι.
1259 3335 1372 3396 electris
1384 3337 1486 3398 veslris
1493 3357 1580 3417 pron.

196 3437 299 3504 Cortins
321 3447 414 3506 eiecit.
439 3444 467 3508 si
478 3456 557 3505 metu
577 3467 680 3507 ornnes
692 3443 785 3505 coriti
802 3443 884 3514 libri,
902 3463 1004 3502 omncs
1017 3441 1098 3501 Leid.
1108 3452 1211 3522 practer
1225 3439 1262 3512 b,
1281 3461 1328 3500 sex
1346 3443 1459 3502 Wossii.
1478 3463 1581 3504 omnes

196 3541 250 3612 llas.
266 3549 332 3609 Tur.
353 3551 438 3611 Bern.
459 3550 570 3611 mum'c.
601 3561 688 3630 atquc
700 3551 758 3615 col.
776 3548 846 3631 l'eg.
866 3547 935 3605 Tur.
953 3568 979 3605 ι.
997 3566 1025 3605 2.
1046 3545 1107 3604 Bm.
1124 3565 1152 3606 2.
1165 3545 1194 3604 3.
1214 3545 1243 3616 Δ.
1269 3548 1312 3606 sic
1323 3545 1416 3606 edidit
1433 3547 1507 3610 lior.
1525 3547 1582 3607 od-

195 3652 368 3714 scnticntibus
377 3655 536 3718 utsidetur
551 3655 689 3716 omnibus
700 3653 781 3714 Leid.
802 3652 876 3712 Bern
895 3673 921 3716 2.
931 3652 960 3722 A.
971 3654 1054 3726 finnt
1073 3648 1144 3709 Feb.
1160 3671 1186 3709 ι.
1205 3649 1274 3732 Tcg.
1285 3655 1363 3727 fient
1378 3654 1474 3717 ceteri.
1495 3665 1583 3714 enuit

197 3750 304 3824 leidis.
321 3781 377 3841 pro
385 3758 489 3841 patrio
504 3759 635 3819 roenna
653 3758 724 3818 rab.
737 3779 764 3817 r.
785 3755 924 3824 022114.
943 3754 1013 3836 Teg.
1032 3774 1177 3835 superruo.
1192 3764 1243 3815 est.
1263 3765 1304 3814 est
1320 3777 1380 3820 om.
1396 3757 1475 3822 Leid.
1487 3759 1511 3817 l.
1525 3781 1582 3840 pro

195 3869 247 3934 9⁰1·
259 3883 341 3942 pauc.
352 3885 423 3947 ρης.
443 3863 561 3926 Iside.
577 3866 598 3923 l.
612 3887 641 3945 g.
655 3864 684 3930 k.
697 3867 717 3928 l.
738 3867 836 3944 plures
854 3859 970 3920 Gruter.
990 3859 1075 3919 Bern.
1096 3881 1121 3918 ι.
1141 3879 1169 3918 2.
1188 3863 1218 3921 3.
1238 3857 1300 3918 Bas.
1320 3860 1398 3950 ²23·
1413 3862 1442 3931 d.
1463 3860 1533 3922 Tur.
1553 3881 1584 3929 2,

197 3965 404 4043 Mgredrmm'nt
417 3968 511 4029 Cottii
530 3969 651 4050 plurimi
669 3967 746 4028 libri.
761 3987 796 4026 ex
821 3965 903 4025 Leid.
931 3987 959 4048 g.
976 3985 1019 4022 m.
1040 3963 1172 4023 meliores
1191 3961 1317 4023 Grutcri.
1338 3984 1443 4026 novem
1467 3965 1585 4028 Wossii.

198 4064 250 4128 Bos.
264 4093 287 4129 1.
304 4094 331 4133 2.
347 4074 377 4134 5.
390 4074 420 4146 Δ.
439 4073 510 4139 Tur.
526 4095 552 4132 r.
572 4072 657 4132 Bern.
673 4094 699 4131 ι.
712 4091 740 4132 2.
760 4069 843 4130 licuit
855 4069 933 4129 vobis
951 4067 1069 4128 leidb.
1080 4089 1105 4128 c.
1115 4067 1145 4127 d.
1156 4089 1182 4128 2.
1191 4089 1219 4150 g.
1228 4067 1255 4126 k.
1270 4070 1368 4148 plures
1381 4067 1508 4131 Gmtsri.
1517 4069 1580 4131 Bas.

201 4174 258 4234 ss.
275 4175 357 4240 Item.
369 4180 435 4251 Μ.
456 4177 546 4240 vitam
561 4196 648 4256 cgere
666 4175 829 4240 leid.l.m.
849 4172 919 4233 Tur.
932 4195 957 4232 1.
980 4169 1051 4230 Fab.
1065 4193 1090 4232 1.
1111 4172 1177 4237 Ecc.
1191 4173 1242 4232 Ac.
1262 4173 1322 4232 inc.
1335 4193 1360 4238 ι.
1381 4173 1520 4236 622115.
1533 4197 1579 4238 ιο.

200 4273 289 4344 Fraus.
316 4304 381 4364 opes
396 4292 524 4364 spectare
554 4292 609 4341 tres
623 4280 735 4342 ll'ossii.
775 4298 862 4340 ormo
884 4277 947 4358 quis
976 4276 1099 4340 Mmeb.
1126 4277 1213 4344 liirii.
1243 4277 1280 4338 ob
1297 4277 1377 4342 ltouc
1397 4279 1486 4340 idem.
1523 4290 1582 4342 tres
