4050 5009
990 692 1092 765 Lau
1130 688 1200 767 1v.

471 821 562 935 Bene
573 869 618 933 de
632 867 699 931 hoc
721 865 815 931 libro
831 864 960 931 Auson.
972 867 1118 951 Popma:
1140 822 1324 942 ,Continet
1345 865 1533 933 historiam
1549 887 1666 936 remm
1687 878 1795 961 gesta-

388 994 468 1040 rum
489 972 624 1040 Metelli
644 980 679 1039 et
699 970 857 1061 Pompeji
877 977 997 1035 contra
1022 970 1191 1054 reliquias
1211 970 1375 1057 Sertorii,
1389 974 1534 1039 'Luculli
1552 984 1671 1042 contra
1688 978 1796 1043 Mith-

386 1080 535 1146 ridatem
551 1085 585 1144 et
601 1077 806 1165 Tigranem,
824 1081 872 1144 M.
889 1078 1001 1143 Crassi
1020 1077 1226 1144 debellantis
1236 1078 1438 1163 Spartacum
1454 1082 1492 1144 1.
1511 1083 1600 1147 Cell.
1615 1082 1796 1149 Publicola

388 1186 452 1251 Cu
471 1185 572 1247 Corn.
593 1184 741 1257 Lentulo
767 1186 858 1248 Coss.
880 1184 922 1245 U.
945 1184 981 1245 C.
1009 1185 1067 1247 ὅθι
1095 1190 1131 1249 et
1153 1184 1189 1246 C.
1206 1182 1356 1249 Lcnmlo
1374 1192 1410 1251 et
1430 1186 1491 1253 Cn.
1505 1188 1653 1254 ¹Aufidio
1674 1191 1795 1256 Oreste

388 1292 481 1358 Coss.
504 1290 597 1353 aaa.»
626 1311 708 1352 -1.·
727 1288 784 1356 At
812 1286 881 1354 Cn.
896 1287 1078 1353 Lentulus
1093 1294 1157 1352 etc.
1182 1287 1263 1354 vide
1284 1308 1388 1377 supra
1409 1312 1487 1379 pag.
1507 1300 1558 1376 ²7·
1593 1316 1679 1361 num
1700 1297 1795 1362 idem

386 1394 451 1483 ait,
470 1395 533 1479 qui
549 1396 649 1465 XXV.
664 1394 765 1459 annis
780 1400 862 1458 ante
878 1413 957 1458 cum
978 1396 1016 1455 Ρ.
1031 1391 1169 1456 Licinio
1190 1394 1310 1461 Crasso
1330 1398 1450 1463 consul
1471 1396 1594 1485 fuerit,
1614 1404 1710 1483 quod
1729 1404 1795 1464 Go-

297 1555 304 1563 .
384 1499 478 1567 lerus
498 1508 533 1567 ct
551 1485 702 1566 Wassius
721 1504 928 1583 statuerunt,
957 1497 1059 1562 valde
1078 1497 1213 1564 dubito.
1240 1497 1416 1581 stolidior
1437 1525 1487 1570 uu
1508 1500 1647 1573 vanior.
1669 1510 1715 1572 dc
1737 1504 1795 1572 his

385 1607 528 1671 vocibus
541 1606 622 1671 ride
646 1602 800 1671 Gellium
824 1606 874 1668 18.
888 1618 918 1679 4.
934 1609 1035 1666 acute
1055 1600 1299 1687 disputantem.
1325 1626 1407 1671 -a.-
1429 1610 1580 1697 Omnes,
1608 1607 1738 1696 quibus
1751 1646 1794 1665 -
1841 1596 1847 1608 ’

384 1720 477 1777 oetos
497 1721 564 1777 etc.
585 1732 658 1776 non
677 1711 881 1786 absurdum,
901 1710 996 1792 quod
1012 1708 1117 1786 Delon.
1134 1718 1269 1790 monet,
1287 1712 1401 1779 videri
1420 1715 1592 1782 delectum
1607 1718 1705 1784 hello
1725 1736 1794 1785 ser·

383 1816 450 1881 vili
468 1837 491 1880 a
510 1816 646 1881 Licinio
666 1819 784 1880 Crasso
801 1813 961 1879 habitum
979 1814 1035 1877 his
1054 1815 1170 1881 verbis
1183 1816 1363 1885 illustrari.
1384 1826 1464 1886 -3.-
1481 1818 1680 1909 Implicitae
1692 1830 1795 1888 rates

385 1928 449 1985 etc.
470 1922 538 1985 hoc
565 1920 797 2009 fragmentum
816 1938 839 1983 a
864 1919 1051 1985 Debrossio
1081 1920 1247 1987 omissum
1279 1932 1339 1994 est.
1374 1942 1454 2003 -4.-
1470 1924 1599 2015 Igitur
1620 1924 1793 2017 legiones.

381 2046 536 2113 pugnam
559 2030 604 2092 cd
624 2026 868 2115 Tigranocerta
886 2025 1097 2091 commissam
1122 2025 1179 2091 his
1198 2026 1367 2095 illustrari
1391 2031 1593 2115 putaverim.
1614 2030 1675 2096 cfr.
1700 2033 1794 2098 Plut.

382 2132 518 2197 Lucull.
543 2155 572 2198 c.
607 2155 656 2216 27·
692 2133 838 2219 Appian.
863 2136 907 2205 de
939 2134 973 2202 b·
1004 2130 1163 2205 Mithl'id·
1201 2154 1230 2211 c.
1256 2135 1307 2205 8⁵.
1341 2136 1687 2205 contremuisse
1713 2156 1796 2203 cum

294 2322 298 2329 .
381 2234 505 2325 fragm.
525 2244 576 2323 37.
596 2238 754 2321 Linus
774 2240 955 2333 conjung't
971 2253 1006 2311 ct
1024 2246 1154 2333 duplex
1173 2247 1361 2315 Consulum
1377 2245 1539 2334 proelium
1555 2246 1794 2331 contraSpar·

381 2348 498 2409 heum
518 2344 576 2409 his
605 2343 721 2411 verbis
746 2347 937 2434 significari
958 2351 1102 2433 judicat.
1149 2356 1230 2415 -8.-
1254 2350 1493 2436 Amisumque
1519 2361 1581 2417 etc.
1615 2350 1676 2417 cfr.
1700 2350 1794 2416 Plut.

381 2449 700 2543 anul15.initi03
730 2448 789 2523 iul
826 2440 970 2529 sosimus
1010 2454 1186 2556 λογιςμᾶῖνι
1216 2440 1382 2556 γενᾶμενος
1410 2454 1427 2529 i
1455 2441 1679 2539 Λοῦιωυλλος,
1720 2454 1798 2555 περί

380 2594 416 2641 rs
451 2556 505 2653 sis
541 2559 677 2668 Ἀμισδν
724 2556 867 2680 διέτριψε
907 2578 1083 2680 pausos.
1118 2576 1157 2672 τῇ
1195 2578 1369 2679 πολιορκᾷ
1405 2563 1570 2677 melpum
1609 2604 1641 2649 u.
1681 2604 1711 2649 τ.
1754 2589 1792 2652 λ.

380 2688 527 2775 Appiam
542 2693 587 2756 de
604 2693 640 2756 h.
662 2692 820 2763 Mithrid.
838 2721 868 2763 c.
894 2703 945 2783 78.
970 2704 1050 2766 cum
1070 2698 1310 2767 Mithridatem
1332 2698 1504 2764 Amiscnis
1527 2694 1673 2788 olssessis
1691 2698 1796 2763 auxi·

380 2794 431 2859 lia
456 2793 588 2863 misisse
611 2800 787 2889 Appianus
814 2815 933 2873 auctor
962 2806 1030 2882 sit,
1058 2808 1132 2875 haec
1153 2808 1199 2871 ad
1227 2826 1308 2872 eum
1335 2804 1458 2873 referri
1489 2822 1589 2892 posse
1614 2801 1793 2871 videntur.

379 2919 484 2965 -so.·
503 2902 683 2992 Costella,
710 2909 899 2980 custodias
929 2913 1198 2982 thesaurorum.
1229 2916 1324 2991 ,haec
1347 2912 1589 3000 jungendam
1613 2912 1792 2977 Graecums

378 2982 566 3095 φυλάκων,
584 2994 914 3107 &supposuisse
934 3021 1125 3090 custodias
1142 3022 1237 3090 enirn
1257 3021 1395 3105 antiqui
1415 3014 1630 3109 grammatici
1644 3035 1711 3101 pro
1731 3034 1794 3103 ge·

378 3118 492 3183 nitivo
513 3122 722 3216 habuerunt,
747 3130 787 3193 in
804 3132 932 3215 quibus
952 3129 1028 3213 ipse
1050 3134 1175 3212 Asper,
1196 3126 1338 3191 Salustii
1354 3128 1524 3205 interpres
1546 3129 1580 3185 et
1596 3121 1795 3207 Charisius,

254 3226 259 3233 ’
379 3225 537 3313 quipda.
546 3230 596 3297 83.
605 3232 654 3299 ita
667 3237 784 3301 dehac
794 3232 1039 3298 terminatione
1051 3220 1798 3307 praecipit:paterfamiliasetmateriamilias

377 3331 514 3417 antiqui
534 3340 643 3425 magis
659 3342 886 3417 usurparunt;
907 3336 1092 3412 propterea
1110 3330 1207 3410 quod
1224 3324 1441 3391 nominativo
1462 3324 1632 3412 singulari
1648 3326 1794 3395 literam

380 3438 605 3524 adjiciebant,
625 3447 664 3502 ut
686 3438 838 3500 facerent
856 3431 1068 3519 genitivum,
1089 3431 1167 3497 lroec
1186 3426 1353 3519 familia,
1375 3428 1485 3525 hujus
1497 3427 1687 3521 familias,
1699 3434 1792 3502 -tloec

377 3542 504 3637 Moja,
522 3540 633 3636 hujus
650 3536 797 3631 Majas;
828 3556 934 3622 quam
951 3534 1220 3604 declinationem
1241 3547 1275 3604 et
1291 3536 1459 3603 Salustius
1479 3538 1518 3602 in
1536 3538 1637 3604 tertio
1650 3548 1790 3608 secutus

377 3658 445 3714 est:
475 3648 640 3716 castella
663 3640 851 3710 custodias
877 3644 1090 3709 thesaurum
1119 3638 1158 3707 in
1181 3639 1398 3708 deditionem
1418 3640 1692 3728 acciperentur,
1723 3650 1789 3713 sed

374 3753 586 3819 emendatius
603 3750 782 3833 custodie,
802 3748 964 3825 familiae,
983 3747 1084 3827 Majae
1102 3747 1250 3812 diciturt
1261 3748 1391 3813 Carrio.
1407 3768 1521 3831 neque
1539 3750 1787 3817 abhorrethaec

375 3858 488 3921 forma
502 3852 546 3914 ab
562 3853 993 3942 antiquaorthographia,
1013 3854 1161 3919 maxime
1181 3876 1259 3918 cum
1276 3854 1375 3920 Livio
1394 3856 1482 3920 And.
1493 3855 1610 3921 Navio
1624 3844 1658 3921 et
1670 3855 1785 3921 Ennio

376 3962 503 4029 usitata
527 3956 641 4021 fucrit.
668 3960 774 4027 Prisc.
801 3965 873 4047 697.
898 3969 934 4027 et
959 3959 1034 4033 cfr„
1050 3960 1240 4028 Schneider
1261 3963 1304 4025 de
1325 3962 1458 4025 Formis
1485 3964 1523 4023 L.
1551 3962 1590 4025 L.
1615 3962 1642 4027 Ι.
1667 3985 1702 4046 p.
1732 3978 1783 4022 21.

376 4068 461 4148 etsi,
481 4065 549 4129 hoc
575 4050 767 4152 fragmento
788 4089 867 4133 cum
898 4068 1007 4131 altero
1036 4064 1127 4131 inira
1151 4083 1202 4143 41.
1225 4075 1441 4153 comparato:
1462 4060 1582 4129 tenuit
1603 4067 1785 4132 Lucullus

374 4168 773 4243 thesauros'custodios
792 4170 915 4263 regios
933 4169 1005 4247 iere
1026 4169 1152 4239 ineam
1171 4171 1319 4239 inclines
1338 4170 1563 4257 sententiam,
1583 4180 1622 4235 ut
1639 4166 1782 4254 accipe·

281 4280 284 4284 ’
371 4287 459 4347 rent
468 4302 534 4373 pro
547 4274 803 4369 acciperentur
817 4281 1070 4351 emendandum
1079 4278 1272 4366 putaveris,
1285 4279 1338 4346 ibi
1349 4279 1443 4349 euim
1458 4286 1575 4365 aperte
1594 4269 1782 4342 custodias
