4050 5009
1599 398 1648 489 95

234 576 421 653 relicuum}
440 580 698 663 Adjectivornm
708 581 869 645 neutrum
879 558 1017 664 plurile
1029 573 1475 665 prosubstantiropositum
1486 548 1651 668 aequasse

234 690 405 780 genitiv03
422 708 499 772 quae
510 686 653 771 quidem
662 686 848 751 verborum
854 692 1024 751 sn'uctura
1033 685 1126 770 apud
1137 684 1293 749 Tacitum
1302 692 1353 753 cst
1364 681 1649 779 frequentissima,

232 799 326 883 apud
349 794 537 860 Salustium
558 793 680 859 rarior.
706 790 767 857 cfr.
789 790 1174 857 Ruddimm.1nstitutt.
1193 792 1308 859 Gram.
1323 795 1367 857 11.
1382 818 1418 880 p.
1437 796 1487 859 65.
1508 800 1552 863 de
1570 818 1650 867 sen-

232 902 341 969 tentia
360 900 419 965 cfr.
435 898 509 963 liv.
528 915 578 976 4²·
604 900 660 963 60:
682 916 768 972 inec
786 895 986 981 preclarius
1000 897 1193 981 quidquam
1213 914 1318 979 quam
1335 918 1399 985 pro
1420 898 1591 989 dignitate
1604 926 1646 971 ac

231 1005 407 1086 maiestate
423 1025 559 1070 omnem
571 1003 749 1068 fortunam
763 1008 941 1085 expertum
956 1020 1038 1067 esse.
1051 998 1208 1086 potiora
1219 998 1402 1096 essesorti
1413 1004 1490 1073 viro
1500 1006 1648 1099 -forti

230 1132 296 1197 pro
312 1110 549 1175 additamento
560 1109 674 1173 habeo
689 1106 865 1187 cujusdam
877 1105 1092 1193 interpretis:
1112 1108 1279 1173 Salustius
1302 1109 1396 1174 euim
1414 1108 1491 1181 viro
1506 1114 1650 1200 praeciae
1767 1140 1775 1164 =

199 1222 206 1235 “
231 1238 274 1283 ea
299 1216 445 1281 notione
469 1232 601 1298 ponere
621 1221 730 1291 amat,
745 1210 827 1277 ride
841 1210 941 1274 Catil.
963 1212 1015 1277 58.
1034 1214 1112 1299 Jug.
1135 1216 1475 1301 ³1.*pprperamita
1498 1222 1651 1305 eortius,

230 1321 317 1404 quia
338 1319 458 1385 omnia
476 1318 671 1382 Salustium
689 1316 781 1381 dicta
798 1319 960 1381 adunam
976 1319 1193 1401 eandemque
1208 1340 1368 1385 normam
1382 1321 1504 1409 exigit;
1524 1329 1648 1391 eodem

226 1425 307 1505 jure
328 1425 444 1491 dicere
464 1422 584 1505 licuit,
605 1419 682 1511 ciro
698 1421 859 1487 additum
875 1442 950 1488 esse
966 1423 1027 1488 cfr.
1046 1424 1124 1511 lug.
1140 1438 1198 1501 42:
1218 1427 1300 1499 „sed
1317 1427 1413 1491 bono
1427 1426 1524 1492 vinci
1542 1430 1648 1495 satius

231 1540 314 1597 eset
343 1537 378 1595 et
398 1547 502 1614 supra
527 1529 621 1591 Orat.
640 1528 747 1593 Phil:
767 1538 802 1595 et
823 1536 947 1615 augete
968 1530 1151 1617 ingenium
1178 1528 1264 1597 νίνιέἐ
1277 1526 1452 1623 sortibus
1466 1570 1509 1586 -
1526 1554 1651 1601 omues

231 1633 304 1701 alii
326 1630 449 1702 creati
466 1654 540 1719 pro
552 1630 645 1725 jure
665 1640 782 1701 aestro
800 1653 874 1699 non
890 1636 996 1700 modo
1016 1636 1191 1723 tribunos,
1214 1640 1275 1703 aed
1298 1658 1419 1705 omnes
1434 1640 1654 1727 magistratus
1750 1700 1753 1707 .

231 1742 420 1828 intelligit,
445 1743 540 1823 quod
559 1760 601 1805 ex
624 1740 846 1822 sequentibus
864 1736 1020 1825 imperia
1041 1742 1261 1829 intelligitur.
1288 1740 1489 1830 meliusque
1515 1744 1653 1811 habeut

121 1856 131 1870 ‘
231 1847 395 1913 mercede
405 1848 614 1930 delinquere
621 1868 729 1929 quam
732 1841 858 1937 gratis
865 1854 965 1911 recte
959 1843 1105 1937 facere.
1118 1846 1179 1913 cfr.
1196 1851 1400 1935 supraOrct.
1412 1850 1565 1937 Philipp.
1577 1850 1649 1918 ini·

230 1951 282 2017 tic
291 1976 362 2037 per
372 1948 536 2019 militare
547 1972 679 2018 nomen
688 1961 780 2019 recte
797 1952 934 2017 Cortius
951 1974 1035 2038 ,per
1048 1974 1177 2020 nomen
1185 1954 1361 2034 militie,l
1381 1956 1405 2019 i.
1423 1976 1453 2021 e.
1466 1958 1562 2040 quod
1575 1954 1652 2019 bel-

229 2058 308 2122 lum
324 2060 394 2125 sibi
415 2066 535 2122 contra
558 2061 674 2123 hostes
691 2058 894 2143 reipublice
909 2062 1103 2145 gerendum
1126 2078 1198 2125 ease
1218 2058 1349 2125 dicunt.
1370 2058 1459 2125 falso
1482 2059 1650 2125 Wassius:

232 2161 319 2241 quia
331 2162 495 2222 dicuntur
507 2158 756 2239 imperatores.
776 2160 839 2221 cir.
852 2164 929 2241 lug.
947 2179 999 2235 4¹·
1027 2180 1150 2225 arcem
1165 2160 1300 2224 liabent
1320 2182 1366 2225 ecc
1382 2158 1512 2243 spoliis
1526 2160 1653 2225 vestris
1716 2169 1719 2184 ¹

233 2286 277 2331 ex
296 2263 357 2348 iis,
374 2282 451 2346 quae
468 2261 568 2326 vobis
580 2258 750 2344 eripiant,
769 2258 839 2323 sibi
863 2259 1007 2341 prescia
1025 2266 1196 2339 quaerunt.
1217 2254 1371 2341 expoliis
1388 2259 1513 2325 vestris
1526 2263 1602 2328 Vat.
1620 2284 1647 2325 ι.

232 2371 294 2438 cfr.
314 2388 419 2455 supra
434 2369 530 2431 Orat.
546 2364 673 2449 Lepidi
687 2384 735 2428 ue
747 2359 870 2448 spolia
887 2369 1005 2427 vestra
1018 2382 1131 2446 penes
1143 2360 1247 2427 illum
1266 2356 1353 2427 siut.
1374 2364 1461 2433 Arse
1479 2374 1519 2431 ut
1539 2367 1655 2433 muni-

231 2482 389 2541 mentum
408 2481 442 2538 et
458 2470 668 2559 praesidium.
676 2468 863 2553 sepissime
883 2484 924 2533 ea
942 2465 1124 2547 dicuntur,
1145 2486 1222 2549 qua
1242 2472 1460 2537 securitatem
1482 2480 1654 2557 praestant.

232 2603 276 2647 er
292 2580 487 2646 innumeris
503 2577 592 2643 locis
613 2596 724 2641 unum
746 2572 903 2639 laudasse
928 2567 1084 2638 sufficiet.
1116 2571 1185 2637 Cic.
1206 2571 1324 2639 Dicin.
1361 2573 1401 2637 in
1434 2578 1547 2643 cecil.
1564 2600 1592 2642 c.
1617 2582 1653 2649 5:
1736 2596 1741 2609 ⁸

231 2689 291 2753 lex
311 2690 579 2774 repetundarum
597 2704 658 2748 arx
675 2682 860 2749 sociorum.
887 2700 971 2745 cum
1001 2674 1151 2745 interim
1180 2661 1242 2744 cfr.
1263 2681 1341 2767 lug.
1361 2699 1415 2746 m:
1448 2680 1652 2752 multitudo
1707 2706 1712 2716 ·

234 2790 391 2880 siugulis
404 2781 866 2855 labendum-multitudo
880 2785 966 2867 quia
984 2784 1119 2849 dixerat
1125 2806 1353 2868 paucorum
1374 2808 1439 2851 cos
1454 2790 1560 2855 semel
1576 2796 1654 2853 tan·

234 2906 311 2959 tum
323 2897 457 2979 posuit,
477 2914 556 2957 cum
573 2911 692 2957 sensus
708 2892 764 2954 his
779 2890 948 2969 requirat;
968 2892 1030 2951 aed
1042 2888 1231 2958 sicsolent,
1252 2888 1334 2949 vide
1351 2887 1450 2949 Catil.
1466 2893 1516 2951 52.
1534 2912 1570 2952 n.
1581 2898 1653 2955 αδ.»

238 2998 332 3060 cort.
354 2996 416 3057 cfr.
438 2996 589 3055 Gronov.
614 2987 659 3052 ad
681 2991 751 3050 Liv.
778 2995 828 3048 δα.
847 3004 903 3085 ἀι.
928 2991 990 3049 sed
1015 3005 1135 3051 omnes
1161 2986 1251 3071 fere,
1273 2988 1335 3071 qui
1355 2988 1557 3070 laudantur,
1582 2996 1655 3060 loci

237 3100 349 3165 alieni
365 3107 446 3165 sunt
451 3123 463 3174 3
491 3102 612 3161 nostro
633 3092 733 3159 euim
745 3109 939 3176 pronomen
963 3109 1023 3155 vos
1044 3090 1099 3157 bis
1116 3112 1245 3178 ponere
1264 3104 1555 3179 supervacaneum
1573 3100 1652 3165 fuit.

235 3201 327 3276 Nisi
333 3205 422 3288 quia
438 3197 662 3283 nosmetipsi
671 3218 743 3284 per
753 3190 938 3284 suffragia
953 3194 1003 3258 ite
1017 3195 1251 3279 antiquissimi
1262 3200 1435 3282 Editores3
1447 3202 1656 3291 vosmetipsi
1759 3259 1764 3271 .

238 3314 344 3377 habet
361 3308 500 3387 Rivius3
520 3327 561 3372 ex
574 3304 676 3370 libris
693 3297 864 3370 vobismet
874 3296 962 3384 ipsis
976 3302 1174 3368 emendavit
1194 3302 1408 3391 ciacconius,
1430 3307 1538 3389 idque
1551 3319 1601 3375 est
1614 3310 1654 3373 in

239 3404 376 3483 duobus
403 3413 575 3481 Vaticanis
594 3410 738 3491 nostris,
763 3409 823 3473 sed
849 3405 1020 3472 volume!
1038 3404 1110 3495 ipsi
1129 3428 1235 3493 quam
1251 3412 1439 3478 lectionem
1452 3412 1542 3477 Edit.
1555 3415 1655 3501 prin.

241 3544 320 3611 ceps
338 3520 488 3604 exhibet,
501 3520 602 3585 unice
622 3536 743 3585 verum
762 3514 822 3579 cfr.
840 3502 885 3578 ad
894 3514 993 3579 Catil.
1013 3532 1064 3578 ao.
1086 3528 1296 3583 concessere
1311 3516 1402 3583 illuc
1420 3518 1470 3585 ita
1489 3521 1558 3584 duo
1574 3522 1650 3589 Vat.

212 3634 318 3724 ,ἰώ
338 3648 526 3716 paucorum
550 3626 742 3712 potentium
769 3628 884 3708 partes
907 3628 1099 3704 sequuntur
1123 3631 1162 3685 ut
1189 3642 1307 3706 supra:
1336 3644 1544 3691 concessere
1563 3622 1650 3716 jam

240 3741 281 3820 ip
298 3753 507 3822 paucorum
533 3726 829 3796 dominationem.
854 3728 928 3793 liv.
956 3748 1004 3807 29.
1026 3730 1082 3801 313
1104 3725 1143 3789 in
1163 3724 1333 3791 ditionem
1351 3728 1513 3804 alterius,
1533 3730 1581 3793 id.
1600 3736 1652 3811 ³9·

240 3866 278 3924 23
298 3843 338 3906 in
355 3836 581 3905 deditionem.
605 3838 698 3900 unde
717 3842 811 3921 patet
832 3832 1030 3914 concedere
1047 3830 1100 3894 ad
1114 3827 1273 3914 aliquem
1290 3852 1362 3898 non
1382 3838 1487 3900 modo
1504 3856 1592 3903 esse:
1613 3858 1651 3899 se

243 3946 385 4015 socium
397 3938 516 4012 alicui
530 3940 677 4026 addere,
696 3939 875 4005 sedetiam
892 3959 932 4002 se
947 3942 1068 4001 tolum
1088 3928 1208 4002 alicui
1215 3936 1441 4022 permittere.
1451 3979 1494 3996 -
1513 3941 1580 4008 Ad
1591 3958 1651 4005 eos

244 4048 415 4118 redibunt
427 4044 595 4134 plerique
609 4078 652 4099 -··
664 4040 834 4111 redibunt
845 4063 920 4107 non
939 4050 989 4108 est
1009 4042 1048 4107 in
1067 4044 1309 4126 codd.'neque
1331 4045 1382 4109 'in
1402 4046 1491 4111 Edit.
1509 4047 1649 4111 Veneta.

246 4160 364 4241 itaque
377 4156 572 4221 delendum·
593 4150 694 4217 raris
716 4153 765 4217 ita
783 4149 1047 4235 duo-vaticani,
1067 4148 1173 4233 idque
1190 4152 1418 4218 necessarium
1435 4154 1577 4235 propter
1597 4162 1651 4211 se-

247 4263 390 4350 quentia
408 4254 530 4330 ceteri.
546 4296 588 4315 -
610 4253 711 4324 raris
725 4294 767 4315 -
796 4252 1019 4353 defendenda
1046 4256 1120 4327 haec
1138 4256 1284 4343 ,cortine
1306 4255 1382 4329 sine
1398 4270 1499 4322 causa
1515 4248 1652 4317 uncinis
