4050 5009
357 361 431 436 336

360 556 412 619 scd
431 559 454 618 b
472 568 500 618 ct
519 577 541 616 u
560 560 678 638 punctis
698 564 808 617 notata
836 555 981 618 Manilius
1002 558 1016 617 i
1036 531 1149 640 puncto
1168 565 1234 618 not.
1254 576 1277 618 z.
1298 555 1422 620 annania
1444 544 1573 625 colonis.
1594 565 1607 624 i
1626 583 1691 646 sup.
1712 555 1772 628 lin.¹

279 666 286 678 '
360 685 387 724 r.
406 665 531 724 coloniis
540 668 599 724 bx.
619 683 708 744 ·²9··
726 661 881 724 cohercere
898 685 924 725 z.
944 665 1058 726 nullius
1078 665 1129 725 sed
1150 683 1183 726 us
1203 675 1309 746 punct.
1331 677 1397 736 not.
1418 687 1443 728 a.
1465 679 1533 750 post
1552 667 1717 732 habere-
1736 675 1770 732 in

362 792 390 831 c.
410 769 474 830 hnc
493 773 608 852 glossa:
629 769 681 848 qui
694 787 763 848 pop.
785 767 972 829 haecomnia
992 768 1063 851 imp.
1081 779 1217 851 poteret,
1238 770 1265 832 si
1284 791 1395 833 necesse
1415 783 1495 850 essct,
1514 785 1622 856 preter·
1639 795 1775 858 precep-

362 886 428 937 tum
446 875 638 954 senatorum.)
657 873 757 935 -3o.-
768 873 931 937 Seniusbc.
952 893 1039 936 senus
1052 895 1080 936 x.
1102 875 1141 941 G.
1158 877 1328 938 manilium.
1344 878 1364 937 ἰ.
1386 899 1454 940 cum
1476 893 1591 962 puncto
1604 903 1628 945 r.
1648 881 1774 943 malrum

363 980 396 1042 b.
422 980 629 1045 novembrium
650 1003 694 1043 ox.
716 993 833 1044 senatus
852 982 971 1042 decreto
992 981 1042 1042 bx.
1064 983 1146 1044 missi
1167 1004 1190 1048 s.
1211 980 1242 1044 b.
1263 987 1344 1046 missi
1355 1009 1364 1043 c
1384 985 1510 1068 Utrique
1530 1011 1573 1054 cr.
1592 991 1773 1071 permissum

364 1099 409 1149 est
426 1088 457 1148 b.
484 1090 658 1170 calumpnia
677 1109 719 1150 cx.
748 1091 911 1172 proeminm
932 1107 973 1149 cr.
1004 1087 1059 1148 lib.
1081 1099 1111 1150 et
1129 1089 1159 1149 S.
1181 1111 1209 1156 c.
1230 1090 1292 1152 bar.
1324 1104 1353 1152 et
1373 1093 1439 1153 Ster
1470 1092 1597 1155 ducenta
1626 1098 1712 1156 milia
1732 1115 1774 1160 xz.

365 1203 395 1254 et
413 1194 456 1255 St.
476 1195 604 1256 ducenta
624 1197 711 1256 milia
730 1216 758 1258 c.
786 1207 817 1258 et
836 1198 941 1259 sestiie
959 1192 978 1261 't
997 1195 1127 1256 ducenta
1148 1197 1230 1256 milia
1250 1201 1282 1256 h.
1303 1197 1403 1278 itaque
1430 1198 1495 1263 dec.
1518 1200 1637 1282 gladiat
1656 1211 1690 1261 ut
1710 1221 1776 1282 sup.

366 1303 423 1366 lin.
443 1322 471 1361 x.
490 1298 583 1382 (inb.
603 1303 637 1361 in
660 1305 794 1385 margine
813 1301 876 1364 haec
896 1306 1007 1386 glossa:
1029 1303 1212 1362 Sextciorum
1234 1323 1377 1366 numerus
1397 1315 1440 1366 est
1460 1303 1573 1365 habens
1593 1307 1655 1367 deo
1676 1317 1705 1366 et
1725 1305 1777 1367 di-

368 1406 497 1467 midium
518 1418 549 1468 et
575 1410 770 1490 componitur
791 1429 826 1469 ex
851 1409 994 1491 corrupto
1016 1419 1046 1469 et
1066 1410 1183 1492 integro
1203 1429 1238 1469 er
1258 1429 1356 1469 acesco
1378 1419 1442 1482 tco3
1463 1410 1593 1471 Romani
1614 1413 1695 1472 enirn
1716 1433 1777 1472 ses-

369 1531 430 1586 cus,
451 1532 538 1594 reeca,
556 1516 670 1574 sacam
692 1512 844 1590 dicebant,
864 1516 1005 1576 sextcium
1028 1519 1111 1597 quasi
1131 1516 1368 1593 semistertinm).
1389 1515 1489 1576 -31.-
1509 1516 1691 1577 ommissiau.
1713 1521 1777 1600 lege
1898 1525 1906 1542 '

369 1621 507 1697 plautitia
527 1640 555 1680 c.
580 1619 724 1700 plauticia
744 1617 791 1683 bx.
813 1620 847 1684 L.
868 1620 959 1680 Panlo
979 1620 1043 1681 bez.
1070 1619 1270 1680 dissimilandi
1291 1641 1377 1682 causa
1397 1625 1428 1682 b.
1455 1623 1533 1680 sicut
1554 1624 1651 1704 jurgio
1670 1643 1698 1681 x.
1726 1643 1778 1684 re-

371 1725 417 1782 nit
438 1726 471 1784 in
490 1729 592 1785 senb.
612 1722 747 1784 tuliusb.
768 1724 890 1786 dimisso
909 1726 978 1788 nb.
998 1729 1148 1808 postulare
1168 1729 1278 1806 patrib.
1291 1745 1318 1785 ο.
1345 1725 1430 1806 erepit
1447 1745 1515 1806 sup.
1526 1727 1580 1786 lin.
1591 1747 1615 1788 z.
1636 1750 1666 1808 p
1689 1729 1780 1808 patri·

372 1827 430 1888 bus
448 1832 540 1910 coepit
559 1851 602 1891 cx.
629 1852 662 1910 p.
683 1852 710 1889 a.
731 1831 840 1911 patrib.
861 1835 953 1914 coepit
972 1839 1004 1893 b.
1031 1835 1213 1893 luculentam
1234 1853 1261 1892 x.
1290 1833 1333 1890 ita
1353 1849 1382 1889 se
1402 1827 1441 1893 ab
1461 1851 1502 1890 xa.
1532 1851 1629 1912 neque
1660 1820 1781 1892 estimass

372 1946 439 1996 rent
459 1935 491 2002 b.
522 1937 555 1994 in
575 1934 657 2016 pleb.
677 1955 754 1996 rom.
775 1948 868 1998 essent
902 1938 965 2018 (sed
991 1935 1050 1997 hoc
1070 1955 1189 1997 cresum
1213 1947 1243 1996 et
1262 1957 1329 2018 sup.
1351 1937 1406 1996 lin.
1426 1936 1524 2015 erent)
1555 1941 1587 1998 b.
1623 1937 1781 1999 maledicte

375 2061 468 2121 quum
482 2061 507 2106 z.
526 2040 591 2100 alic
608 2061 674 2122 sup.
696 2043 802 2102 lin.-
822 2061 894 2124 agor
904 2061 1031 2122 preceps
1045 2063 1073 2103 x.
1093 2045 1182 2100 ruine
1202 2061 1252 2104 vra
1267 2041 1437 2123 extinguam
1452 2063 1481 2102 r.
1501 2043 1591 2102 ruina
1605 2045 1779 2126 restringam

374 2151 439 2207 bcr.
459 2158 618 2228 optumum
640 2149 720 2208 sactu
729 2152 811 2209 bcrz.
830 2158 1056 2229 antecaperecs.
1075 2159 1228 2209 maturant
1247 2165 1274 2208 x.
1296 2146 1335 2206 nd
1357 2164 1447 2209 marc.
1467 2169 1527 2232 reg.
1550 2152 1660 2232 legatos
1682 2152 1782 2210 mittis.

375 2251 408 2313 b.
447 2252 543 2314 -33.-
560 2252 666 2334 petrice
685 2263 815 2335 expertes
832 2255 1123 2335 sumrsss‘(dicuntur
1143 2257 1228 2338 qnasi
1249 2264 1326 2315 extra
1348 2265 1482 2336 partem,
1503 2257 1556 2336 qni
1578 2265 1680 2316 carent
1700 2267 1784 2336 parte
1857 2294 1859 2296 -

377 2358 545 2436 communi)
565 2379 594 2420 x.
634 2379 740 2443 cerpus
758 2362 848 2424 abere
866 2367 900 2424 b.
928 2368 1055 2443 majores
1074 2363 1122 2422 nui
1144 2383 1187 2426 cx.
1215 2360 1264 2444 (in
1285 2375 1326 2436 a.,·
1349 2363 1400 2443 qui
1423 2359 1600 2442 crinales,
1628 2381 1693 2442 sup.
1714 2363 1783 2438 lin.)

377 2467 491 2525 miserti
513 2464 560 2525 bc.
579 2487 633 2528 are
655 2470 811 2530 communi
832 2489 860 2529 x.
882 2489 962 2531 com.
982 2489 1038 2530 ere
1059 2489 1087 2530 c.
1108 2489 1182 2550 saepe
1208 2475 1269 2548 jum
1291 2469 1354 2550 ipsa
1375 2489 1402 2534 c.
1423 2468 1502 2528 inter
1523 2470 1660 2527 mortales
1680 2470 1786 2526 omnia

378 2582 451 2631 sunt
469 2570 501 2629 b.
529 2575 649 2635 amittat
669 2575 682 2634 ἰ
699 2594 767 2655 sup.
789 2578 845 2637 lin.
867 2597 895 2636 x.
929 2595 1003 2638 nere
1024 2575 1114 2636 nobis
1133 2595 1199 2636 eam
1220 2573 1283 2636 bcr.
1323 2573 1425 2648 ·34.·
1442 2583 1575 2634 senatum
1597 2572 1708 2652 populi
1732 2591 1786 2630 ro-

379 2678 465 2735 mani
484 2696 511 2742 c.
533 2691 667 2740 senatum
688 2680 719 2740 P.
738 2681 777 2742 li.
797 2701 823 2739 r.
843 2681 974 2739 factione
994 2678 1017 2738 ἰ.
1038 2697 1103 2757 sup.
1125 2682 1179 2744 lin.
1202 2700 1227 2740 z.
1253 2681 1414 2741 Massillam
1436 2678 1498 2759 (sed
1517 2697 1613 2738 unum
1637 2679 1785 2741 lercium

373 2792 412 2841 et
431 2781 445 2840 ἰ
470 2781 666 2866 adscriptum)
686 2791 708 2848 a
728 2807 823 2870 quam
842 2804 901 2868 qne
920 2787 1036 2846 catulus
1057 2782 1123 2864 (sed
1139 2781 1181 2858 Q.
1203 2781 1269 2866 sup.
1289 2788 1345 2846 lin.
1367 2787 1457 2846 ctiam
1477 2789 1489 2844 l
1510 2803 1577 2865 sup.
1599 2785 1654 2846 lin.
1676 2781 1786 2862 adpic-

382 2884 466 2969 tum)
484 2896 657 2952 z.=catnllus
677 2913 704 2958 c.
725 2897 757 2954 in
778 2905 913 2954 senatum
935 2889 1068 2953 recitarit
1087 2910 1129 2952 aa.
1147 2892 1292 2971 scripturis
1310 2911 1337 2956 ο.
1357 2911 1381 2956 e.
1422 2889 1522 2950 -35.-
1534 2908 1598 2952 suo
1619 2886 1660 2962 Q.
1680 2887 1790 2948 Catulo

383 3015 424 3058 cz.
445 3007 527 3076 grata
549 3019 592 3058 m.
611 2999 625 3057 ι’
642 3019 708 3079 sup.
730 3002 787 3073 lin,
808 2999 857 3059 bc.
878 3000 949 3058 licet
968 3015 1070 3060 veram
1088 2995 1116 3058 b.
1137 2999 1267 3057 fructum
1287 2995 1398 3056 laboris
1416 3015 1441 3058 r.
1461 2993 1637 3079 optinebam
1658 3015 1686 3056 x.
1708 3015 1792 3074 pup-

383 3100 478 3158 licam
492 3098 521 3159 b.
540 3122 606 3163 non
626 3103 801 3186 quia-quim
818 3103 870 3164 sed
889 3101 949 3163 hoc
968 3104 1090 3183 punctis
1110 3112 1215 3169 ηοω.
1234 3105 1347 3164 solvere
1366 3123 1437 3184 pse:
1457 3123 1489 3175 ος
1509 3102 1616 3162 alienis
1629 3099 1660 3162 b.
1680 3102 1791 3162 solvere

384 3223 501 3285 possem
523 3207 600 3287 (nen
617 3230 685 3292 sup.
701 3209 770 3289 tin.)
783 3231 809 3270 a.
830 3210 882 3269 sed
901 3209 1007 3269 alienis
1028 3210 1108 3287 (cum
1126 3219 1158 3269 et
1177 3227 1243 3288 sup.
1257 3208 1368 3285 lin.)·'s.
1390 3206 1532 3290 indignos
1549 3229 1576 3269 x.
1592 3211 1711 3296 bonore
1732 3208 1793 3266 ho-

385 3321 484 3374 nestos
500 3312 532 3374 b.
558 3318 645 3396 plura
665 3314 849 3375 conscribere
870 3335 912 3376 cr.
941 3314 1004 3392 (sed
1025 3315 1057 3374 in
1077 3336 1102 3379 s.
1125 3334 1146 3374 u
1164 3334 1232 3395 sup.
1254 3314 1322 3391 lin.)
1344 3333 1428 3372 nnnc
1448 3313 1627 3373 ernestillsm
1650 3312 1792 3374 delendas

384 3439 410 3479 a.
431 3421 538 3500 (cetera
557 3441 624 3503 sup.
650 3421 708 3480 lin.
727 3453 770 3470 -
789 3419 891 3480 eedem
911 3423 945 3479 in
968 3417 999 3480 b.
1020 3421 1055 3479 in
1073 3417 1207 3503 margine
1226 3417 1384 3499 adscripta)
1405 3415 1524 3479 habeto.
1545 3437 1613 3500 sup.
1628 3421 1686 3480 lin.
1706 3427 1790 3482 aucto

386 3546 410 3588 a.
429 3527 531 3588 -36.·
549 3529 667 3589 reatino
686 3526 752 3589 ber.
772 3528 903 3588 arretino
921 3546 946 3586 a.
965 3525 1018 3586 scd
1038 3546 1075 3586 cr
1095 3535 1260 3586 correctum
1280 3536 1351 3585 ete
1369 3543 1436 3603 sup.
1444 3525 1501 3583 lin.
1515 3555 1557 3571 -
1577 3526 1739 3585 sollicitam
1760 3527 1793 3589 b.

385 3629 448 3696 hoc
467 3634 521 3695 ubi
543 3645 785 3720 compertarum
803 3656 832 3697 x.
861 3631 961 3694 hostes
978 3631 1024 3692 br.
1045 3629 1239 3692 multitudine
1261 3629 1290 3709 (i
1310 3650 1376 3712 sup.
1396 3629 1466 3706 lin.)
1492 3633 1596 3690 statuit
1616 3630 1709 3709 (diem
1724 3649 1796 3711 sup.

386 3739 454 3814 lin.)
473 3759 498 3798 a.
520 3742 806 3824 condempnatos—
819 3739 844 3798 is
862 3759 930 3819 sup.
944 3738 998 3798 lin.
1019 3757 1092 3795 ι-
1103 3735 1128 3795 is
1146 3733 1210 3796 ber.
1232 3743 1262 3793 et
1281 3738 1379 3795 cicero
1392 3731 1422 3790 b.
1444 3737 1541 3796 risum
1563 3746 1606 3797 est
1627 3734 1800 3796 miserabile

389 3841 421 3902 b.
441 3845 588 3905 obtinatis
608 3844 701 3906 snb.
720 3845 816 3904 sensti
836 3844 960 3904 decretis
970 3863 995 3902 a.
1018 3863 1071 3922 m.³
1080 3861 1126 3922 pr.
1146 3841 1274 3923 proemic
1287 3852 1327 3898 cr.
1347 3845 1436 3918 atque
1457 3841 1504 3898 uti
1523 3839 1679 3908 tabesbxz.
1700 3841 1799 3922 -37.·

391 3949 607 4028 conjurationis
627 3950 744 4010 fuerant
762 3947 825 4009 bra.
845 3947 947 4030 plebes
958 3967 1000 4012 xz.
1022 3966 1104 4008 man.
1122 3965 1168 4028 pr.
1187 3942 1302 4004 urbana
1318 3942 1403 4024 plebs
1422 3955 1634 4024 praeceps-crat
1648 3944 1729 4008 bcxz.
1751 3947 1799 4028 (ira

377 4051 422 4112 .b.
442 4074 510 4136 sup.
522 4057 579 4116 lin.
599 4057 622 4118 i.
641 4077 668 4116 e.
686 4075 786 4136 prone
805 4053 844 4114 ad
864 4053 987 4128 melum3
1007 4053 1041 4113 in
1063 4052 1165 4113 eedem
1184 4049 1279 4130 plebes
1298 4069 1340 4110 m.
1360 4047 1418 4129 pr.)
1437 4045 1475 4107 de
1495 4050 1599 4110 multis
1620 4055 1719 4116 causis
1733 4051 1799 4113 bes.

391 4158 444 4217 alii
465 4179 497 4240 p.
517 4161 549 4225 d.
569 4160 622 4240 qut
638 4181 706 4243 sup.
725 4163 782 4222 lin·
802 4179 825 4221 z.
845 4164 902 4242 qni
920 4180 952 4241 p.
974 4158 1005 4219 d.
1024 4156 1091 4219 bcx.
1110 4159 1135 4218 si
1155 4157 1278 4220 victoria
1297 4156 1330 4215 in
1350 4152 1439 4212 armis
1460 4153 1536 4214 soret
1555 4153 1588 4221 b.
1610 4153 1658 4218 bii
1679 4175 1801 4220 romam

392 4281 420 4322 c.
439 4275 474 4325 ut
493 4269 575 4349 regie
594 4289 619 4332 z.
639 4269 762 4353 privatis
781 4265 909 4349 publicis
927 4285 957 4332 ι.
975 4275 1092 4330 senatus
1112 4263 1243 4350 partium
1257 4261 1344 4329 bere.
1364 4259 1433 4322 idco
1454 4261 1568 4324 malum
1582 4281 1641 4328 cru
1662 4283 1694 4344 p.
1717 4266 1805 4326 mnt-
