<?xml version="1.0" encoding="UTF-8"?>
<!DOCTYPE html PUBLIC "-//W3C//DTD XHTML 1.0 Transitional//EN"
    "http://www.w3.org/TR/xhtml1/DTD/xhtml1-transitional.dtd">
<html xmlns="http://www.w3.org/1999/xhtml" xml:lang="en" lang="en">
 <head>
  <title>
</title>
<meta http-equiv="Content-Type" content="text/html;charset=utf-8" />
  <meta name='ocr-system' content='tesseract 3.04.00' />
  <meta name='ocr-capabilities' content='ocr_page ocr_carea ocr_par ocr_line ocrx_word'/>
</head>
<body>
  <div class='ocr_page' id='page_1' title='image "./salustiiquaeexs00sallgoog_0538.png"; bbox 0 0 4050 5009; ppageno 0'>
   <div class='ocr_carea' id='block_1_1' title="bbox 413 385 461 458">
    <p class='ocr_par' dir='ltr' id='par_1_1' title="bbox 413 385 461 458">
     <span class='ocr_line' id='line_1_1' title="bbox 413 385 461 458; baseline -0.042 0"><span class='ocrx_word' id='word_1_1' title='bbox 413 385 461 458; x_wconf 76' lang='lat'><strong>50</strong></span> 
     </span>
    </p>
   </div>
   <div class='ocr_carea' id='block_1_2' title="bbox 342 559 1814 2642">
    <p class='ocr_par' dir='ltr' id='par_1_2' title="bbox 342 559 1814 2642">
     <span class='ocr_line' id='line_1_2' title="bbox 411 559 1809 667; baseline 0.001 -31"><span class='ocrx_word' id='word_1_2' title='bbox 411 559 624 638; x_wconf 89' lang='lat' dir='ltr'><strong>amicorum</strong></span> <span class='ocrx_word' id='word_1_3' title='bbox 645 576 761 666; x_wconf 83' lang='lat' dir='ltr'><strong>atque</strong></span> <span class='ocrx_word' id='word_1_4' title='bbox 783 560 983 637; x_wconf 90' lang='lat' dir='ltr'><strong>clientium</strong></span> <span class='ocrx_word' id='word_1_5' title='bbox 1006 562 1154 638; x_wconf 80' lang='lat' dir='ltr'>occulte</span> <span class='ocrx_word' id='word_1_6' title='bbox 1168 559 1341 638; x_wconf 88' lang='lat' dir='ltr'><strong>habebat</strong></span> <span class='ocrx_word' id='word_1_7' title='bbox 1375 565 1578 667; x_wconf 82' lang='lat' dir='ltr'><strong>Postquam</strong></span> <span class='ocrx_word' id='word_1_8' title='bbox 1592 564 1670 639; x_wconf 81' lang='lat' dir='ltr'><strong>dies</strong></span> <span class='ocrx_word' id='word_1_9' title='bbox 1691 562 1809 638; x_wconf 88' lang='lat' dir='ltr'><strong>comi-</strong></span> 
     </span>
     <span class='ocr_line' id='line_1_3' title="bbox 410 685 1812 791; baseline 0.003 -33"><span class='ocrx_word' id='word_1_10' title='bbox 410 685 554 762; x_wconf 85' lang='lat' dir='ltr'><strong>tiorum</strong></span> <span class='ocrx_word' id='word_1_11' title='bbox 573 686 694 776; x_wconf 85' lang='lat' dir='ltr'><strong>venit,</strong></span> <span class='ocrx_word' id='word_1_12' title='bbox 720 703 757 761; x_wconf 90' lang='lat' dir='ltr'><strong>et</strong></span> <span class='ocrx_word' id='word_1_13' title='bbox 775 685 947 762; x_wconf 88' lang='lat' dir='ltr'><strong>Catilinae</strong></span> <span class='ocrx_word' id='word_1_14' title='bbox 972 712 1097 789; x_wconf 89' lang='lat' dir='ltr'><strong>neque</strong></span> <span class='ocrx_word' id='word_1_15' title='bbox 1114 685 1265 791; x_wconf 89' lang='lat' dir='ltr'><strong>petitio,</strong></span> <span class='ocrx_word' id='word_1_16' title='bbox 1280 713 1405 789; x_wconf 89' lang='lat' dir='ltr'><strong>neque</strong></span> <span class='ocrx_word' id='word_1_17' title='bbox 1421 688 1588 778; x_wconf 85' lang='lat' dir='ltr'><strong>insidiae,</strong></span> <span class='ocrx_word' id='word_1_18' title='bbox 1602 714 1696 791; x_wconf 83' lang='lat' dir='ltr'><strong>quas</strong></span> <span class='ocrx_word' id='word_1_19' title='bbox 1710 691 1812 763; x_wconf 84' lang='lat' dir='ltr'><strong>Con·</strong></span> 
     </span>
     <span class='ocr_line' id='line_1_4' title="bbox 409 807 1811 914; baseline 0.001 -30"><span class='ocrx_word' id='word_1_20' title='bbox 409 807 484 884; x_wconf 89' lang='lat' dir='ltr'><strong>suli</strong></span> <span class='ocrx_word' id='word_1_21' title='bbox 502 809 545 886; x_wconf 94' lang='lat' dir='ltr'><strong>in</strong></span> <span class='ocrx_word' id='word_1_22' title='bbox 564 837 699 914; x_wconf 85' lang='lat' dir='ltr'><strong>campo</strong></span> <span class='ocrx_word' id='word_1_23' title='bbox 719 811 879 900; x_wconf 78' lang='lat' dir='ltr'><strong>fecerat,</strong></span> <span class='ocrx_word' id='word_1_24' title='bbox 911 835 1089 914; x_wconf 87' lang='lat' dir='ltr'><strong>prospere</strong></span> <span class='ocrx_word' id='word_1_25' title='bbox 1114 831 1270 905; x_wconf 82' lang='lat' dir='ltr'><strong>cessere3</strong></span> <span class='ocrx_word' id='word_1_26' title='bbox 1301 811 1499 888; x_wconf 87' lang='lat' dir='ltr'><strong>constituit</strong></span> <span class='ocrx_word' id='word_1_27' title='bbox 1521 812 1668 886; x_wconf 87' lang='lat' dir='ltr'><strong>bellum</strong></span> <span class='ocrx_word' id='word_1_28' title='bbox 1687 810 1811 886; x_wconf 81' lang='lat' dir='ltr'><strong>facere</strong></span> 
     </span>
     <span class='ocr_line' id='line_1_5' title="bbox 410 931 1811 1039; baseline 0 -31"><span class='ocrx_word' id='word_1_29' title='bbox 410 948 449 1008; x_wconf 90' lang='lat' dir='ltr'><strong>et</strong></span> <span class='ocrx_word' id='word_1_30' title='bbox 465 947 631 1010; x_wconf 82' lang='lat' dir='ltr'><strong>extrema</strong></span> <span class='ocrx_word' id='word_1_31' title='bbox 650 934 779 1009; x_wconf 91' lang='lat' dir='ltr'><strong>omnia</strong></span> <span class='ocrx_word' id='word_1_32' title='bbox 800 931 979 1037; x_wconf 86' lang='lat' dir='ltr'><strong>experiri,</strong></span> <span class='ocrx_word' id='word_1_33' title='bbox 1005 933 1191 1035; x_wconf 86' lang='lat' dir='ltr'><strong>quoniam</strong></span> <span class='ocrx_word' id='word_1_34' title='bbox 1205 959 1291 1036; x_wconf 87' lang='lat' dir='ltr'><strong>quae</strong></span> <span class='ocrx_word' id='word_1_35' title='bbox 1309 933 1456 1009; x_wconf 84' lang='lat' dir='ltr'>occulte</span> <span class='ocrx_word' id='word_1_36' title='bbox 1470 949 1734 1039; x_wconf 82' lang='lat' dir='ltr'><strong>temptaverat,</strong></span> <span class='ocrx_word' id='word_1_37' title='bbox 1753 955 1811 1008; x_wconf 87' lang='lat' dir='ltr'><strong>as-</strong></span> 
     </span>
     <span class='ocr_line' id='line_1_6' title="bbox 363 1056 1806 1163; baseline -0.006 -25"><span class='ocrx_word' id='word_1_38' title='bbox 363 1077 503 1163; x_wconf 83' lang='lat' dir='ltr'><strong>²7pera</strong></span> <span class='ocrx_word' id='word_1_39' title='bbox 534 1057 713 1163; x_wconf 82' lang='lat' dir='ltr'><strong>foedaque</strong></span> <span class='ocrx_word' id='word_1_40' title='bbox 739 1071 950 1134; x_wconf 86' lang='lat' dir='ltr'><strong>evenerant</strong></span> <span class='ocrx_word' id='word_1_41' title='bbox 999 1056 1122 1162; x_wconf 82' lang='lat' dir='ltr'><strong>Igitur</strong></span> <span class='ocrx_word' id='word_1_42' title='bbox 1140 1059 1179 1132; x_wconf 79' lang='lat' dir='ltr'>C</span> <span class='ocrx_word' id='word_1_43' title='bbox 1198 1057 1390 1133; x_wconf 88' lang='lat' dir='ltr'><strong>Manlium</strong></span> <span class='ocrx_word' id='word_1_44' title='bbox 1420 1058 1581 1133; x_wconf 84' lang='lat' dir='ltr'><strong>Faesulas</strong></span> <span class='ocrx_word' id='word_1_45' title='bbox 1615 1073 1731 1161; x_wconf 87' lang='lat' dir='ltr'><strong>atque</strong></span> <span class='ocrx_word' id='word_1_46' title='bbox 1762 1056 1806 1130; x_wconf 90' lang='lat' dir='ltr'><strong>in</strong></span> 
     </span>
     <span class='ocr_line' id='line_1_7' title="bbox 410 1178 1810 1286; baseline -0.001 -30"><span class='ocrx_word' id='word_1_47' title='bbox 410 1205 496 1256; x_wconf 85' lang='lat' dir='ltr'><strong>eam</strong></span> <span class='ocrx_word' id='word_1_48' title='bbox 516 1185 664 1286; x_wconf 80' lang='lat' dir='ltr'><strong>partem</strong></span> <span class='ocrx_word' id='word_1_49' title='bbox 684 1183 862 1270; x_wconf 73' lang='lat' dir='ltr'><strong>Etruriae,</strong></span> <span class='ocrx_word' id='word_1_50' title='bbox 896 1178 1122 1284; x_wconf 87' lang='lat' dir='ltr'><strong>Septimium</strong></span> <span class='ocrx_word' id='word_1_51' title='bbox 1142 1182 1350 1284; x_wconf 87' lang='lat' dir='ltr'><strong>quemdam</strong></span> <span class='ocrx_word' id='word_1_52' title='bbox 1372 1183 1582 1257; x_wconf 84' lang='lat' dir='ltr'><strong>Camertem</strong></span> <span class='ocrx_word' id='word_1_53' title='bbox 1606 1181 1648 1256; x_wconf 93' lang='lat' dir='ltr'><strong>in</strong></span> <span class='ocrx_word' id='word_1_54' title='bbox 1675 1205 1810 1285; x_wconf 77' lang='lat' dir='ltr'><strong>agrum</strong></span> 
     </span>
     <span class='ocr_line' id='line_1_8' title="bbox 410 1293 1812 1409; baseline -0.001 -30"><span class='ocrx_word' id='word_1_55' title='bbox 410 1303 610 1396; x_wconf 87' lang='lat' dir='ltr'><strong>Picenum,</strong></span> <span class='ocrx_word' id='word_1_56' title='bbox 629 1307 666 1381; x_wconf 91' lang='lat' dir='ltr'><strong>C.</strong></span> <span class='ocrx_word' id='word_1_57' title='bbox 676 1305 820 1380; x_wconf 82' lang='lat' dir='ltr'><strong>Iulium</strong></span> <span class='ocrx_word' id='word_1_58' title='bbox 834 1305 876 1379; x_wconf 95' lang='lat' dir='ltr'><strong>in</strong></span> <span class='ocrx_word' id='word_1_59' title='bbox 890 1303 1072 1409; x_wconf 87' lang='lat' dir='ltr'><strong>Apuliam</strong></span> <span class='ocrx_word' id='word_1_60' title='bbox 1087 1304 1250 1398; x_wconf 85' lang='lat' dir='ltr'><strong>dimisit3</strong></span> <span class='ocrx_word' id='word_1_61' title='bbox 1265 1321 1445 1409; x_wconf 84' lang='lat' dir='ltr'><strong>praeterea</strong></span> <span class='ocrx_word' id='word_1_62' title='bbox 1457 1306 1577 1380; x_wconf 91' lang='lat' dir='ltr'><strong>alium</strong></span> <span class='ocrx_word' id='word_1_63' title='bbox 1588 1304 1682 1395; x_wconf 90' lang='lat' dir='ltr'><strong>alio,</strong></span> <span class='ocrx_word' id='word_1_64' title='bbox 1695 1293 1812 1406; x_wconf 90' lang='lat' dir='ltr'><strong>quem</strong></span> 
     </span>
     <span class='ocr_line' id='line_1_9' title="bbox 410 1426 1812 1532; baseline -0.004 -28"><span class='ocrx_word' id='word_1_65' title='bbox 410 1429 556 1532; x_wconf 84' lang='lat' dir='ltr'><strong>ubique</strong></span> <span class='ocrx_word' id='word_1_66' title='bbox 586 1439 848 1532; x_wconf 80' lang='lat' dir='ltr'><strong>opportunum</strong></span> <span class='ocrx_word' id='word_1_67' title='bbox 870 1429 943 1504; x_wconf 91' lang='lat' dir='ltr'><strong>sibi</strong></span> <span class='ocrx_word' id='word_1_68' title='bbox 966 1427 1047 1505; x_wconf 84' lang='lat' dir='ltr'><strong>fore</strong></span> <span class='ocrx_word' id='word_1_69' title='bbox 1069 1428 1254 1505; x_wconf 75' lang='lat' dir='ltr'><strong>credebat</strong></span> <span class='ocrx_word' id='word_1_70' title='bbox 1287 1433 1435 1505; x_wconf 82' lang='lat' dir='ltr'><strong>Interea</strong></span> <span class='ocrx_word' id='word_1_71' title='bbox 1467 1430 1594 1502; x_wconf 84' lang='lat' dir='ltr'><strong>Romae</strong></span> <span class='ocrx_word' id='word_1_72' title='bbox 1613 1426 1736 1502; x_wconf 81' lang='lat' dir='ltr'><strong>multa</strong></span> <span class='ocrx_word' id='word_1_73' title='bbox 1760 1426 1812 1500; x_wconf 89' lang='lat' dir='ltr'><strong>si-</strong></span> 
     </span>
     <span class='ocr_line' id='line_1_10' title="bbox 408 1550 1811 1658; baseline -0.004 -30"><span class='ocrx_word' id='word_1_74' title='bbox 408 1550 495 1628; x_wconf 86' lang='lat' dir='ltr'><strong>mul</strong></span> <span class='ocrx_word' id='word_1_75' title='bbox 513 1551 658 1645; x_wconf 79' lang='lat' dir='ltr'><strong>moliri3</strong></span> <span class='ocrx_word' id='word_1_76' title='bbox 682 1553 838 1627; x_wconf 89' lang='lat' dir='ltr'><strong>Consuli</strong></span> <span class='ocrx_word' id='word_1_77' title='bbox 865 1551 1021 1627; x_wconf 86' lang='lat' dir='ltr'><strong>insidias</strong></span> <span class='ocrx_word' id='word_1_78' title='bbox 1048 1552 1222 1644; x_wconf 86' lang='lat' dir='ltr'><strong>tendere,</strong></span> <span class='ocrx_word' id='word_1_79' title='bbox 1247 1579 1387 1658; x_wconf 86' lang='lat' dir='ltr'><strong>parare.</strong></span> <span class='ocrx_word' id='word_1_80' title='bbox 1404 1551 1601 1642; x_wconf 88' lang='lat' dir='ltr'><strong>incendia,</strong></span> <span class='ocrx_word' id='word_1_81' title='bbox 1626 1565 1811 1656; x_wconf 89' lang='lat' dir='ltr'><strong>opportu-</strong></span> 
     </span>
     <span class='ocr_line' id='line_1_11' title="bbox 342 1673 1812 1783; baseline -0.003 -32"><span class='ocrx_word' id='word_1_82' title='bbox 342 1693 347 1700; x_wconf 83' lang='lat'>&#39;</span> <span class='ocrx_word' id='word_1_83' title='bbox 409 1701 462 1751; x_wconf 88' lang='lat' dir='ltr'><strong>na</strong></span> <span class='ocrx_word' id='word_1_84' title='bbox 496 1673 579 1750; x_wconf 88' lang='lat' dir='ltr'><strong>loca</strong></span> <span class='ocrx_word' id='word_1_85' title='bbox 610 1677 763 1750; x_wconf 87' lang='lat' dir='ltr'><strong>armatis</strong></span> <span class='ocrx_word' id='word_1_86' title='bbox 792 1674 1015 1750; x_wconf 89' lang='lat' dir='ltr'><strong>hominibus</strong></span> <span class='ocrx_word' id='word_1_87' title='bbox 1043 1675 1241 1751; x_wconf 86' lang='lat' dir='ltr'><strong>obsidere:</strong></span> <span class='ocrx_word' id='word_1_88' title='bbox 1275 1676 1355 1781; x_wconf 91' lang='lat' dir='ltr'><strong>ipse</strong></span> <span class='ocrx_word' id='word_1_89' title='bbox 1381 1704 1471 1753; x_wconf 89' lang='lat' dir='ltr'><strong>cum</strong></span> <span class='ocrx_word' id='word_1_90' title='bbox 1501 1675 1577 1750; x_wconf 89' lang='lat' dir='ltr'><strong>telo</strong></span> <span class='ocrx_word' id='word_1_91' title='bbox 1599 1699 1692 1783; x_wconf 81' lang='lat' dir='ltr'><strong>esse,</strong></span> <span class='ocrx_word' id='word_1_92' title='bbox 1717 1674 1812 1748; x_wconf 84' lang='lat' dir='ltr'><strong>item</strong></span> 
     </span>
     <span class='ocr_line' id='line_1_12' title="bbox 410 1795 1812 1903; baseline -0.004 -29"><span class='ocrx_word' id='word_1_93' title='bbox 410 1797 505 1874; x_wconf 87' lang='lat' dir='ltr'><strong>alios</strong></span> <span class='ocrx_word' id='word_1_94' title='bbox 528 1797 682 1875; x_wconf 87' lang='lat' dir='ltr'><strong>iubere:</strong></span> <span class='ocrx_word' id='word_1_95' title='bbox 708 1798 875 1887; x_wconf 85' lang='lat' dir='ltr'><strong>hortari,</strong></span> <span class='ocrx_word' id='word_1_96' title='bbox 898 1797 957 1871; x_wconf 91' lang='lat' dir='ltr'><strong>uti</strong></span> <span class='ocrx_word' id='word_1_97' title='bbox 979 1821 1127 1903; x_wconf 84' lang='lat' dir='ltr'><strong>semper</strong></span> <span class='ocrx_word' id='word_1_98' title='bbox 1162 1799 1302 1874; x_wconf 85' lang='lat' dir='ltr'><strong>intenti</strong></span> <span class='ocrx_word' id='word_1_99' title='bbox 1323 1800 1524 1902; x_wconf 87' lang='lat' dir='ltr'><strong>paratique</strong></span> <span class='ocrx_word' id='word_1_100' title='bbox 1546 1811 1668 1874; x_wconf 86' lang='lat' dir='ltr'><strong>essent</strong></span> <span class='ocrx_word' id='word_1_101' title='bbox 1691 1828 1699 1870; x_wconf 77' lang='grc' dir='ltr'><strong>ι</strong></span> <span class='ocrx_word' id='word_1_102' title='bbox 1730 1795 1812 1870; x_wconf 84' lang='lat' dir='ltr'><strong>dies</strong></span> 
     </span>
     <span class='ocr_line' id='line_1_13' title="bbox 409 1917 1811 2025; baseline -0.004 -28"><span class='ocrx_word' id='word_1_103' title='bbox 409 1935 615 2025; x_wconf 83' lang='lat' dir='ltr'><strong>noctesqne</strong></span> <span class='ocrx_word' id='word_1_104' title='bbox 634 1919 831 2010; x_wconf 89' lang='lat' dir='ltr'><strong>festinare,</strong></span> <span class='ocrx_word' id='word_1_105' title='bbox 855 1917 1029 2023; x_wconf 81' lang='lat' dir='ltr'><strong>vigilare,</strong></span> <span class='ocrx_word' id='word_1_106' title='bbox 1054 1947 1181 2024; x_wconf 83' lang='lat' dir='ltr'><strong>neque</strong></span> <span class='ocrx_word' id='word_1_107' title='bbox 1208 1921 1405 1996; x_wconf 78' lang='lat' dir='ltr'><strong>insomniis</strong></span> <span class='ocrx_word' id='word_1_108' title='bbox 1428 1946 1552 2025; x_wconf 90' lang='lat' dir='ltr'><strong>neque</strong></span> <span class='ocrx_word' id='word_1_109' title='bbox 1575 1921 1704 1997; x_wconf 87' lang='lat' dir='ltr'><strong>labore</strong></span> <span class='ocrx_word' id='word_1_110' title='bbox 1721 1919 1811 1994; x_wconf 88' lang='lat' dir='ltr'><strong>fati·</strong></span> 
     </span>
     <span class='ocr_line' id='line_1_14' title="bbox 409 2041 1814 2151; baseline 0.001 -32"><span class='ocrx_word' id='word_1_111' title='bbox 409 2045 501 2151; x_wconf 85' lang='lat' dir='ltr'><strong>gari.</strong></span> <span class='ocrx_word' id='word_1_112' title='bbox 541 2048 731 2121; x_wconf 87' lang='lat' dir='ltr'><strong>Postremo</strong></span> <span class='ocrx_word' id='word_1_113' title='bbox 750 2042 818 2118; x_wconf 91' lang='lat' dir='ltr'><strong>ubi</strong></span> <span class='ocrx_word' id='word_1_114' title='bbox 845 2041 968 2118; x_wconf 88' lang='lat' dir='ltr'><strong>multa</strong></span> <span class='ocrx_word' id='word_1_115' title='bbox 989 2043 1150 2147; x_wconf 83' lang='lat' dir='ltr'><strong>agitanti</strong></span> <span class='ocrx_word' id='word_1_116' title='bbox 1173 2043 1275 2120; x_wconf 90' lang='lat' dir='ltr'><strong>nihil</strong></span> <span class='ocrx_word' id='word_1_117' title='bbox 1296 2045 1489 2150; x_wconf 80' lang='lat' dir='ltr'><strong>procedit,</strong></span> <span class='ocrx_word' id='word_1_118' title='bbox 1514 2069 1644 2120; x_wconf 84' lang='lat' dir='ltr'><strong>rursus</strong></span> <span class='ocrx_word' id='word_1_119' title='bbox 1671 2043 1814 2120; x_wconf 82' lang='lat' dir='ltr'><strong>intem-</strong></span> 
     </span>
     <span class='ocr_line' id='line_1_15' title="bbox 408 2164 1813 2278; baseline -0.004 -33"><span class='ocrx_word' id='word_1_120' title='bbox 408 2183 513 2278; x_wconf 85' lang='lat' dir='ltr'><strong>pesta</strong></span> <span class='ocrx_word' id='word_1_121' title='bbox 534 2185 646 2245; x_wconf 87' lang='lat' dir='ltr'><strong>nocte</strong></span> <span class='ocrx_word' id='word_1_122' title='bbox 669 2164 946 2245; x_wconf 85' lang='lat' dir='ltr'><strong>coniurationis</strong></span> <span class='ocrx_word' id='word_1_123' title='bbox 964 2166 1159 2271; x_wconf 84' lang='lat' dir='ltr'><strong>principes</strong></span> <span class='ocrx_word' id='word_1_124' title='bbox 1176 2184 1359 2244; x_wconf 81' lang='lat' dir='ltr'><strong>convocat</strong></span> <span class='ocrx_word' id='word_1_125' title='bbox 1380 2195 1449 2272; x_wconf 92' lang='lat' dir='ltr'><strong>per</strong></span> <span class='ocrx_word' id='word_1_126' title='bbox 1467 2169 1518 2242; x_wconf 78' lang='lat' dir='ltr'>M</span> <span class='ocrx_word' id='word_1_127' title='bbox 1540 2167 1716 2243; x_wconf 89' lang='lat' dir='ltr'><strong>Porcium</strong></span> <span class='ocrx_word' id='word_1_128' title='bbox 1728 2169 1813 2241; x_wconf 84' lang='lat' dir='ltr'><strong>Lae·</strong></span> 
     </span>
     <span class='ocr_line' id='line_1_16' title="bbox 407 2288 1811 2395; baseline 0 -29"><span class='ocrx_word' id='word_1_129' title='bbox 407 2317 515 2366; x_wconf 89' lang='lat' dir='ltr'><strong>cam:</strong></span> <span class='ocrx_word' id='word_1_130' title='bbox 541 2290 672 2395; x_wconf 88' lang='lat' dir='ltr'><strong>ibique</strong></span> <span class='ocrx_word' id='word_1_131' title='bbox 690 2291 813 2366; x_wconf 87' lang='lat' dir='ltr'><strong>multa</strong></span> <span class='ocrx_word' id='word_1_132' title='bbox 833 2289 881 2364; x_wconf 87' lang='lat' dir='ltr'><strong>de</strong></span> <span class='ocrx_word' id='word_1_133' title='bbox 894 2288 1043 2392; x_wconf 83' lang='lat' dir='ltr'><strong>ignavia</strong></span> <span class='ocrx_word' id='word_1_134' title='bbox 1055 2315 1189 2366; x_wconf 88' lang='lat' dir='ltr'><strong>eorum</strong></span> <span class='ocrx_word' id='word_1_135' title='bbox 1204 2309 1375 2394; x_wconf 58' lang='lat' dir='ltr'><strong>querum</strong></span> <span class='ocrx_word' id='word_1_136' title='bbox 1387 2292 1517 2382; x_wconf 87' lang='lat' dir='ltr'><strong>docet,</strong></span> <span class='ocrx_word' id='word_1_137' title='bbox 1536 2317 1602 2382; x_wconf 88' lang='lat' dir='ltr'><strong>„se</strong></span> <span class='ocrx_word' id='word_1_138' title='bbox 1615 2289 1811 2366; x_wconf 89' lang='lat' dir='ltr'><strong>Manlium</strong></span> 
     </span>
     <span class='ocr_line' id='line_1_17' title="bbox 415 2409 1813 2520; baseline -0.003 -28"><span class='ocrx_word' id='word_1_139' title='bbox 415 2415 635 2520; x_wconf 79' lang='lat' dir='ltr'><strong>praemisisse</strong></span> <span class='ocrx_word' id='word_1_140' title='bbox 652 2415 702 2490; x_wconf 89' lang='lat' dir='ltr'><strong>ad</strong></span> <span class='ocrx_word' id='word_1_141' title='bbox 721 2443 804 2491; x_wconf 88' lang='lat' dir='ltr'><strong>eam</strong></span> <span class='ocrx_word' id='word_1_142' title='bbox 831 2409 1138 2503; x_wconf 85' lang='lat' dir='ltr'><strong>multitudinem,</strong></span> <span class='ocrx_word' id='word_1_143' title='bbox 1170 2439 1289 2517; x_wconf 81' lang='lat' dir='ltr'><strong>quam</strong></span> <span class='ocrx_word' id='word_1_144' title='bbox 1314 2413 1364 2490; x_wconf 89' lang='lat' dir='ltr'><strong>ad</strong></span> <span class='ocrx_word' id='word_1_145' title='bbox 1394 2414 1587 2519; x_wconf 87' lang='lat' dir='ltr'><strong>capiunda</strong></span> <span class='ocrx_word' id='word_1_146' title='bbox 1610 2441 1715 2489; x_wconf 87' lang='lat' dir='ltr'><strong>arma</strong></span> <span class='ocrx_word' id='word_1_147' title='bbox 1739 2439 1813 2517; x_wconf 89' lang='lat' dir='ltr'><strong>pa-</strong></span> 
     </span>
     <span class='ocr_line' id='line_1_18' title="bbox 409 2533 1811 2642; baseline -0.001 -28"><span class='ocrx_word' id='word_1_148' title='bbox 409 2555 578 2634; x_wconf 82' lang='lat' dir='ltr'><strong>raverat3</strong></span> <span class='ocrx_word' id='word_1_149' title='bbox 601 2540 692 2614; x_wconf 91' lang='lat' dir='ltr'><strong>item</strong></span> <span class='ocrx_word' id='word_1_150' title='bbox 719 2540 811 2614; x_wconf 87' lang='lat' dir='ltr'><strong>alios</strong></span> <span class='ocrx_word' id='word_1_151' title='bbox 840 2539 883 2614; x_wconf 94' lang='lat' dir='ltr'><strong>in</strong></span> <span class='ocrx_word' id='word_1_152' title='bbox 906 2533 980 2610; x_wconf 89' lang='lat' dir='ltr'><strong>alia</strong></span> <span class='ocrx_word' id='word_1_153' title='bbox 1000 2533 1082 2610; x_wconf 86' lang='lat' dir='ltr'><strong>loca</strong></span> <span class='ocrx_word' id='word_1_154' title='bbox 1103 2552 1338 2640; x_wconf 86' lang='lat' dir='ltr'><strong>opportuna,</strong></span> <span class='ocrx_word' id='word_1_155' title='bbox 1371 2537 1440 2642; x_wconf 90' lang='lat' dir='ltr'><strong>qui</strong></span> <span class='ocrx_word' id='word_1_156' title='bbox 1457 2538 1613 2614; x_wconf 90' lang='lat' dir='ltr'><strong>initium</strong></span> <span class='ocrx_word' id='word_1_157' title='bbox 1634 2536 1724 2613; x_wconf 89' lang='lat' dir='ltr'><strong>belli</strong></span> <span class='ocrx_word' id='word_1_158' title='bbox 1750 2535 1811 2613; x_wconf 87' lang='lat' dir='ltr'><strong>fa-</strong></span> 
     </span>
    </p>
   </div>
   <div class='ocr_carea' id='block_1_3' title="bbox 408 2757 1819 3569">
    <p class='ocr_par' dir='ltr' id='par_1_3' title="bbox 408 2757 1819 3569">
     <span class='ocr_line' id='line_1_19' title="bbox 414 2757 1812 2842; baseline 0.001 -21"><span class='ocrx_word' id='word_1_159' title='bbox 414 2781 441 2820; x_wconf 88' lang='grc' dir='ltr'><strong>ι.</strong></span> <span class='ocrx_word' id='word_1_160' title='bbox 455 2759 485 2820; x_wconf 78' lang='lat'><strong>3.</strong></span> <span class='ocrx_word' id='word_1_161' title='bbox 507 2779 596 2837; x_wconf 74' lang='lat' dir='ltr'><strong>remp.</strong></span> <span class='ocrx_word' id='word_1_162' title='bbox 608 2757 771 2818; x_wconf 69' lang='lat' dir='ltr'><strong>desentire.</strong></span> <span class='ocrx_word' id='word_1_163' title='bbox 792 2758 854 2823; x_wconf 84' lang='lat' dir='ltr'><strong>Bas.</strong></span> <span class='ocrx_word' id='word_1_164' title='bbox 869 2780 894 2818; x_wconf 93' lang='grc' dir='ltr'><strong>ι.</strong></span> <span class='ocrx_word' id='word_1_165' title='bbox 914 2757 1080 2821; x_wconf 69' lang='grc' dir='ltr'><strong>ἀιζιιοιιιίνιι</strong></span> <span class='ocrx_word' id='word_1_166' title='bbox 1100 2761 1187 2839; x_wconf 85' lang='lat' dir='ltr'><strong>pauci</strong></span> <span class='ocrx_word' id='word_1_167' title='bbox 1200 2769 1230 2819; x_wconf 81' lang='lat' dir='ltr'><strong>at</strong></span> <span class='ocrx_word' id='word_1_168' title='bbox 1245 2760 1359 2822; x_wconf 85' lang='lat' dir='ltr'><strong>viliores</strong></span> <span class='ocrx_word' id='word_1_169' title='bbox 1376 2771 1494 2842; x_wconf 84' lang='lat' dir='ltr'><strong>mscrpt.</strong></span> <span class='ocrx_word' id='word_1_170' title='bbox 1514 2761 1594 2822; x_wconf 82' lang='lat' dir='ltr'><strong>Leid.</strong></span> <span class='ocrx_word' id='word_1_171' title='bbox 1607 2760 1637 2825; x_wconf 89' lang='lat' dir='ltr'><strong>d.</strong></span> <span class='ocrx_word' id='word_1_172' title='bbox 1650 2783 1676 2821; x_wconf 83' lang='lat' dir='ltr'><strong>c.</strong></span> <span class='ocrx_word' id='word_1_173' title='bbox 1697 2760 1765 2826; x_wconf 87' lang='lat' dir='ltr'><strong>Tur.</strong></span> <span class='ocrx_word' id='word_1_174' title='bbox 1780 2783 1812 2822; x_wconf 77' lang='grc' dir='ltr'><strong>ι.</strong></span> 
     </span>
     <span class='ocr_line' id='line_1_20' title="bbox 409 2859 1810 2945; baseline -0.001 -19"><span class='ocrx_word' id='word_1_175' title='bbox 409 2863 536 2926; x_wconf 59' lang='lat' dir='ltr'><strong>Berua.</strong></span> <span class='ocrx_word' id='word_1_176' title='bbox 565 2863 739 2925; x_wconf 80' lang='lat' dir='ltr'><strong>consentiret</strong></span> <span class='ocrx_word' id='word_1_177' title='bbox 758 2863 818 2922; x_wconf 85' lang='lat' dir='ltr'><strong>Erl.</strong></span> <span class='ocrx_word' id='word_1_178' title='bbox 850 2859 996 2925; x_wconf 51' lang='lat' dir='ltr'><strong>otrentum.</strong></span> <span class='ocrx_word' id='word_1_179' title='bbox 1018 2864 1102 2923; x_wconf 82' lang='lat' dir='ltr'><strong>Bern.</strong></span> <span class='ocrx_word' id='word_1_180' title='bbox 1118 2884 1143 2926; x_wconf 92' lang='grc' dir='ltr'><strong>ι.</strong></span> <span class='ocrx_word' id='word_1_181' title='bbox 1158 2863 1225 2928; x_wconf 65' lang='lat' dir='ltr'><strong>at.</strong></span> <span class='ocrx_word' id='word_1_182' title='bbox 1245 2864 1314 2931; x_wconf 84' lang='lat' dir='ltr'><strong>Tur.</strong></span> <span class='ocrx_word' id='word_1_183' title='bbox 1336 2886 1365 2931; x_wconf 75' lang='lat' dir='ltr'><strong>a.</strong></span> <span class='ocrx_word' id='word_1_184' title='bbox 1385 2867 1447 2925; x_wconf 84' lang='lat' dir='ltr'><strong>Bas.</strong></span> <span class='ocrx_word' id='word_1_185' title='bbox 1463 2871 1490 2929; x_wconf 68' lang='grc' dir='ltr'><strong>ὅ.</strong></span> <span class='ocrx_word' id='word_1_186' title='bbox 1506 2867 1536 2936; x_wconf 79' lang='lat' dir='ltr'><strong>d.</strong></span> <span class='ocrx_word' id='word_1_187' title='bbox 1563 2865 1724 2945; x_wconf 77' lang='lat' dir='ltr'><strong>petitiones.</strong></span> <span class='ocrx_word' id='word_1_188' title='bbox 1747 2867 1810 2926; x_wconf 89' lang='lat' dir='ltr'><strong>inc.</strong></span> 
     </span>
     <span class='ocr_line' id='line_1_21' title="bbox 409 2965 1814 3051; baseline 0.001 -22"><span class='ocrx_word' id='word_1_189' title='bbox 409 2969 517 3030; x_wconf 76' lang='lat' dir='ltr'><strong>Sena.</strong></span> <span class='ocrx_word' id='word_1_190' title='bbox 538 2970 650 3034; x_wconf 81' lang='lat' dir='ltr'><strong>Febris.</strong></span> <span class='ocrx_word' id='word_1_191' title='bbox 679 2971 738 3029; x_wconf 87' lang='lat' dir='ltr'><strong>Erl.</strong></span> <span class='ocrx_word' id='word_1_192' title='bbox 763 2968 832 3050; x_wconf 83' lang='lat' dir='ltr'><strong>Teg.</strong></span> <span class='ocrx_word' id='word_1_193' title='bbox 861 2967 1094 3030; x_wconf 81' lang='lat' dir='ltr'><strong>Laid.a.c.e.s.</strong></span> <span class='ocrx_word' id='word_1_194' title='bbox 1112 2965 1185 3027; x_wconf 69' lang='grc' dir='ltr'><strong>Μ.</strong></span> <span class='ocrx_word' id='word_1_195' title='bbox 1204 2989 1245 3026; x_wconf 87' lang='grc' dir='ltr'><strong>ιιι.</strong></span> <span class='ocrx_word' id='word_1_196' title='bbox 1274 2967 1369 3028; x_wconf 85' lang='lat' dir='ltr'><strong>Guelf.</strong></span> <span class='ocrx_word' id='word_1_197' title='bbox 1386 2989 1452 3029; x_wconf 70' lang='lat' dir='ltr'><strong>na.</strong></span> <span class='ocrx_word' id='word_1_198' title='bbox 1465 2992 1493 3051; x_wconf 86' lang='lat'><strong>7.</strong></span> <span class='ocrx_word' id='word_1_199' title='bbox 1507 2991 1537 3050; x_wconf 89' lang='lat'><strong>9.</strong></span> <span class='ocrx_word' id='word_1_200' title='bbox 1553 2991 1661 3028; x_wconf 90' lang='grc' dir='ltr'><strong>ιο.ιι.</strong></span> <span class='ocrx_word' id='word_1_201' title='bbox 1678 2990 1723 3030; x_wconf 75' lang='grc' dir='ltr'><strong>ιι.</strong></span> <span class='ocrx_word' id='word_1_202' title='bbox 1753 2971 1814 3036; x_wconf 73' lang='lat' dir='ltr'><strong>Ac.</strong></span> 
     </span>
     <span class='ocr_line' id='line_1_22' title="bbox 408 3070 1813 3154; baseline -0.002 -15"><span class='ocrx_word' id='word_1_203' title='bbox 408 3077 479 3140; x_wconf 75' lang='lat' dir='ltr'><strong>vin.</strong></span> <span class='ocrx_word' id='word_1_204' title='bbox 492 3095 520 3137; x_wconf 87' lang='lat'><strong>2.</strong></span> <span class='ocrx_word' id='word_1_205' title='bbox 540 3074 603 3136; x_wconf 84' lang='lat' dir='ltr'><strong>Bas.</strong></span> <span class='ocrx_word' id='word_1_206' title='bbox 620 3097 647 3134; x_wconf 81' lang='grc' dir='ltr'><strong>ι.</strong></span> <span class='ocrx_word' id='word_1_207' title='bbox 664 3074 692 3138; x_wconf 83' lang='lat'><strong>3.</strong></span> <span class='ocrx_word' id='word_1_208' title='bbox 706 3073 734 3144; x_wconf 75' lang='grc' dir='ltr'><strong>Δ.</strong></span> <span class='ocrx_word' id='word_1_209' title='bbox 756 3073 840 3132; x_wconf 84' lang='lat' dir='ltr'><strong>Paris.</strong></span> <span class='ocrx_word' id='word_1_210' title='bbox 850 3070 881 3131; x_wconf 89' lang='lat' dir='ltr'><strong>b.</strong></span> <span class='ocrx_word' id='word_1_211' title='bbox 898 3071 970 3132; x_wconf 82' lang='lat' dir='ltr'><strong>Tur.</strong></span> <span class='ocrx_word' id='word_1_212' title='bbox 985 3093 1010 3133; x_wconf 87' lang='lat'><strong>1.</strong></span> <span class='ocrx_word' id='word_1_213' title='bbox 1024 3092 1050 3131; x_wconf 82' lang='lat' dir='ltr'><strong>a.</strong></span> <span class='ocrx_word' id='word_1_214' title='bbox 1072 3071 1157 3131; x_wconf 86' lang='lat' dir='ltr'><strong>Bern.</strong></span> <span class='ocrx_word' id='word_1_215' title='bbox 1171 3093 1198 3132; x_wconf 84' lang='lat'><strong>2.</strong></span> <span class='ocrx_word' id='word_1_216' title='bbox 1219 3073 1381 3134; x_wconf 78' lang='lat' dir='ltr'><strong>consulibus</strong></span> <span class='ocrx_word' id='word_1_217' title='bbox 1394 3074 1429 3133; x_wconf 83' lang='lat' dir='ltr'><strong>in</strong></span> <span class='ocrx_word' id='word_1_218' title='bbox 1443 3093 1557 3154; x_wconf 84' lang='lat' dir='ltr'><strong>campo.</strong></span> <span class='ocrx_word' id='word_1_219' title='bbox 1579 3077 1618 3133; x_wconf 88' lang='lat' dir='ltr'><strong>ita</strong></span> <span class='ocrx_word' id='word_1_220' title='bbox 1632 3073 1717 3133; x_wconf 81' lang='lat' dir='ltr'><strong>Fabr.</strong></span> <span class='ocrx_word' id='word_1_221' title='bbox 1737 3074 1813 3136; x_wconf 84' lang='lat' dir='ltr'><strong>Naz.</strong></span> 
     </span>
     <span class='ocr_line' id='line_1_23' title="bbox 411 3175 1819 3260; baseline -0.004 -16"><span class='ocrx_word' id='word_1_222' title='bbox 411 3181 531 3244; x_wconf 87' lang='lat' dir='ltr'><strong>Comm.</strong></span> <span class='ocrx_word' id='word_1_223' title='bbox 553 3180 641 3242; x_wconf 86' lang='lat' dir='ltr'><strong>Palat.</strong></span> <span class='ocrx_word' id='word_1_224' title='bbox 656 3177 724 3242; x_wconf 65' lang='lat' dir='ltr'><strong>nd.</strong></span> <span class='ocrx_word' id='word_1_225' title='bbox 745 3177 825 3236; x_wconf 87' lang='lat' dir='ltr'><strong>Leid.</strong></span> <span class='ocrx_word' id='word_1_226' title='bbox 841 3179 862 3241; x_wconf 89' lang='lat' dir='ltr'><strong>l.</strong></span> <span class='ocrx_word' id='word_1_227' title='bbox 883 3175 981 3240; x_wconf 87' lang='lat' dir='ltr'><strong>Heuss.</strong></span> <span class='ocrx_word' id='word_1_228' title='bbox 1002 3177 1110 3236; x_wconf 77' lang='lat' dir='ltr'><strong>Sena.</strong></span> <span class='ocrx_word' id='word_1_229' title='bbox 1135 3175 1231 3235; x_wconf 86' lang='lat' dir='ltr'><strong>Guels.</strong></span> <span class='ocrx_word' id='word_1_230' title='bbox 1256 3199 1281 3236; x_wconf 87' lang='lat'><strong>1.</strong></span> <span class='ocrx_word' id='word_1_231' title='bbox 1302 3199 1330 3242; x_wconf 81' lang='lat' dir='ltr'><strong>a.</strong></span> <span class='ocrx_word' id='word_1_232' title='bbox 1346 3179 1374 3237; x_wconf 88' lang='lat'><strong>5.</strong></span> <span class='ocrx_word' id='word_1_233' title='bbox 1392 3199 1436 3236; x_wconf 91' lang='grc' dir='ltr'><strong>ιο.</strong></span> <span class='ocrx_word' id='word_1_234' title='bbox 1457 3177 1526 3242; x_wconf 83' lang='grc' dir='ltr'><strong>Τοι.</strong></span> <span class='ocrx_word' id='word_1_235' title='bbox 1545 3201 1570 3237; x_wconf 91' lang='grc' dir='ltr'><strong>ι.</strong></span> <span class='ocrx_word' id='word_1_236' title='bbox 1590 3178 1658 3260; x_wconf 74' lang='lat' dir='ltr'><strong>Teg.</strong></span> <span class='ocrx_word' id='word_1_237' title='bbox 1679 3179 1819 3238; x_wconf 80' lang='lat' dir='ltr'><strong>consuli-</strong></span> 
     </span>
     <span class='ocr_line' id='line_1_24' title="bbox 409 3278 1814 3368; baseline 0.001 -24"><span class='ocrx_word' id='word_1_238' title='bbox 409 3289 461 3348; x_wconf 71' lang='lat' dir='ltr'><strong>tas</strong></span> <span class='ocrx_word' id='word_1_239' title='bbox 471 3289 503 3368; x_wconf 73' lang='lat' dir='ltr'><strong>s.</strong></span> <span class='ocrx_word' id='word_1_240' title='bbox 523 3283 574 3348; x_wconf 75' lang='lat' dir='ltr'><strong>dc.</strong></span> <span class='ocrx_word' id='word_1_241' title='bbox 594 3283 657 3342; x_wconf 83' lang='lat' dir='ltr'><strong>Bas.</strong></span> <span class='ocrx_word' id='word_1_242' title='bbox 672 3282 700 3342; x_wconf 73' lang='grc' dir='ltr'><strong>ὅ.</strong></span> <span class='ocrx_word' id='word_1_243' title='bbox 721 3281 778 3344; x_wconf 87' lang='grc' dir='ltr'><strong>ΕιΙ.</strong></span> <span class='ocrx_word' id='word_1_244' title='bbox 800 3279 879 3344; x_wconf 83' lang='lat' dir='ltr'><strong>Leid.</strong></span> <span class='ocrx_word' id='word_1_245' title='bbox 892 3301 918 3340; x_wconf 88' lang='lat' dir='ltr'><strong>c.</strong></span> <span class='ocrx_word' id='word_1_246' title='bbox 949 3280 1062 3340; x_wconf 74' lang='lat' dir='ltr'><strong>aemuli</strong></span> <span class='ocrx_word' id='word_1_247' title='bbox 1080 3278 1114 3338; x_wconf 86' lang='grc' dir='ltr'><strong>ἰιι</strong></span> <span class='ocrx_word' id='word_1_248' title='bbox 1130 3280 1195 3356; x_wconf 77' lang='lat' dir='ltr'><strong>ef.</strong></span> <span class='ocrx_word' id='word_1_249' title='bbox 1215 3281 1282 3340; x_wconf 85' lang='lat' dir='ltr'><strong>Sen.</strong></span> <span class='ocrx_word' id='word_1_250' title='bbox 1302 3302 1327 3341; x_wconf 91' lang='grc' dir='ltr'><strong>ι.</strong></span> <span class='ocrx_word' id='word_1_251' title='bbox 1347 3280 1409 3344; x_wconf 83' lang='lat' dir='ltr'><strong>Bas.</strong></span> <span class='ocrx_word' id='word_1_252' title='bbox 1426 3301 1452 3347; x_wconf 73' lang='grc' dir='ltr'><strong>ι.</strong></span> <span class='ocrx_word' id='word_1_253' title='bbox 1472 3281 1549 3340; x_wconf 84' lang='lat' dir='ltr'><strong>Edit.</strong></span> <span class='ocrx_word' id='word_1_254' title='bbox 1571 3282 1655 3341; x_wconf 83' lang='lat' dir='ltr'><strong>Paris.</strong></span> <span class='ocrx_word' id='word_1_255' title='bbox 1676 3281 1759 3342; x_wconf 83' lang='lat' dir='ltr'><strong>Bern.</strong></span> <span class='ocrx_word' id='word_1_256' title='bbox 1777 3283 1814 3346; x_wconf 78' lang='lat'><strong>3.</strong></span> 
     </span>
     <span class='ocr_line' id='line_1_25' title="bbox 410 3381 1814 3472; baseline -0.001 -19"><span class='ocrx_word' id='word_1_257' title='bbox 410 3413 482 3472; x_wconf 82' lang='lat' dir='ltr'><strong>quas</strong></span> <span class='ocrx_word' id='word_1_258' title='bbox 499 3387 744 3464; x_wconf 77' lang='lat' dir='ltr'><strong>consuliscecrat.</strong></span> <span class='ocrx_word' id='word_1_259' title='bbox 773 3387 858 3445; x_wconf 84' lang='lat' dir='ltr'><strong>ceteri</strong></span> <span class='ocrx_word' id='word_1_260' title='bbox 877 3381 969 3444; x_wconf 83' lang='lat' dir='ltr'><strong>conii</strong></span> <span class='ocrx_word' id='word_1_261' title='bbox 985 3394 1015 3444; x_wconf 88' lang='lat' dir='ltr'><strong>et</strong></span> <span class='ocrx_word' id='word_1_262' title='bbox 1031 3384 1146 3443; x_wconf 84' lang='lat' dir='ltr'><strong>Grutcri</strong></span> <span class='ocrx_word' id='word_1_263' title='bbox 1162 3384 1239 3444; x_wconf 82' lang='lat' dir='ltr'><strong>libri.</strong></span> <span class='ocrx_word' id='word_1_264' title='bbox 1261 3387 1342 3451; x_wconf 76' lang='lat' dir='ltr'><strong>leid,</strong></span> <span class='ocrx_word' id='word_1_265' title='bbox 1356 3408 1382 3446; x_wconf 88' lang='lat' dir='ltr'><strong>a.</strong></span> <span class='ocrx_word' id='word_1_266' title='bbox 1399 3386 1428 3452; x_wconf 82' lang='lat' dir='ltr'><strong>b.</strong></span> <span class='ocrx_word' id='word_1_267' title='bbox 1444 3407 1470 3447; x_wconf 83' lang='lat' dir='ltr'><strong>e.</strong></span> <span class='ocrx_word' id='word_1_268' title='bbox 1490 3384 1521 3446; x_wconf 87' lang='lat' dir='ltr'><strong>h.</strong></span> <span class='ocrx_word' id='word_1_269' title='bbox 1539 3388 1566 3445; x_wconf 82' lang='lat' dir='ltr'><strong>k.</strong></span> <span class='ocrx_word' id='word_1_270' title='bbox 1582 3408 1623 3445; x_wconf 88' lang='lat' dir='ltr'><strong>m.</strong></span> <span class='ocrx_word' id='word_1_271' title='bbox 1652 3387 1713 3446; x_wconf 79' lang='lat' dir='ltr'><strong>Bas.</strong></span> <span class='ocrx_word' id='word_1_272' title='bbox 1736 3409 1763 3446; x_wconf 89' lang='grc' dir='ltr'><strong>ι.</strong></span> <span class='ocrx_word' id='word_1_273' title='bbox 1778 3392 1814 3459; x_wconf 73' lang='lat' dir='ltr'><strong>d.</strong></span> 
     </span>
     <span class='ocr_line' id='line_1_26' title="bbox 409 3488 1813 3569; baseline -0.001 -13"><span class='ocrx_word' id='word_1_274' title='bbox 409 3497 480 3559; x_wconf 85' lang='lat' dir='ltr'><strong>Tur.</strong></span> <span class='ocrx_word' id='word_1_275' title='bbox 497 3515 524 3558; x_wconf 83' lang='lat' dir='ltr'><strong>a.</strong></span> <span class='ocrx_word' id='word_1_276' title='bbox 545 3493 630 3552; x_wconf 86' lang='lat' dir='ltr'><strong>Bern.</strong></span> <span class='ocrx_word' id='word_1_277' title='bbox 651 3512 675 3550; x_wconf 89' lang='grc' dir='ltr'><strong>ι.</strong></span> <span class='ocrx_word' id='word_1_278' title='bbox 689 3511 716 3554; x_wconf 86' lang='lat'><strong>2.</strong></span> <span class='ocrx_word' id='word_1_279' title='bbox 740 3507 874 3569; x_wconf 77' lang='lat' dir='ltr'><strong>prospera</strong></span> <span class='ocrx_word' id='word_1_280' title='bbox 897 3508 1069 3552; x_wconf 67' lang='lat' dir='ltr'><strong>conensem.</strong></span> <span class='ocrx_word' id='word_1_281' title='bbox 1091 3488 1152 3549; x_wconf 84' lang='lat' dir='ltr'><strong>Bas.</strong></span> <span class='ocrx_word' id='word_1_282' title='bbox 1167 3509 1192 3548; x_wconf 93' lang='grc' dir='ltr'><strong>ι.</strong></span> <span class='ocrx_word' id='word_1_283' title='bbox 1221 3499 1418 3569; x_wconf 72' lang='lat' dir='ltr'><strong>temptaverat.</strong></span> <span class='ocrx_word' id='word_1_284' title='bbox 1439 3489 1501 3549; x_wconf 85' lang='lat' dir='ltr'><strong>Bas.</strong></span> <span class='ocrx_word' id='word_1_285' title='bbox 1518 3513 1543 3549; x_wconf 93' lang='grc' dir='ltr'><strong>ι.</strong></span> <span class='ocrx_word' id='word_1_286' title='bbox 1556 3492 1625 3555; x_wconf 80' lang='lat'><strong>2.3.</strong></span> <span class='ocrx_word' id='word_1_287' title='bbox 1642 3493 1671 3562; x_wconf 77' lang='lat' dir='ltr'><strong>d.</strong></span> <span class='ocrx_word' id='word_1_288' title='bbox 1692 3489 1760 3557; x_wconf 85' lang='lat' dir='ltr'><strong>Tur.</strong></span> <span class='ocrx_word' id='word_1_289' title='bbox 1780 3515 1813 3554; x_wconf 93' lang='grc' dir='ltr'><strong>ι.</strong></span> 
     </span>
    </p>
   </div>
   <div class='ocr_carea' id='block_1_4' title="bbox 412 3597 540 3662">
    <p class='ocr_par' dir='ltr' id='par_1_4' title="bbox 412 3597 540 3662">
     <span class='ocr_line' id='line_1_27' title="bbox 412 3597 540 3662; baseline -0.039 -1"><span class='ocrx_word' id='word_1_290' title='bbox 412 3599 497 3662; x_wconf 85' lang='lat' dir='ltr'><strong>Bern.</strong></span> <span class='ocrx_word' id='word_1_291' title='bbox 510 3597 540 3658; x_wconf 77' lang='grc' dir='ltr'><strong>ὅ.</strong></span> 
     </span>
    </p>
   </div>
   <div class='ocr_carea' id='block_1_5' title="bbox 341 3701 1814 4432">
    <p class='ocr_par' dir='ltr' id='par_1_5' title="bbox 476 3701 1813 3804">
     <span class='ocr_line' id='line_1_28' title="bbox 476 3701 1813 3804; baseline 0.004 -22"><span class='ocrx_word' id='word_1_292' title='bbox 476 3723 550 3804; x_wconf 70' lang='grc' dir='ltr'><strong>οφ.</strong></span> <span class='ocrx_word' id='word_1_293' title='bbox 565 3743 613 3802; x_wconf 79' lang='lat'><strong>27.</strong></span> <span class='ocrx_word' id='word_1_294' title='bbox 635 3719 771 3778; x_wconf 75' lang='lat' dir='ltr'><strong>aratam</strong></span> <span class='ocrx_word' id='word_1_295' title='bbox 788 3701 920 3784; x_wconf 62' lang='lat' dir='ltr'><strong>raam</strong></span> <span class='ocrx_word' id='word_1_296' title='bbox 939 3721 999 3780; x_wconf 76' lang='lat' dir='ltr'><strong>aa.</strong></span> <span class='ocrx_word' id='word_1_297' title='bbox 1019 3720 1090 3779; x_wconf 71' lang='lat' dir='ltr'><strong>rur.</strong></span> <span class='ocrx_word' id='word_1_298' title='bbox 1108 3741 1135 3779; x_wconf 70' lang='grc' dir='ltr'><strong>ι.</strong></span> <span class='ocrx_word' id='word_1_299' title='bbox 1161 3720 1271 3780; x_wconf 62' lang='lat' dir='ltr'><strong>samia</strong></span> <span class='ocrx_word' id='word_1_300' title='bbox 1289 3726 1328 3783; x_wconf 72' lang='lat' dir='ltr'><strong>a.</strong></span> <span class='ocrx_word' id='word_1_301' title='bbox 1343 3723 1465 3802; x_wconf 73' lang='lat' dir='ltr'><strong>prm-an</strong></span> <span class='ocrx_word' id='word_1_302' title='bbox 1481 3720 1558 3780; x_wconf 75' lang='lat' dir='ltr'><strong>cor.</strong></span> <span class='ocrx_word' id='word_1_303' title='bbox 1588 3722 1674 3783; x_wconf 69' lang='grc' dir='ltr'><strong>...ιιι</strong></span> <span class='ocrx_word' id='word_1_304' title='bbox 1693 3725 1759 3784; x_wconf 69' lang='lat' dir='ltr'><strong>sa..</strong></span> <span class='ocrx_word' id='word_1_305' title='bbox 1779 3747 1813 3788; x_wconf 62' lang='grc' dir='ltr'><strong>ι.</strong></span> 
     </span>
    </p>

    <p class='ocr_par' dir='ltr' id='par_1_6' title="bbox 412 3823 1814 4115">
     <span class='ocr_line' id='line_1_29' title="bbox 412 3823 1813 3911; baseline -0.003 -17"><span class='ocrx_word' id='word_1_306' title='bbox 412 3833 512 3894; x_wconf 69' lang='lat' dir='ltr'><strong>Hense.</strong></span> <span class='ocrx_word' id='word_1_307' title='bbox 533 3829 617 3891; x_wconf 80' lang='lat' dir='ltr'><strong>Rem.</strong></span> <span class='ocrx_word' id='word_1_308' title='bbox 636 3847 661 3882; x_wconf 90' lang='lat'><strong>1.</strong></span> <span class='ocrx_word' id='word_1_309' title='bbox 691 3824 786 3882; x_wconf 75' lang='lat' dir='ltr'><strong>Suus.</strong></span> <span class='ocrx_word' id='word_1_310' title='bbox 812 3823 911 3887; x_wconf 83' lang='lat' dir='ltr'><strong>Vinar.</strong></span> <span class='ocrx_word' id='word_1_311' title='bbox 925 3843 952 3883; x_wconf 84' lang='lat'><strong>2.</strong></span> <span class='ocrx_word' id='word_1_312' title='bbox 981 3825 1049 3884; x_wconf 86' lang='lat' dir='ltr'><strong>Ecc.</strong></span> <span class='ocrx_word' id='word_1_313' title='bbox 1076 3823 1172 3883; x_wconf 82' lang='lat' dir='ltr'><strong>Guelf.</strong></span> <span class='ocrx_word' id='word_1_314' title='bbox 1184 3825 1212 3888; x_wconf 86' lang='lat'><strong>6.</strong></span> <span class='ocrx_word' id='word_1_315' title='bbox 1226 3827 1292 3905; x_wconf 87' lang='lat'><strong>7.8.</strong></span> <span class='ocrx_word' id='word_1_316' title='bbox 1312 3847 1355 3884; x_wconf 87' lang='grc' dir='ltr'><strong>ιι.</strong></span> <span class='ocrx_word' id='word_1_317' title='bbox 1384 3827 1442 3888; x_wconf 88' lang='grc' dir='ltr'><strong>ΕιΙ.</strong></span> <span class='ocrx_word' id='word_1_318' title='bbox 1472 3826 1552 3885; x_wconf 87' lang='lat' dir='ltr'><strong>Leid.</strong></span> <span class='ocrx_word' id='word_1_319' title='bbox 1565 3848 1591 3890; x_wconf 85' lang='lat' dir='ltr'><strong>a.</strong></span> <span class='ocrx_word' id='word_1_320' title='bbox 1606 3826 1635 3892; x_wconf 87' lang='lat' dir='ltr'><strong>b.</strong></span> <span class='ocrx_word' id='word_1_321' title='bbox 1647 3851 1673 3892; x_wconf 86' lang='lat' dir='ltr'><strong>c.</strong></span> <span class='ocrx_word' id='word_1_322' title='bbox 1688 3830 1717 3892; x_wconf 92' lang='lat' dir='ltr'><strong>d.</strong></span> <span class='ocrx_word' id='word_1_323' title='bbox 1730 3851 1758 3911; x_wconf 84' lang='lat' dir='ltr'><strong>g.</strong></span> <span class='ocrx_word' id='word_1_324' title='bbox 1778 3833 1813 3896; x_wconf 83' lang='lat' dir='ltr'><strong>k.</strong></span> 
     </span>
     <span class='ocr_line' id='line_1_30' title="bbox 413 3927 1814 4020; baseline -0.001 -22"><span class='ocrx_word' id='word_1_325' title='bbox 413 3941 511 4020; x_wconf 83' lang='lat' dir='ltr'><strong>plures</strong></span> <span class='ocrx_word' id='word_1_326' title='bbox 524 3933 637 3994; x_wconf 85' lang='lat' dir='ltr'><strong>Wassii.</strong></span> <span class='ocrx_word' id='word_1_327' title='bbox 657 3929 726 3992; x_wconf 87' lang='lat' dir='ltr'><strong>Tur.</strong></span> <span class='ocrx_word' id='word_1_328' title='bbox 742 3947 769 3986; x_wconf 79' lang='lat' dir='ltr'><strong>a.</strong></span> <span class='ocrx_word' id='word_1_329' title='bbox 791 3947 892 3986; x_wconf 84' lang='lat' dir='ltr'><strong>omnes</strong></span> <span class='ocrx_word' id='word_1_330' title='bbox 907 3927 969 3987; x_wconf 88' lang='lat' dir='ltr'><strong>Bas.</strong></span> <span class='ocrx_word' id='word_1_331' title='bbox 990 3927 1076 3987; x_wconf 85' lang='lat' dir='ltr'><strong>Bern.</strong></span> <span class='ocrx_word' id='word_1_332' title='bbox 1099 3947 1126 3987; x_wconf 83' lang='lat'><strong>2.</strong></span> <span class='ocrx_word' id='word_1_333' title='bbox 1146 3939 1340 4008; x_wconf 80' lang='lat' dir='ltr'><strong>opportunum</strong></span> <span class='ocrx_word' id='word_1_334' title='bbox 1359 3929 1415 3990; x_wconf 78' lang='lat' dir='ltr'><strong>sibi</strong></span> <span class='ocrx_word' id='word_1_335' title='bbox 1427 3931 1508 4006; x_wconf 82' lang='lat' dir='ltr'><strong>sore.</strong></span> <span class='ocrx_word' id='word_1_336' title='bbox 1529 3931 1568 3990; x_wconf 88' lang='lat' dir='ltr'><strong>ita</strong></span> <span class='ocrx_word' id='word_1_337' title='bbox 1583 3930 1678 3998; x_wconf 87' lang='lat' dir='ltr'><strong>Codd.</strong></span> <span class='ocrx_word' id='word_1_338' title='bbox 1705 3935 1754 3993; x_wconf 80' lang='lat' dir='ltr'><strong>sed</strong></span> <span class='ocrx_word' id='word_1_339' title='bbox 1773 3937 1814 3997; x_wconf 85' lang='lat' dir='ltr'><strong>in</strong></span> 
     </span>
     <span class='ocr_line' id='line_1_31' title="bbox 413 4031 1813 4115; baseline -0.002 -12"><span class='ocrx_word' id='word_1_340' title='bbox 413 4041 510 4104; x_wconf 83' lang='lat' dir='ltr'><strong>Guelf.</strong></span> <span class='ocrx_word' id='word_1_341' title='bbox 528 4057 573 4098; x_wconf 78' lang='grc' dir='ltr'><strong>ιι.</strong></span> <span class='ocrx_word' id='word_1_342' title='bbox 596 4057 636 4093; x_wconf 85' lang='grc' dir='ltr'><strong>ιιι.</strong></span> <span class='ocrx_word' id='word_1_343' title='bbox 652 4055 696 4114; x_wconf 92' lang='lat' dir='ltr'><strong>pr.</strong></span> <span class='ocrx_word' id='word_1_344' title='bbox 718 4035 779 4091; x_wconf 85' lang='lat' dir='ltr'><strong>fore</strong></span> <span class='ocrx_word' id='word_1_345' title='bbox 794 4034 907 4102; x_wconf 83' lang='lat' dir='ltr'><strong>omisit,</strong></span> <span class='ocrx_word' id='word_1_346' title='bbox 926 4041 955 4092; x_wconf 87' lang='lat' dir='ltr'><strong>et</strong></span> <span class='ocrx_word' id='word_1_347' title='bbox 973 4031 1059 4092; x_wconf 85' lang='lat' dir='ltr'><strong>Febr.</strong></span> <span class='ocrx_word' id='word_1_348' title='bbox 1079 4049 1105 4089; x_wconf 83' lang='lat' dir='ltr'><strong>a.</strong></span> <span class='ocrx_word' id='word_1_349' title='bbox 1128 4031 1202 4106; x_wconf 79' lang='lat' dir='ltr'><strong>fieri</strong></span> <span class='ocrx_word' id='word_1_350' title='bbox 1214 4032 1338 4092; x_wconf 78' lang='lat' dir='ltr'><strong>exhibet.</strong></span> <span class='ocrx_word' id='word_1_351' title='bbox 1367 4055 1422 4115; x_wconf 88' lang='lat' dir='ltr'><strong>pro</strong></span> <span class='ocrx_word' id='word_1_352' title='bbox 1442 4035 1513 4105; x_wconf 79' lang='grc' dir='ltr'><strong>ιῶἰ,</strong></span> <span class='ocrx_word' id='word_1_353' title='bbox 1534 4035 1631 4097; x_wconf 78' lang='lat' dir='ltr'><strong>Gnels.</strong></span> <span class='ocrx_word' id='word_1_354' title='bbox 1653 4059 1698 4096; x_wconf 89' lang='grc' dir='ltr'><strong>ιο.</strong></span> <span class='ocrx_word' id='word_1_355' title='bbox 1725 4039 1755 4097; x_wconf 79' lang='grc' dir='ltr'><strong>οἱ</strong></span> <span class='ocrx_word' id='word_1_356' title='bbox 1773 4041 1813 4101; x_wconf 84' lang='lat' dir='ltr'><strong>in</strong></span> 
     </span>
    </p>

    <p class='ocr_par' dir='ltr' id='par_1_7' title="bbox 341 4135 1813 4334">
     <span class='ocr_line' id='line_1_32' title="bbox 341 4135 1813 4214; baseline -0.001 -10"><span class='ocrx_word' id='word_1_357' title='bbox 341 4193 343 4204; x_wconf 76' lang='grc'>,</span> <span class='ocrx_word' id='word_1_358' title='bbox 415 4148 515 4208; x_wconf 84' lang='lat' dir='ltr'><strong>multis</strong></span> <span class='ocrx_word' id='word_1_359' title='bbox 525 4147 624 4203; x_wconf 86' lang='lat' dir='ltr'><strong>locum</strong></span> <span class='ocrx_word' id='word_1_360' title='bbox 641 4148 742 4198; x_wconf 86' lang='lat' dir='ltr'><strong>mutat.</strong></span> <span class='ocrx_word' id='word_1_361' title='bbox 755 4139 828 4213; x_wconf 79' lang='lat' dir='ltr'><strong>sora</strong></span> <span class='ocrx_word' id='word_1_362' title='bbox 839 4137 901 4198; x_wconf 74' lang='lat' dir='ltr'><strong>siti.</strong></span> <span class='ocrx_word' id='word_1_363' title='bbox 918 4139 975 4196; x_wconf 85' lang='lat' dir='ltr'><strong>inc.</strong></span> <span class='ocrx_word' id='word_1_364' title='bbox 991 4155 1018 4200; x_wconf 80' lang='lat' dir='ltr'><strong>a.</strong></span> <span class='ocrx_word' id='word_1_365' title='bbox 1039 4135 1137 4200; x_wconf 85' lang='lat' dir='ltr'><strong>Guelf.</strong></span> <span class='ocrx_word' id='word_1_366' title='bbox 1151 4137 1178 4195; x_wconf 88' lang='lat'><strong>5.</strong></span> <span class='ocrx_word' id='word_1_367' title='bbox 1189 4157 1216 4214; x_wconf 82' lang='lat' dir='ltr'><strong>q.</strong></span> <span class='ocrx_word' id='word_1_368' title='bbox 1231 4159 1253 4196; x_wconf 84' lang='grc' dir='ltr'><strong>ι.</strong></span> <span class='ocrx_word' id='word_1_369' title='bbox 1267 4139 1313 4197; x_wconf 83' lang='lat' dir='ltr'><strong>ab.</strong></span> <span class='ocrx_word' id='word_1_370' title='bbox 1334 4138 1430 4198; x_wconf 77' lang='lat' dir='ltr'><strong>Guelf.</strong></span> <span class='ocrx_word' id='word_1_371' title='bbox 1447 4140 1475 4210; x_wconf 71' lang='lat' dir='ltr'><strong>d.</strong></span> <span class='ocrx_word' id='word_1_372' title='bbox 1493 4160 1538 4204; x_wconf 89' lang='grc' dir='ltr'><strong>ιι.</strong></span> <span class='ocrx_word' id='word_1_373' title='bbox 1559 4159 1603 4200; x_wconf 82' lang='lat' dir='ltr'><strong>cr.</strong></span> <span class='ocrx_word' id='word_1_374' title='bbox 1618 4161 1641 4200; x_wconf 81' lang='lat' dir='ltr'><strong>s.</strong></span> <span class='ocrx_word' id='word_1_375' title='bbox 1664 4140 1760 4207; x_wconf 75' lang='lat' dir='ltr'><strong>Guelt.</strong></span> <span class='ocrx_word' id='word_1_376' title='bbox 1776 4145 1813 4210; x_wconf 85' lang='grc'><strong>6,</strong></span> 
     </span>
     <span class='ocr_line' id='line_1_33' title="bbox 414 4241 1811 4334; baseline 0.001 -28"><span class='ocrx_word' id='word_1_377' title='bbox 414 4275 439 4315; x_wconf 75' lang='lat' dir='ltr'><strong>s,</strong></span> <span class='ocrx_word' id='word_1_378' title='bbox 454 4273 519 4334; x_wconf 80' lang='lat' dir='ltr'><strong>opp.</strong></span> <span class='ocrx_word' id='word_1_379' title='bbox 541 4247 637 4307; x_wconf 88' lang='lat' dir='ltr'><strong>Guels.</strong></span> <span class='ocrx_word' id='word_1_380' title='bbox 649 4267 678 4324; x_wconf 87' lang='lat'><strong>9.</strong></span> <span class='ocrx_word' id='word_1_381' title='bbox 694 4265 740 4302; x_wconf 79' lang='grc' dir='ltr'><strong>ιι.</strong></span> <span class='ocrx_word' id='word_1_382' title='bbox 762 4241 1049 4302; x_wconf 80' lang='lat' dir='ltr'><strong>multassimnltntcs.</strong></span> <span class='ocrx_word' id='word_1_383' title='bbox 1069 4241 1136 4299; x_wconf 87' lang='lat' dir='ltr'><strong>Sen.</strong></span> <span class='ocrx_word' id='word_1_384' title='bbox 1157 4241 1257 4301; x_wconf 80' lang='lat' dir='ltr'><strong>Heuss.</strong></span> <span class='ocrx_word' id='word_1_385' title='bbox 1279 4241 1374 4307; x_wconf 86' lang='lat' dir='ltr'><strong>Guelf.</strong></span> <span class='ocrx_word' id='word_1_386' title='bbox 1392 4264 1436 4302; x_wconf 92' lang='grc' dir='ltr'><strong>ιο.</strong></span> <span class='ocrx_word' id='word_1_387' title='bbox 1458 4243 1542 4303; x_wconf 81' lang='lat' dir='ltr'><strong>Febr.</strong></span> <span class='ocrx_word' id='word_1_388' title='bbox 1562 4266 1588 4308; x_wconf 84' lang='lat'><strong>2.</strong></span> <span class='ocrx_word' id='word_1_389' title='bbox 1610 4265 1650 4303; x_wconf 90' lang='lat' dir='ltr'><strong>m.</strong></span> <span class='ocrx_word' id='word_1_390' title='bbox 1661 4267 1716 4306; x_wconf 79' lang='lat' dir='ltr'><strong>sec.</strong></span> <span class='ocrx_word' id='word_1_391' title='bbox 1742 4246 1811 4310; x_wconf 77' lang='lat' dir='ltr'><strong>Bas.</strong></span> 
     </span>
    </p>

    <p class='ocr_par' dir='ltr' id='par_1_8' title="bbox 416 4332 1814 4432">
     <span class='ocr_line' id='line_1_34' title="bbox 416 4332 1814 4432; baseline 0 -18"><span class='ocrx_word' id='word_1_392' title='bbox 416 4360 446 4432; x_wconf 69' lang='lat' dir='ltr'><strong>d.</strong></span> <span class='ocrx_word' id='word_1_393' title='bbox 467 4356 538 4418; x_wconf 86' lang='lat' dir='ltr'><strong>Tur.</strong></span> <span class='ocrx_word' id='word_1_394' title='bbox 550 4373 576 4414; x_wconf 87' lang='grc' dir='ltr'><strong>ι.</strong></span> <span class='ocrx_word' id='word_1_395' title='bbox 596 4349 759 4428; x_wconf 70' lang='lat' dir='ltr'><strong>stanton.</strong></span> <span class='ocrx_word' id='word_1_396' title='bbox 781 4344 851 4405; x_wconf 80' lang='lat' dir='ltr'><strong>Feb.</strong></span> <span class='ocrx_word' id='word_1_397' title='bbox 872 4367 896 4409; x_wconf 90' lang='grc' dir='ltr'><strong>ι.</strong></span> <span class='ocrx_word' id='word_1_398' title='bbox 917 4344 1004 4405; x_wconf 78' lang='lat' dir='ltr'><strong>simul</strong></span> <span class='ocrx_word' id='word_1_399' title='bbox 1018 4343 1097 4403; x_wconf 82' lang='lat' dir='ltr'><strong>abest</strong></span> <span class='ocrx_word' id='word_1_400' title='bbox 1109 4348 1196 4404; x_wconf 86' lang='lat' dir='ltr'><strong>etiam</strong></span> <span class='ocrx_word' id='word_1_401' title='bbox 1207 4346 1316 4406; x_wconf 74' lang='lat' dir='ltr'><strong>Arond.</strong></span> <span class='ocrx_word' id='word_1_402' title='bbox 1343 4346 1441 4407; x_wconf 85' lang='lat' dir='ltr'><strong>Pemb.</strong></span> <span class='ocrx_word' id='word_1_403' title='bbox 1463 4346 1524 4411; x_wconf 88' lang='lat' dir='ltr'><strong>Bas.</strong></span> <span class='ocrx_word' id='word_1_404' title='bbox 1537 4348 1565 4408; x_wconf 81' lang='lat'><strong>3.</strong></span> <span class='ocrx_word' id='word_1_405' title='bbox 1585 4332 1814 4414; x_wconf 75' lang='lat' dir='ltr'><strong>multasmoliri.</strong></span> 
     </span>
    </p>
   </div>
   <div class='ocr_carea' id='block_1_6' title="bbox 0 0 2030 5009">
    <p class='ocr_par' dir='ltr' id='par_1_9' title="bbox 0 0 2030 5009">
     <span class='ocr_line' id='line_1_35' title="bbox 0 0 2030 5009; baseline 0 0"><span class='ocrx_word' id='word_1_406' title='bbox 0 0 2030 5009; x_wconf 95' lang='lat' dir='ltr'><strong> </strong></span> 
     </span>
    </p>
   </div>
  </div>
 </body>
</html>
