4050 5009
422 419 579 511 14.

346 600 351 607 '
411 610 628 687 factumest,
658 611 699 669 ut
718 602 854 686 aliquot
870 605 995 688 gentes
1022 600 1064 665 in
1091 601 1306 669 deditionem
1328 604 1507 687 venirent3
1535 606 1595 673 eir.
1616 611 1685 677 sal
1706 612 1828 705 fragm.

413 720 458 785 11.
479 738 534 798 ²²3
557 710 683 811 Gic.in
702 709 818 775 l’ison.
842 728 890 789 19.
922 708 990 773 Sed
1009 707 1159 794 bppiusf,
1178 708 1297 773 animo
1318 721 1534 798 aeger-atque
1550 717 1642 782 curis
1658 719 1825 811 afflictus,

413 830 449 891 et
467 822 609 906 insuper
624 818 747 885 morbo
771 820 948 901 correptus
965 822 1048 881 ante
1066 834 1185 901 pacem
1203 818 1429 902 compositam
1447 819 1554 905 periit
1574 822 1636 893 cfr.
1653 826 1752 893 Oros.
1766 829 1826 895 ll

415 962 458 983 ...
479 929 522 993 in
545 926 658 1011 Urbe,
679 920 869 1008 composito
894 921 990 987 hello
1015 921 1130 1008 civili,
1154 923 1280 1009 Lepidi
1299 925 1403 991 sociis
1422 926 1486 1009 qui
1505 928 1549 993 ab
1575 930 1681 998 amir
1699 932 1826 1003 disces·

413 1040 545 1118 serant,
566 1030 746 1099 seditionis
764 1027 875 1117 gratia
895 1027 992 1095 facta.
1005 1026 1043 1112 ο)
1079 1030 1157 1117 Qua
1174 1029 1214 1094 in
1236 1050 1275 1097 re
1293 1032 1467 1118 precipua
1494 1034 1611 1101 Catuli
1630 1038 1709 1105 lans
1732 1051 1821 1125 erat,

414 1141 512 1221 cujus
532 1138 750 1205 clementiam
767 1134 956 1221 plurimum
972 1136 1018 1199 ad
1029 1138 1220 1213 sedandum
1237 1138 1425 1205 tumultum
1434 1139 1564 1220 fecisse,
1583 1144 1728 1211 Orosius
1740 1166 1824 1212 ano-

414 1255 471 1311 tor
488 1253 547 1313 est.
568 1246 732 1329 Magnum
751 1261 892 1326 quoquc
910 1241 977 1307 hac
996 1240 1037 1304 in
1057 1261 1095 1308 re
1115 1242 1226 1309 Caesar
1244 1243 1361 1327 posuit
1378 1245 1531 1311 studium
1549 1248 1741 1334 habuitque
1756 1248 1823 1319 bac

306 1427 322 1435 ⁸
412 1355 458 1419 de
475 1372 513 1419 rc
532 1350 735 1417 concionem
759 1347 821 1417 cir.
840 1350 980 1415 Sueton.
998 1347 1069 1413 Jul.
1088 1348 1118 1413 8.
1137 1351 1177 1415 Δ.
1197 1348 1287 1416 Gall.
1307 1351 1347 1413 N.
1367 1351 1406 1415 A.
1425 1352 1516 1415 xm.
1535 1353 1634 1438 W)

411 1532 750 1613 AnniDCLXXV
741 1532 814 1611 III
818 1535 866 1611 P.
881 1532 926 1610 U.
938 1528 978 1609 C.
990 1528 1171 1611 Consules
1182 1532 1221 1608 C.
1236 1530 1416 1628 Octavius,
1425 1532 1467 1634 C.
1475 1534 1688 1613 Scribonius
1699 1536 1822 1651 Curio.

490 1677 619 1750 ,Reate
637 1652 736 1740 terre
758 1680 856 1739 motu
878 1674 968 1741 aedes
986 1692 1091 1740 sacrae
1110 1673 1150 1739 in
1167 1674 1299 1761 oppido
1322 1674 1482 1761 agrisque
1502 1682 1692 1741 commotae.
1717 1676 1821 1759 Saxa,

410 1780 538 1864 quibus
559 1780 677 1845 torum
704 1786 847 1845 stratum
874 1788 966 1867 erat,
991 1779 1153 1847 discussa.
1181 1783 1306 1849 Pontes
1328 1781 1531 1867 interrupti,
1566 1781 1650 1865 ripa
1672 1779 1822 1847 labentis

489 1997 578 2058 Nam
595 1994 761 2060 Suetonio
783 2002 940 2081 anctore,
967 1991 1083 2059 statim
1099 2001 1178 2081 post
1196 1995 1413 2082 triumphum
1427 1995 1540 2061 cesar
1558 2013 1638 2061 eum
1654 1992 1817 2079 erripuit.

407 2099 447 2165 V.
467 2098 547 2163 Caes.
564 2119 591 2162 c.
612 2114 643 2176 4.
662 2100 778 2165 Falsus
801 2100 910 2187 igitur
928 2107 1049 2166 auctor
1067 2100 1196 2187 dialog.
1215 2104 1259 2165 de
1279 2101 1374 2165 Orat.
1397 2100 1443 2186 (c.
1461 2105 1527 2177 84.)
1548 2099 1612 2181 qui
1627 2100 1737 2164 tribus
1755 2118 1819 2161 an·

406 2203 462 2268 nis
478 2213 559 2269 ante
578 2206 645 2268 boc
661 2214 775 2269 actum
796 2225 869 2272 esse
888 2206 1017 2274 statuit.
1037 2208 1124 2272 Cum
1146 2207 1240 2271 enim
1261 2225 1333 2269 uno
1349 2214 1383 2269 et
1404 2205 1573 2293 vigesimo
1589 2205 1698 2271 aetatis
1724 2222 1817 2267 anno

406 2310 572 2375 cesarem
589 2310 810 2377 Dolabellam
829 2330 1001 2378 accusasse
1020 2314 1129 2397 dicat,
1149 2311 1240 2375 alius
1257 2311 1470 2392 Dolabellae,
1501 2310 1563 2392 qui
1583 2310 1700 2373 Asiam
1721 2328 1821 2375 rexe-

320 2446 323 2453 ·
404 2422 476 2498 rat,
498 2432 633 2481 causam
649 2418 803 2481 cumbae
820 2426 1046 2481 commutasse
1054 2416 1202 2479 ridetur.
1219 2413 1281 2477 cfr.
1297 2414 1371 2477 Asc.
1391 2416 1473 2478 Ped.
1486 2434 1521 2497 p.
1537 2415 1588 2478 81.
1599 2435 1651 2495 9¹·
1666 2417 1741 2480 136.
1755 2415 1819 2497 qui

404 2528 439 2587 et
456 2521 530 2603 ipse
544 2523 653 2586 multa
672 2520 795 2587 turbat.
814 2520 999 2585 Dolabella
1014 2519 1120 2599 enim,
1138 2518 1202 2602 qui
1218 2516 1351 2603 Asiam,
1370 2517 1512 2603 Lyciam
1528 2525 1564 2585 et
1574 2520 1819 2608 Pamphyliam

406 2646 486 2691 oum
507 2629 613 2701 Verre
633 2635 800 2709 questore
824 2626 1050 2711 expilaverat,
1070 2623 1202 2709 Lepido
1224 2632 1259 2690 et
1280 2624 1401 2688 Gatrulo
1424 2627 1512 2692 (loss.
1530 2645 1552 2689 a
1571 2626 1699 2690 Scauro
1718 2645 1820 2713 repe·

275 2713 290 2739 '¹
406 2733 592 2796 tundamm
611 2734 803 2818 postulatus
820 2739 854 2797 et
875 2734 1057 2796 damnatus
1078 2728 1203 2796 fuerat.
1224 2729 1284 2811 cfr.
1303 2729 1372 2794 Cic.
1385 2733 1478 2794 Brut.
1497 2750 1548 2810 91·
1568 2736 1639 2795 Act.
1659 2733 1698 2795 in
1719 2735 1816 2799 Vorr.

405 2838 433 2899 1.
452 2840 543 2913 4.11.
568 2860 596 2902 s.
618 2843 665 2904 ri.
695 2838 814 2927 Pigbii
828 2836 953 2905 Annei.
973 2858 1008 2923 p.
1030 2838 1101 2901 aiio.
1122 2844 1156 2901 et
1177 2839 1247 2900 286.
1266 2836 1357 2901 Plut.
1381 2836 1463 2904 Cass.
1479 2836 1652 2915 4..Vellej.
1668 2837 1712 2899 11.
1735 2854 1765 2897 n.
1786 2840 1817 2902 8.

403 2943 477 3011 val.
497 2948 587 3011 Max.
602 2948 632 3009 8.
652 2968 681 3025 9.
706 2953 735 3011 8.

459 3118 465 3125 ‚
484 3048 523 3132 ⁰)
535 3048 624 3111 Flor.
640 3052 670 3109 8.
683 3052 732 3111 si.
746 3050 938 3136 ,Victores
951 3054 1048 3135 quod
1059 3071 1133 3119 non
1147 3024 1275 3120 temere
1283 3049 1379 3133 alias,
1387 3070 1472 3133 pace
1482 3045 1637 3116 contenti
1645 3014 1817 3111 inerunt.»

486 3150 544 3235 ⁰⁰)
563 3152 650 3215 Sunt
670 3153 733 3237 qui
751 3157 907 3226 Suetonii
930 3168 965 3225 et
980 3160 1089 3223 Gellii
1106 3152 1315 3215 testimoniis
1334 3151 1596 3227 comprobatum
1615 3149 1748 3227 dicant,
1766 3147 1817 3207 le·

404 3276 501 3345 gem,
522 3258 566 3324 de
582 3278 719 3341 eorm,
738 3266 800 3345 qui
814 3260 940 3343 Lepidi
953 3273 1049 3315 arma
1062 3250 1171 3313 nenti
1183 3254 1312 3320 essent,
1331 3245 1462 3331 reditu,
1482 3266 1503 3309 a
1512 3246 1649 3310 Plautio
1663 3251 1818 3329 quodam
1831 3319 1835 3334 l
1940 3302 1944 3313 .

400 3364 521 3441 latam,
552 3368 657 3451 plane
676 3366 847 3427 diversam
874 3380 896 3423 a
915 3347 1074 3421 Plautia
1090 3350 1169 3433 lege
1187 3366 1293 3432 quam
1309 3349 1450 3416 catulus
1473 3362 1705 3419 renovaverat.
1737 3355 1816 3417 Jam
1897 3402 1906 3419 .

401 3468 544 3533 Plautiae
560 3469 647 3553 legis
669 3464 774 3529 etiam
793 3464 886 3546 apud
897 3452 1083 3522 Aesonium
1100 3455 1140 3521 in
1161 3456 1358 3523 cornelian.
1374 3480 1409 3543 p.
1432 3474 1490 3535 140
1513 3458 1554 3524 fit
1577 3458 1729 3545 menti0,
1750 3463 1812 3526 sed

402 3590 424 3633 a
441 3582 559 3637 nostro
578 3575 658 3635 loco
678 3565 793 3631 aliena
811 3574 870 3633 est.
893 3557 1035 3629 Rectius
1044 3560 1154 3649 igitur
1175 3570 1319 3646 statuas,
1341 3564 1493 3644 ejusdem
1510 3565 1610 3651 legis²
1626 3575 1812 3649 quantum·

326 3690 329 3697 ’
403 3672 456 3739 ris
473 3696 613 3760 severae,
634 3672 804 3760 capitibus
820 3670 955 3755 aliquot
974 3666 1080 3735 tuisse
1110 3669 1297 3753 sancitum,
1316 3677 1356 3733 ut
1373 3669 1520 3735 consilia
1538 3673 1751 3738 mutantibus
1778 3681 1813 3739 et

402 3778 651 3864 penitentibus
668 3776 788 3841 delicti
805 3776 916 3865 gratia
933 3774 1040 3842 fieret.
1071 3777 1217 3842 Fallitur
1237 3796 1376 3859 quoquc
1395 3776 1553 3844 Debross.
1577 3778 1623 3841 H.
1641 3780 1682 3841 la.
1697 3781 1740 3843 ll.
1762 3782 1809 3845 Π.

404 3886 473 3948 ior.
493 3882 555 3965 qui
574 3884 711 3967 multos,
728 3890 823 3949 tanta
835 3888 971 3951 senatus
984 3881 1168 3949 clementia
1183 3881 1413 3961 confirmatos,
1432 3885 1477 3951 de
1487 3884 1625 3971 legibus
1641 3882 1812 3951 Corneliis

402 3989 612 4075 subrogandis
628 3988 808 4077 cogitasse,
828 4008 1017 4073 eorumque
1029 3990 1197 4075 impeturn
1213 3987 1388 4055 Ciceronis
1405 3990 1564 4055 oratione
1578 3990 1623 4053 de
1634 3988 1810 4074 proscrip-

400 4106 515 4163 torum
525 4096 646 4163 libcris
653 4098 828 4184 paulisper
837 4116 1028 4184 repressum
1037 4098 1259 4180 studiumque
1269 4094 1507 4183 refrigeratum
1513 4095 1628 4179 luisse,
1641 4102 1810 4161 autumat.

400 4202 461 4268 cfr.
482 4182 648 4289 Quinctil.
673 4208 755 4274 inst.
779 4206 880 4271 anet.
900 4207 956 4270 xl.
980 4210 1037 4268 an.
1073 4203 1162 4267 run.
1187 4205 1232 4266 n.
1255 4206 1296 4271 Ν.
1322 4204 1396 4269 vn.
1423 4207 1473 4267 ει.
1505 4200 1574 4265 cic.
1595 4201 1762 4266 lacoon.
1781 4222 1811 4265 2.

401 4309 500 4375 Hanc
515 4310 609 4379 enim
629 4310 821 4381 orationem
843 4312 962 4381 Cicero
989 4308 1117 4379 Consul
1137 4309 1269 4380 aalma
1295 4308 1355 4379 cir.
1375 4307 1570 4377 Fabricii.
1592 4307 1663 4376 Cic.
1683 4328 1718 4394 p.
1740 4322 1808 4373 rra.
