<?xml version="1.0" encoding="UTF-8"?>
<!DOCTYPE html PUBLIC "-//W3C//DTD XHTML 1.0 Transitional//EN"
    "http://www.w3.org/TR/xhtml1/DTD/xhtml1-transitional.dtd">
<html xmlns="http://www.w3.org/1999/xhtml" xml:lang="en" lang="en">
 <head>
  <title>
</title>
<meta http-equiv="Content-Type" content="text/html;charset=utf-8" />
  <meta name='ocr-system' content='tesseract 3.04.00' />
  <meta name='ocr-capabilities' content='ocr_page ocr_carea ocr_par ocr_line ocrx_word'/>
</head>
<body>
  <div class='ocr_page' id='page_1' title='image "./salustiiquaeexs00sallgoog_0547.png"; bbox 0 0 4050 5009; ppageno 0'>
   <div class='ocr_carea' id='block_1_1' title="bbox 1519 449 1631 540">
    <p class='ocr_par' dir='ltr' id='par_1_1' title="bbox 1519 449 1631 540">
     <span class='ocr_line' id='line_1_1' title="bbox 1519 449 1631 540; baseline 0.009 -1"><span class='ocrx_word' id='word_1_1' title='bbox 1519 507 1525 514; x_wconf 91' lang='lat'><em>-</em></span> <span class='ocrx_word' id='word_1_2' title='bbox 1578 449 1631 540; x_wconf 74' lang='lat'><strong>39</strong></span> 
     </span>
    </p>
   </div>
   <div class='ocr_carea' id='block_1_2' title="bbox 212 624 1769 2207">
    <p class='ocr_par' dir='ltr' id='par_1_2' title="bbox 215 624 1769 1979">
     <span class='ocr_line' id='line_1_2' title="bbox 231 624 1632 737; baseline -0.003 -33"><span class='ocrx_word' id='word_1_3' title='bbox 231 628 428 734; x_wconf 83' lang='lat' dir='ltr'><strong>mcliisquc</strong></span> <span class='ocrx_word' id='word_1_4' title='bbox 439 631 672 724; x_wconf 87' lang='lat' dir='ltr'><strong>concitatus,</strong></span> <span class='ocrx_word' id='word_1_5' title='bbox 690 629 793 737; x_wconf 74' lang='lat' dir='ltr'><strong>quorl</strong></span> <span class='ocrx_word' id='word_1_6' title='bbox 807 630 936 706; x_wconf 85' lang='lat' dir='ltr'><strong>fructu</strong></span> <span class='ocrx_word' id='word_1_7' title='bbox 959 630 1098 706; x_wconf 84' lang='lat' dir='ltr'><strong>laboris</strong></span> <span class='ocrx_word' id='word_1_8' title='bbox 1115 626 1386 732; x_wconf 83' lang='lat' dir='ltr'><strong>industm&#39;aeque</strong></span> <span class='ocrx_word' id='word_1_9' title='bbox 1398 651 1491 702; x_wconf 80' lang='lat' dir='ltr'><strong>meae</strong></span> <span class='ocrx_word' id='word_1_10' title='bbox 1504 624 1632 730; x_wconf 81' lang='lat' dir='ltr'><strong>prim·</strong></span> 
     </span>
     <span class='ocr_line' id='line_1_3' title="bbox 231 753 1631 862; baseline -0.004 -34"><span class='ocrx_word' id='word_1_11' title='bbox 231 767 309 844; x_wconf 82' lang='lat' dir='ltr'><strong>tue,</strong></span> <span class='ocrx_word' id='word_1_12' title='bbox 332 771 474 830; x_wconf 84' lang='lat' dir='ltr'><strong>statum</strong></span> <span class='ocrx_word' id='word_1_13' title='bbox 490 755 687 862; x_wconf 82' lang='lat' dir='ltr'><strong>dignitatis</strong></span> <span class='ocrx_word' id='word_1_14' title='bbox 711 783 789 830; x_wconf 92' lang='lat' dir='ltr'><strong>non</strong></span> <span class='ocrx_word' id='word_1_15' title='bbox 808 753 1047 844; x_wconf 82' lang='lat' dir='ltr'><strong>obtinebam,</strong></span> <span class='ocrx_word' id='word_1_16' title='bbox 1070 754 1266 857; x_wconf 85' lang='lat' dir='ltr'><strong>publicam</strong></span> <span class='ocrx_word' id='word_1_17' title='bbox 1287 755 1511 828; x_wconf 91' lang='lat' dir='ltr'><strong>miserorum</strong></span> <span class='ocrx_word' id='word_1_18' title='bbox 1524 773 1631 824; x_wconf 85' lang='lat' dir='ltr'><strong>caus·</strong></span> 
     </span>
     <span class='ocr_line' id='line_1_4' title="bbox 224 873 1769 982; baseline -0.002 -32"><span class='ocrx_word' id='word_1_19' title='bbox 224 899 304 950; x_wconf 85' lang='lat' dir='ltr'><strong>sam</strong></span> <span class='ocrx_word' id='word_1_20' title='bbox 329 904 401 982; x_wconf 89' lang='lat' dir='ltr'><strong>pro</strong></span> <span class='ocrx_word' id='word_1_21' title='bbox 421 905 503 953; x_wconf 84' lang='lat' dir='ltr'><strong>mea</strong></span> <span class='ocrx_word' id='word_1_22' title='bbox 531 879 805 954; x_wconf 87' lang='lat' dir='ltr'><strong>consuetudine</strong></span> <span class='ocrx_word' id='word_1_23' title='bbox 829 877 1000 981; x_wconf 77' lang='lat' dir='ltr'><strong>suscepi:</strong></span> <span class='ocrx_word' id='word_1_24' title='bbox 1034 903 1115 951; x_wconf 92' lang='lat' dir='ltr'><strong>non</strong></span> <span class='ocrx_word' id='word_1_25' title='bbox 1145 877 1244 980; x_wconf 86' lang='lat' dir='ltr'><strong>quin</strong></span> <span class='ocrx_word' id='word_1_26' title='bbox 1265 901 1313 950; x_wconf 77' lang='lat' dir='ltr'><strong>ms</strong></span> <span class='ocrx_word' id='word_1_27' title='bbox 1345 875 1515 950; x_wconf 90' lang='lat' dir='ltr'><strong>alienum</strong></span> <span class='ocrx_word' id='word_1_28' title='bbox 1537 873 1630 948; x_wconf 80' lang='lat' dir='ltr'><strong>meis</strong></span> <span class='ocrx_word' id='word_1_29' title='bbox 1756 885 1769 894; x_wconf 81' lang='lat'>&#39;</span> 
     </span>
     <span class='ocr_line' id='line_1_5' title="bbox 224 997 1632 1104; baseline -0.001 -31"><span class='ocrx_word' id='word_1_30' title='bbox 224 999 449 1075; x_wconf 86' lang='lat' dir='ltr'><strong>nominibus</strong></span> <span class='ocrx_word' id='word_1_31' title='bbox 469 1027 514 1074; x_wconf 82' lang='lat' dir='ltr'><strong>ex</strong></span> <span class='ocrx_word' id='word_1_32' title='bbox 533 1001 822 1104; x_wconf 83' lang='lat' dir='ltr'><strong>possessionibus</strong></span> <span class='ocrx_word' id='word_1_33' title='bbox 844 1000 986 1074; x_wconf 85' lang='lat' dir='ltr'><strong>solvere</strong></span> <span class='ocrx_word' id='word_1_34' title='bbox 1012 1025 1172 1102; x_wconf 79' lang='lat' dir='ltr'><strong>possem3</strong></span> <span class='ocrx_word' id='word_1_35' title='bbox 1205 1027 1328 1102; x_wconf 88' lang='lat' dir='ltr'><strong>quum</strong></span> <span class='ocrx_word' id='word_1_36' title='bbox 1350 1013 1388 1074; x_wconf 88' lang='lat' dir='ltr'><strong>ct</strong></span> <span class='ocrx_word' id='word_1_37' title='bbox 1406 997 1540 1072; x_wconf 84' lang='lat' dir='ltr'><strong>alienis</strong></span> <span class='ocrx_word' id='word_1_38' title='bbox 1559 1021 1632 1072; x_wconf 87' lang='lat' dir='ltr'><strong>no·</strong></span> 
     </span>
     <span class='ocr_line' id='line_1_6' title="bbox 224 1117 1630 1226; baseline 0 -30"><span class='ocrx_word' id='word_1_39' title='bbox 224 1121 397 1196; x_wconf 84' lang='lat' dir='ltr'><strong>minibus</strong></span> <span class='ocrx_word' id='word_1_40' title='bbox 422 1123 627 1198; x_wconf 83' lang='lat' dir='ltr'><strong>liberalitas</strong></span> <span class='ocrx_word' id='word_1_41' title='bbox 650 1124 838 1199; x_wconf 86' lang='lat' dir='ltr'><strong>Orestillae</strong></span> <span class='ocrx_word' id='word_1_42' title='bbox 861 1123 937 1198; x_wconf 84' lang='lat' dir='ltr'><strong>suis</strong></span> <span class='ocrx_word' id='word_1_43' title='bbox 957 1121 1121 1225; x_wconf 81' lang='lat' dir='ltr'><strong>filiaeque</strong></span> <span class='ocrx_word' id='word_1_44' title='bbox 1141 1122 1260 1226; x_wconf 87' lang='lat' dir='ltr'><strong>copiis</strong></span> <span class='ocrx_word' id='word_1_45' title='bbox 1289 1122 1541 1226; x_wconf 73' lang='lat' dir='ltr'><strong>persolveret:</strong></span> <span class='ocrx_word' id='word_1_46' title='bbox 1564 1117 1630 1196; x_wconf 86' lang='lat' dir='ltr'><strong>sed</strong></span> 
     </span>
     <span class='ocr_line' id='line_1_7' title="bbox 222 1243 1629 1350; baseline 0.001 -33"><span class='ocrx_word' id='word_1_47' title='bbox 222 1243 329 1346; x_wconf 82' lang='lat' dir='ltr'><strong>quod</strong></span> <span class='ocrx_word' id='word_1_48' title='bbox 357 1273 436 1318; x_wconf 92' lang='lat' dir='ltr'><strong>non</strong></span> <span class='ocrx_word' id='word_1_49' title='bbox 468 1245 600 1350; x_wconf 76' lang='lat' dir='ltr'><strong>dignos</strong></span> <span class='ocrx_word' id='word_1_50' title='bbox 628 1245 800 1321; x_wconf 89' lang='lat' dir='ltr'><strong>homines</strong></span> <span class='ocrx_word' id='word_1_51' title='bbox 832 1245 979 1321; x_wconf 87' lang='lat' dir='ltr'><strong>honore</strong></span> <span class='ocrx_word' id='word_1_52' title='bbox 1006 1243 1224 1321; x_wconf 82' lang='lat' dir='ltr'><strong>honestatos</strong></span> <span class='ocrx_word' id='word_1_53' title='bbox 1255 1245 1459 1336; x_wconf 80' lang='lat' dir='ltr'><strong>videbam,</strong></span> <span class='ocrx_word' id='word_1_54' title='bbox 1491 1269 1629 1348; x_wconf 82' lang='lat' dir='ltr'><strong>meque</strong></span> 
     </span>
     <span class='ocr_line' id='line_1_8' title="bbox 224 1365 1627 1470; baseline 0.001 -30"><span class='ocrx_word' id='word_1_55' title='bbox 224 1367 318 1442; x_wconf 80' lang='lat' dir='ltr'><strong>falsa</strong></span> <span class='ocrx_word' id='word_1_56' title='bbox 342 1367 556 1470; x_wconf 85' lang='lat' dir='ltr'><strong>suspicione</strong></span> <span class='ocrx_word' id='word_1_57' title='bbox 577 1369 788 1444; x_wconf 86' lang='lat' dir='ltr'><strong>alienatum</strong></span> <span class='ocrx_word' id='word_1_58' title='bbox 806 1395 880 1444; x_wconf 78' lang='lat' dir='ltr'><strong>esse</strong></span> <span class='ocrx_word' id='word_1_59' title='bbox 904 1369 1122 1444; x_wconf 77' lang='lat' dir='ltr'><strong>sentiebam.</strong></span> <span class='ocrx_word' id='word_1_60' title='bbox 1160 1371 1245 1443; x_wconf 89' lang='lat' dir='ltr'><strong>Hoc</strong></span> <span class='ocrx_word' id='word_1_61' title='bbox 1265 1368 1422 1443; x_wconf 90' lang='lat' dir='ltr'><strong>nomine</strong></span> <span class='ocrx_word' id='word_1_62' title='bbox 1447 1367 1536 1442; x_wconf 87' lang='lat' dir='ltr'><strong>satis</strong></span> <span class='ocrx_word' id='word_1_63' title='bbox 1557 1365 1627 1442; x_wconf 92' lang='lat' dir='ltr'><strong>ho·</strong></span> 
     </span>
     <span class='ocr_line' id='line_1_9' title="bbox 219 1490 1628 1596; baseline 0.001 -33"><span class='ocrx_word' id='word_1_64' title='bbox 219 1507 363 1578; x_wconf 77' lang='lat' dir='ltr'><strong>nestas,</strong></span> <span class='ocrx_word' id='word_1_65' title='bbox 399 1516 470 1594; x_wconf 92' lang='lat' dir='ltr'><strong>pro</strong></span> <span class='ocrx_word' id='word_1_66' title='bbox 493 1517 576 1566; x_wconf 91' lang='lat' dir='ltr'><strong>meo</strong></span> <span class='ocrx_word' id='word_1_67' title='bbox 606 1519 716 1583; x_wconf 87' lang='lat' dir='ltr'><strong>casu,</strong></span> <span class='ocrx_word' id='word_1_68' title='bbox 740 1519 821 1596; x_wconf 84' lang='lat' dir='ltr'><strong>spos</strong></span> <span class='ocrx_word' id='word_1_69' title='bbox 845 1492 1002 1594; x_wconf 76' lang='lat' dir='ltr'><strong>reliqum</strong></span> <span class='ocrx_word' id='word_1_70' title='bbox 1034 1491 1231 1596; x_wconf 82' lang='lat' dir='ltr'><strong>dignitatis</strong></span> <span class='ocrx_word' id='word_1_71' title='bbox 1244 1490 1519 1567; x_wconf 77' lang='lat' dir='ltr'><strong>&#39;conservandae</strong></span> <span class='ocrx_word' id='word_1_72' title='bbox 1541 1515 1628 1566; x_wconf 82' lang='lat' dir='ltr'><strong>sum</strong></span> 
     </span>
     <span class='ocr_line' id='line_1_10' title="bbox 216 1613 1627 1718; baseline 0.003 -32"><span class='ocrx_word' id='word_1_73' title='bbox 216 1629 412 1714; x_wconf 84' lang='lat' dir='ltr'><strong>sequutus.</strong></span> <span class='ocrx_word' id='word_1_74' title='bbox 438 1613 551 1688; x_wconf 91' lang='lat' dir='ltr'><strong>Plura</strong></span> <span class='ocrx_word' id='word_1_75' title='bbox 575 1641 698 1718; x_wconf 78' lang='lat' dir='ltr'><strong>quum</strong></span> <span class='ocrx_word' id='word_1_76' title='bbox 722 1615 884 1689; x_wconf 86' lang='lat' dir='ltr'><strong>scribere</strong></span> <span class='ocrx_word' id='word_1_77' title='bbox 905 1614 1061 1704; x_wconf 85' lang='lat' dir='ltr'><strong>vellem,</strong></span> <span class='ocrx_word' id='word_1_78' title='bbox 1080 1615 1310 1690; x_wconf 88' lang='lat' dir='ltr'><strong>nunciatum</strong></span> <span class='ocrx_word' id='word_1_79' title='bbox 1332 1632 1404 1704; x_wconf 87' lang='lat' dir='ltr'><strong>est,</strong></span> <span class='ocrx_word' id='word_1_80' title='bbox 1427 1615 1505 1691; x_wconf 86' lang='lat' dir='ltr'><strong>vim</strong></span> <span class='ocrx_word' id='word_1_81' title='bbox 1529 1613 1627 1690; x_wconf 89' lang='lat' dir='ltr'><strong>mihi</strong></span> 
     </span>
     <span class='ocr_line' id='line_1_11' title="bbox 215 1735 1627 1839; baseline 0.003 -32"><span class='ocrx_word' id='word_1_82' title='bbox 215 1735 359 1837; x_wconf 87' lang='lat' dir='ltr'><strong>parari.</strong></span> <span class='ocrx_word' id='word_1_83' title='bbox 392 1738 505 1810; x_wconf 84' lang='lat' dir='ltr'><strong>Nunc</strong></span> <span class='ocrx_word' id='word_1_84' title='bbox 523 1737 741 1812; x_wconf 73' lang='lat' dir='ltr'><strong>Orestillam</strong></span> <span class='ocrx_word' id='word_1_85' title='bbox 761 1737 986 1811; x_wconf 86' lang='lat' dir='ltr'><strong>commendo</strong></span> <span class='ocrx_word' id='word_1_86' title='bbox 1013 1753 1163 1839; x_wconf 85' lang='lat' dir='ltr'><strong>tuaeque</strong></span> <span class='ocrx_word' id='word_1_87' title='bbox 1186 1737 1273 1812; x_wconf 81' lang='lat' dir='ltr'><strong>lidci</strong></span> <span class='ocrx_word' id='word_1_88' title='bbox 1304 1738 1437 1833; x_wconf 81' lang='lat' dir='ltr'><strong>trad03</strong></span> <span class='ocrx_word' id='word_1_89' title='bbox 1460 1764 1544 1812; x_wconf 84' lang='lat' dir='ltr'><strong>eam</strong></span> <span class='ocrx_word' id='word_1_90' title='bbox 1577 1737 1627 1812; x_wconf 87' lang='lat' dir='ltr'><strong>ab</strong></span> 
     </span>
     <span class='ocr_line' id='line_1_12' title="bbox 217 1856 1333 1979; baseline 0.002 -47"><span class='ocrx_word' id='word_1_91' title='bbox 217 1857 366 1932; x_wconf 89' lang='lat' dir='ltr'><strong>iniuria</strong></span> <span class='ocrx_word' id='word_1_92' title='bbox 384 1857 580 1949; x_wconf 82' lang='lat' dir='ltr'><strong>defendas,</strong></span> <span class='ocrx_word' id='word_1_93' title='bbox 606 1885 675 1964; x_wconf 86' lang='lat' dir='ltr'><strong>per</strong></span> <span class='ocrx_word' id='word_1_94' title='bbox 697 1860 834 1934; x_wconf 89' lang='lat' dir='ltr'><strong>liberos</strong></span> <span class='ocrx_word' id='word_1_95' title='bbox 858 1875 941 1934; x_wconf 88' lang='lat' dir='ltr'><strong>tuos</strong></span> <span class='ocrx_word' id='word_1_96' title='bbox 964 1873 1134 1979; x_wconf 71' lang='lat' dir='ltr'><strong>rogatus3</strong></span> <span class='ocrx_word' id='word_1_97' title='bbox 1156 1856 1333 1934; x_wconf 83' lang='lat' dir='ltr'><strong>bavet0.”</strong></span> 
     </span>
    </p>

    <p class='ocr_par' dir='ltr' id='par_1_3' title="bbox 212 1980 1678 2207">
     <span class='ocr_line' id='line_1_13' title="bbox 322 1980 1678 2086; baseline -0.001 -32"><span class='ocrx_word' id='word_1_98' title='bbox 322 1980 395 2054; x_wconf 89' lang='lat' dir='ltr'><strong>Sed</strong></span> <span class='ocrx_word' id='word_1_99' title='bbox 430 1981 510 2084; x_wconf 88' lang='lat' dir='ltr'><strong>ipse</strong></span> <span class='ocrx_word' id='word_1_100' title='bbox 544 2009 685 2084; x_wconf 88' lang='lat' dir='ltr'><strong>paucos</strong></span> <span class='ocrx_word' id='word_1_101' title='bbox 725 1981 802 2056; x_wconf 87' lang='lat' dir='ltr'><strong>dies</strong></span> <span class='ocrx_word' id='word_1_102' title='bbox 832 1997 1086 2056; x_wconf 86' lang='lat' dir='ltr'><strong>commoratus</strong></span> <span class='ocrx_word' id='word_1_103' title='bbox 1118 1983 1222 2086; x_wconf 88' lang='lat' dir='ltr'><strong>apud</strong></span> <span class='ocrx_word' id='word_1_104' title='bbox 1252 1986 1290 2058; x_wconf 75' lang='lat' dir='ltr'><strong>G</strong></span> <span class='ocrx_word' id='word_1_105' title='bbox 1316 1981 1552 2058; x_wconf 84' lang='lat' dir='ltr'><strong>Flaminium</strong></span> <span class='ocrx_word' id='word_1_106' title='bbox 1581 1982 1623 2057; x_wconf 85' lang='lat' dir='ltr'><strong>in</strong></span> <span class='ocrx_word' id='word_1_107' title='bbox 1637 1988 1678 2050; x_wconf 76' lang='lat'><strong>36</strong></span> 
     </span>
     <span class='ocr_line' id='line_1_14' title="bbox 212 2084 1626 2207; baseline 0.001 -29"><span class='ocrx_word' id='word_1_108' title='bbox 212 2130 309 2207; x_wconf 78' lang='lat' dir='ltr'><strong>agro</strong></span> <span class='ocrx_word' id='word_1_109' title='bbox 334 2103 528 2192; x_wconf 85' lang='lat' dir='ltr'><strong>Arretino,</strong></span> <span class='ocrx_word' id='word_1_110' title='bbox 551 2084 662 2180; x_wconf 41' lang='lat' dir='ltr'><strong>dum·</strong></span> <span class='ocrx_word' id='word_1_111' title='bbox 676 2105 930 2194; x_wconf 79' lang='lat' dir='ltr'><strong>vicinitatem,</strong></span> <span class='ocrx_word' id='word_1_112' title='bbox 958 2121 1069 2178; x_wconf 80' lang='lat' dir='ltr'><strong>antea</strong></span> <span class='ocrx_word' id='word_1_113' title='bbox 1094 2106 1355 2194; x_wconf 86' lang='lat' dir='ltr'><strong>sollicitatam,</strong></span> <span class='ocrx_word' id='word_1_114' title='bbox 1378 2107 1492 2181; x_wconf 90' lang='lat' dir='ltr'><strong>armis</strong></span> <span class='ocrx_word' id='word_1_115' title='bbox 1518 2133 1626 2181; x_wconf 82' lang='lat' dir='ltr'><strong>exor-</strong></span> 
     </span>
    </p>
   </div>
   <div class='ocr_carea' id='block_1_3' title="bbox 198 2324 1664 3968">
    <p class='ocr_par' dir='ltr' id='par_1_4' title="bbox 198 2324 1664 3968">
     <span class='ocr_line' id='line_1_15' title="bbox 210 2324 1624 2394; baseline 0.003 -12"><span class='ocrx_word' id='word_1_116' title='bbox 210 2346 261 2382; x_wconf 88' lang='lat' dir='ltr'><strong>m.</strong></span> <span class='ocrx_word' id='word_1_117' title='bbox 282 2344 385 2386; x_wconf 75' lang='lat' dir='ltr'><strong>urmes</strong></span> <span class='ocrx_word' id='word_1_118' title='bbox 402 2325 441 2390; x_wconf 88' lang='lat' dir='ltr'><strong>ul.</strong></span> <span class='ocrx_word' id='word_1_119' title='bbox 462 2324 531 2391; x_wconf 83' lang='lat' dir='ltr'><strong>Tur.</strong></span> <span class='ocrx_word' id='word_1_120' title='bbox 547 2347 572 2386; x_wconf 80' lang='lat' dir='ltr'><strong>a.</strong></span> <span class='ocrx_word' id='word_1_121' title='bbox 601 2325 742 2386; x_wconf 78' lang='lat' dir='ltr'><strong>nominib.</strong></span> <span class='ocrx_word' id='word_1_122' title='bbox 763 2327 849 2386; x_wconf 82' lang='lat' dir='ltr'><strong>delet.</strong></span> <span class='ocrx_word' id='word_1_123' title='bbox 872 2327 951 2386; x_wconf 71' lang='lat' dir='ltr'><strong>Lrizl.</strong></span> <span class='ocrx_word' id='word_1_124' title='bbox 967 2349 998 2387; x_wconf 79' lang='lat' dir='ltr'><strong>m</strong></span> <span class='ocrx_word' id='word_1_125' title='bbox 1018 2333 1072 2390; x_wconf 72' lang='lat' dir='ltr'><strong>sed</strong></span> <span class='ocrx_word' id='word_1_126' title='bbox 1082 2339 1109 2389; x_wconf 84' lang='lat' dir='ltr'><strong>et</strong></span> <span class='ocrx_word' id='word_1_127' title='bbox 1128 2329 1241 2390; x_wconf 72' lang='lat' dir='ltr'><strong>olienis</strong></span> <span class='ocrx_word' id='word_1_128' title='bbox 1273 2329 1370 2394; x_wconf 80' lang='lat' dir='ltr'><strong>Goell.</strong></span> <span class='ocrx_word' id='word_1_129' title='bbox 1389 2351 1413 2388; x_wconf 83' lang='lat' dir='ltr'><strong>r.</strong></span> <span class='ocrx_word' id='word_1_130' title='bbox 1434 2329 1495 2387; x_wconf 86' lang='lat' dir='ltr'><strong>Bas.</strong></span> <span class='ocrx_word' id='word_1_131' title='bbox 1510 2348 1534 2387; x_wconf 78' lang='lat' dir='ltr'><strong>r.</strong></span> <span class='ocrx_word' id='word_1_132' title='bbox 1553 2328 1624 2388; x_wconf 80' lang='lat' dir='ltr'><strong>Seu.</strong></span> 
     </span>
     <span class='ocr_line' id='line_1_16' title="bbox 214 2427 1624 2514; baseline 0.002 -25"><span class='ocrx_word' id='word_1_133' title='bbox 214 2449 249 2489; x_wconf 83' lang='lat'><strong>2.</strong></span> <span class='ocrx_word' id='word_1_134' title='bbox 268 2427 354 2486; x_wconf 86' lang='lat' dir='ltr'><strong>lleus.</strong></span> <span class='ocrx_word' id='word_1_135' title='bbox 375 2429 443 2486; x_wconf 82' lang='lat' dir='ltr'><strong>Nae.</strong></span> <span class='ocrx_word' id='word_1_136' title='bbox 466 2428 569 2490; x_wconf 79' lang='lat' dir='ltr'><strong>olienis</strong></span> <span class='ocrx_word' id='word_1_137' title='bbox 581 2432 625 2491; x_wconf 83' lang='lat' dir='ltr'><strong>iis.</strong></span> <span class='ocrx_word' id='word_1_138' title='bbox 647 2431 730 2490; x_wconf 83' lang='lat' dir='ltr'><strong>Beru.</strong></span> <span class='ocrx_word' id='word_1_139' title='bbox 749 2451 774 2489; x_wconf 83' lang='lat' dir='ltr'><strong>r.</strong></span> <span class='ocrx_word' id='word_1_140' title='bbox 795 2453 834 2488; x_wconf 88' lang='lat' dir='ltr'><strong>m.</strong></span> <span class='ocrx_word' id='word_1_141' title='bbox 848 2453 893 2512; x_wconf 90' lang='lat' dir='ltr'><strong>pr.</strong></span> <span class='ocrx_word' id='word_1_142' title='bbox 914 2443 941 2491; x_wconf 82' lang='lat' dir='ltr'><strong>el</strong></span> <span class='ocrx_word' id='word_1_143' title='bbox 956 2434 1068 2495; x_wconf 79' lang='lat' dir='ltr'><strong>alicnis.</strong></span> <span class='ocrx_word' id='word_1_144' title='bbox 1091 2435 1168 2514; x_wconf 83' lang='lat' dir='ltr'><strong>(cum</strong></span> <span class='ocrx_word' id='word_1_145' title='bbox 1181 2437 1257 2493; x_wconf 85' lang='lat' dir='ltr'><strong>inter</strong></span> <span class='ocrx_word' id='word_1_146' title='bbox 1274 2435 1374 2512; x_wconf 81' lang='lat' dir='ltr'><strong>lineas)</strong></span> <span class='ocrx_word' id='word_1_147' title='bbox 1396 2435 1493 2493; x_wconf 79' lang='lat' dir='ltr'><strong>Guell.</strong></span> <span class='ocrx_word' id='word_1_148' title='bbox 1505 2433 1532 2493; x_wconf 85' lang='lat'><strong>5.</strong></span> <span class='ocrx_word' id='word_1_149' title='bbox 1554 2435 1624 2492; x_wconf 79' lang='lat' dir='ltr'><strong>vin.</strong></span> 
     </span>
     <span class='ocr_line' id='line_1_17' title="bbox 215 2531 1623 2619; baseline 0.004 -29"><span class='ocrx_word' id='word_1_150' title='bbox 215 2553 248 2590; x_wconf 85' lang='lat'><strong>1.</strong></span> <span class='ocrx_word' id='word_1_151' title='bbox 272 2531 338 2590; x_wconf 81' lang='lat' dir='ltr'><strong>Ecc.</strong></span> <span class='ocrx_word' id='word_1_152' title='bbox 359 2531 447 2590; x_wconf 79' lang='lat' dir='ltr'><strong>Palat.</strong></span> <span class='ocrx_word' id='word_1_153' title='bbox 459 2536 486 2592; x_wconf 84' lang='lat'><strong>3.</strong></span> <span class='ocrx_word' id='word_1_154' title='bbox 508 2531 576 2592; x_wconf 86' lang='lat' dir='ltr'><strong>Tur.</strong></span> <span class='ocrx_word' id='word_1_155' title='bbox 591 2557 615 2592; x_wconf 86' lang='lat'><strong>1.</strong></span> <span class='ocrx_word' id='word_1_156' title='bbox 637 2554 702 2594; x_wconf 86' lang='lat' dir='ltr'><strong>cum</strong></span> <span class='ocrx_word' id='word_1_157' title='bbox 716 2543 744 2592; x_wconf 85' lang='lat' dir='ltr'><strong>el</strong></span> <span class='ocrx_word' id='word_1_158' title='bbox 757 2535 796 2598; x_wconf 89' lang='lat' dir='ltr'><strong>ol.</strong></span> <span class='ocrx_word' id='word_1_159' title='bbox 812 2535 880 2618; x_wconf 82' lang='lat' dir='ltr'><strong>Tcg.</strong></span> <span class='ocrx_word' id='word_1_160' title='bbox 902 2535 963 2600; x_wconf 83' lang='lat' dir='ltr'><strong>llas.</strong></span> <span class='ocrx_word' id='word_1_161' title='bbox 980 2558 1006 2595; x_wconf 86' lang='lat'><strong>2.</strong></span> <span class='ocrx_word' id='word_1_162' title='bbox 1026 2539 1113 2596; x_wconf 84' lang='lat' dir='ltr'><strong>Palat.</strong></span> <span class='ocrx_word' id='word_1_163' title='bbox 1133 2540 1162 2608; x_wconf 72' lang='lat' dir='ltr'><strong>l.</strong></span> <span class='ocrx_word' id='word_1_164' title='bbox 1178 2541 1206 2598; x_wconf 81' lang='lat'><strong>8.</strong></span> <span class='ocrx_word' id='word_1_165' title='bbox 1223 2561 1252 2619; x_wconf 89' lang='lat'><strong>9.</strong></span> <span class='ocrx_word' id='word_1_166' title='bbox 1275 2539 1359 2597; x_wconf 84' lang='lat' dir='ltr'><strong>Beru.</strong></span> <span class='ocrx_word' id='word_1_167' title='bbox 1375 2560 1399 2597; x_wconf 86' lang='lat'><strong>1.</strong></span> <span class='ocrx_word' id='word_1_168' title='bbox 1420 2539 1490 2597; x_wconf 85' lang='lat' dir='ltr'><strong>Tur.</strong></span> <span class='ocrx_word' id='word_1_169' title='bbox 1508 2560 1534 2598; x_wconf 83' lang='grc' dir='ltr'><strong>ι.</strong></span> <span class='ocrx_word' id='word_1_170' title='bbox 1554 2557 1623 2597; x_wconf 83' lang='lat' dir='ltr'><strong>cum</strong></span> 
     </span>
     <span class='ocr_line' id='line_1_18' title="bbox 206 2633 1621 2724; baseline 0.006 -31"><span class='ocrx_word' id='word_1_171' title='bbox 206 2633 305 2694; x_wconf 76' lang='lat' dir='ltr'><strong>alicu.</strong></span> <span class='ocrx_word' id='word_1_172' title='bbox 319 2635 460 2694; x_wconf 72' lang='lat' dir='ltr'><strong>nornritib.</strong></span> <span class='ocrx_word' id='word_1_173' title='bbox 482 2635 594 2696; x_wconf 85' lang='lat' dir='ltr'><strong>Fabrie.</strong></span> <span class='ocrx_word' id='word_1_174' title='bbox 615 2657 639 2694; x_wconf 86' lang='lat'><strong>1.</strong></span> <span class='ocrx_word' id='word_1_175' title='bbox 657 2657 682 2695; x_wconf 86' lang='lat'><strong>2.</strong></span> <span class='ocrx_word' id='word_1_176' title='bbox 704 2635 803 2696; x_wconf 84' lang='lat' dir='ltr'><strong>Guell.</strong></span> <span class='ocrx_word' id='word_1_177' title='bbox 816 2639 844 2696; x_wconf 88' lang='grc'><strong>6.</strong></span> <span class='ocrx_word' id='word_1_178' title='bbox 855 2661 884 2718; x_wconf 80' lang='lat'><strong>9.</strong></span> <span class='ocrx_word' id='word_1_179' title='bbox 906 2639 981 2698; x_wconf 81' lang='lat' dir='ltr'><strong>Erlit.</strong></span> <span class='ocrx_word' id='word_1_180' title='bbox 999 2641 1084 2716; x_wconf 72' lang='lat' dir='ltr'><strong>Paris.</strong></span> <span class='ocrx_word' id='word_1_181' title='bbox 1107 2640 1186 2700; x_wconf 86' lang='lat' dir='ltr'><strong>Leid.</strong></span> <span class='ocrx_word' id='word_1_182' title='bbox 1200 2643 1231 2700; x_wconf 91' lang='lat' dir='ltr'><strong>b.</strong></span> <span class='ocrx_word' id='word_1_183' title='bbox 1252 2643 1340 2702; x_wconf 75' lang='lat' dir='ltr'><strong>Pelet.</strong></span> <span class='ocrx_word' id='word_1_184' title='bbox 1354 2667 1381 2724; x_wconf 94' lang='lat'><strong>7.</strong></span> <span class='ocrx_word' id='word_1_185' title='bbox 1403 2653 1429 2702; x_wconf 81' lang='lat' dir='ltr'><strong>ct</strong></span> <span class='ocrx_word' id='word_1_186' title='bbox 1446 2663 1513 2703; x_wconf 76' lang='lat' dir='ltr'><strong>mon</strong></span> <span class='ocrx_word' id='word_1_187' title='bbox 1533 2643 1621 2702; x_wconf 81' lang='lat' dir='ltr'><strong>alien.</strong></span> 
     </span>
     <span class='ocr_line' id='line_1_19' title="bbox 206 2739 1621 2818; baseline 0.008 -23"><span class='ocrx_word' id='word_1_188' title='bbox 206 2739 315 2796; x_wconf 86' lang='lat' dir='ltr'><strong>Guell.</strong></span> <span class='ocrx_word' id='word_1_189' title='bbox 333 2741 403 2818; x_wconf 85' lang='lat'><strong>7.8.</strong></span> <span class='ocrx_word' id='word_1_190' title='bbox 432 2739 550 2798; x_wconf 82' lang='lat' dir='ltr'><strong>Palatio.</strong></span> <span class='ocrx_word' id='word_1_191' title='bbox 569 2761 596 2798; x_wconf 76' lang='lat' dir='ltr'><strong>r.</strong></span> <span class='ocrx_word' id='word_1_192' title='bbox 612 2761 656 2798; x_wconf 82' lang='lat' dir='ltr'><strong>rr.</strong></span> <span class='ocrx_word' id='word_1_193' title='bbox 672 2759 717 2799; x_wconf 62' lang='grc' dir='ltr'><strong>ιη.</strong></span> <span class='ocrx_word' id='word_1_194' title='bbox 742 2744 793 2800; x_wconf 84' lang='lat' dir='ltr'><strong>sed</strong></span> <span class='ocrx_word' id='word_1_195' title='bbox 808 2763 875 2801; x_wconf 74' lang='lat' dir='ltr'><strong>runs</strong></span> <span class='ocrx_word' id='word_1_196' title='bbox 893 2744 980 2802; x_wconf 81' lang='lat' dir='ltr'><strong>alien.</strong></span> <span class='ocrx_word' id='word_1_197' title='bbox 1003 2745 1090 2804; x_wconf 86' lang='lat' dir='ltr'><strong>Palat.</strong></span> <span class='ocrx_word' id='word_1_198' title='bbox 1109 2747 1137 2804; x_wconf 77' lang='lat' dir='ltr'><strong>G.</strong></span> <span class='ocrx_word' id='word_1_199' title='bbox 1168 2767 1235 2804; x_wconf 82' lang='lat' dir='ltr'><strong>rum</strong></span> <span class='ocrx_word' id='word_1_200' title='bbox 1247 2747 1335 2806; x_wconf 75' lang='lat' dir='ltr'><strong>eriam</strong></span> <span class='ocrx_word' id='word_1_201' title='bbox 1352 2748 1506 2813; x_wconf 68' lang='lat' dir='ltr'><strong>etulieuis.</strong></span> <span class='ocrx_word' id='word_1_202' title='bbox 1533 2752 1621 2810; x_wconf 83' lang='lat' dir='ltr'><strong>Palat.</strong></span> 
     </span>
     <span class='ocr_line' id='line_1_20' title="bbox 211 2843 1620 2916; baseline 0.007 -14"><span class='ocrx_word' id='word_1_203' title='bbox 211 2845 245 2902; x_wconf 90' lang='grc'><strong>5.</strong></span> <span class='ocrx_word' id='word_1_204' title='bbox 265 2862 311 2900; x_wconf 85' lang='grc' dir='ltr'><strong>ιο.</strong></span> <span class='ocrx_word' id='word_1_205' title='bbox 331 2843 491 2901; x_wconf 84' lang='lat' dir='ltr'><strong>alienatum</strong></span> <span class='ocrx_word' id='word_1_206' title='bbox 504 2863 570 2908; x_wconf 87' lang='lat' dir='ltr'><strong>esse.</strong></span> <span class='ocrx_word' id='word_1_207' title='bbox 600 2845 659 2904; x_wconf 86' lang='lat' dir='ltr'><strong>Erl.</strong></span> <span class='ocrx_word' id='word_1_208' title='bbox 680 2844 741 2904; x_wconf 84' lang='lat' dir='ltr'><strong>llas.</strong></span> <span class='ocrx_word' id='word_1_209' title='bbox 762 2865 786 2904; x_wconf 86' lang='lat'><strong>1.</strong></span> <span class='ocrx_word' id='word_1_210' title='bbox 803 2865 829 2904; x_wconf 84' lang='lat' dir='ltr'><strong>a.</strong></span> <span class='ocrx_word' id='word_1_211' title='bbox 847 2848 915 2916; x_wconf 69' lang='grc' dir='ltr'><strong>Μ.</strong></span> <span class='ocrx_word' id='word_1_212' title='bbox 936 2848 1004 2912; x_wconf 87' lang='lat' dir='ltr'><strong>Tur.</strong></span> <span class='ocrx_word' id='word_1_213' title='bbox 1021 2870 1045 2906; x_wconf 88' lang='grc' dir='ltr'><strong>ι.</strong></span> <span class='ocrx_word' id='word_1_214' title='bbox 1061 2869 1093 2908; x_wconf 78' lang='lat' dir='ltr'><strong>a.</strong></span> <span class='ocrx_word' id='word_1_215' title='bbox 1116 2871 1219 2908; x_wconf 83' lang='lat' dir='ltr'><strong>onrues</strong></span> <span class='ocrx_word' id='word_1_216' title='bbox 1229 2851 1309 2910; x_wconf 88' lang='lat' dir='ltr'><strong>Leid.</strong></span> <span class='ocrx_word' id='word_1_217' title='bbox 1332 2853 1463 2912; x_wconf 85' lang='lat' dir='ltr'><strong>Palatini.</strong></span> <span class='ocrx_word' id='word_1_218' title='bbox 1493 2852 1579 2912; x_wconf 84' lang='lat' dir='ltr'><strong>Beru.</strong></span> <span class='ocrx_word' id='word_1_219' title='bbox 1595 2874 1620 2912; x_wconf 90' lang='grc' dir='ltr'><strong>ι.</strong></span> 
     </span>
     <span class='ocr_line' id='line_1_21' title="bbox 209 2946 1624 3028; baseline 0.008 -24"><span class='ocrx_word' id='word_1_220' title='bbox 209 2969 242 3004; x_wconf 81' lang='lat'><strong>2.</strong></span> <span class='ocrx_word' id='word_1_221' title='bbox 262 2949 289 3007; x_wconf 88' lang='lat'><strong>3.</strong></span> <span class='ocrx_word' id='word_1_222' title='bbox 320 2946 912 3028; x_wconf 52' lang='lat' dir='ltr'><strong>botigrnoshssuelt.1.7.11.Bas.r.</strong></span> <span class='ocrx_word' id='word_1_223' title='bbox 942 2951 1039 3013; x_wconf 79' lang='lat' dir='ltr'><strong>Strur.</strong></span> <span class='ocrx_word' id='word_1_224' title='bbox 1059 2951 1119 3012; x_wconf 82' lang='lat' dir='ltr'><strong>Erl.</strong></span> <span class='ocrx_word' id='word_1_225' title='bbox 1141 2954 1262 3018; x_wconf 67' lang='lat' dir='ltr'><strong>Leito.</strong></span> <span class='ocrx_word' id='word_1_226' title='bbox 1281 2957 1332 3014; x_wconf 86' lang='lat' dir='ltr'><strong>sed</strong></span> <span class='ocrx_word' id='word_1_227' title='bbox 1346 2956 1408 3016; x_wconf 82' lang='lat' dir='ltr'><strong>Bos.</strong></span> <span class='ocrx_word' id='word_1_228' title='bbox 1426 2978 1451 3020; x_wconf 87' lang='lat' dir='ltr'><strong>r.</strong></span> <span class='ocrx_word' id='word_1_229' title='bbox 1471 2957 1555 3018; x_wconf 81' lang='lat' dir='ltr'><strong>addit</strong></span> <span class='ocrx_word' id='word_1_230' title='bbox 1574 2957 1624 3017; x_wconf 83' lang='lat' dir='ltr'><strong>vel</strong></span> 
     </span>
     <span class='ocr_line' id='line_1_22' title="bbox 205 3051 1620 3140; baseline 0.011 -32"><span class='ocrx_word' id='word_1_231' title='bbox 205 3070 278 3108; x_wconf 83' lang='lat' dir='ltr'><strong>non</strong></span> <span class='ocrx_word' id='word_1_232' title='bbox 301 3051 417 3126; x_wconf 47' lang='lat' dir='ltr'><strong>dapnes.</strong></span> <span class='ocrx_word' id='word_1_233' title='bbox 441 3052 552 3110; x_wconf 79' lang='lat' dir='ltr'><strong>horrore</strong></span> <span class='ocrx_word' id='word_1_234' title='bbox 572 3052 715 3111; x_wconf 79' lang='lat' dir='ltr'><strong>honestos.</strong></span> <span class='ocrx_word' id='word_1_235' title='bbox 737 3063 791 3112; x_wconf 88' lang='lat' dir='ltr'><strong>trcs</strong></span> <span class='ocrx_word' id='word_1_236' title='bbox 806 3053 881 3112; x_wconf 74' lang='lat' dir='ltr'><strong>lliiii</strong></span> <span class='ocrx_word' id='word_1_237' title='bbox 899 3055 995 3113; x_wconf 87' lang='lat' dir='ltr'><strong>Codd.</strong></span> <span class='ocrx_word' id='word_1_238' title='bbox 1017 3056 1087 3114; x_wconf 82' lang='lat' dir='ltr'><strong>Tur.</strong></span> <span class='ocrx_word' id='word_1_239' title='bbox 1108 3078 1134 3116; x_wconf 77' lang='lat' dir='ltr'><strong>a.</strong></span> <span class='ocrx_word' id='word_1_240' title='bbox 1162 3059 1224 3117; x_wconf 75' lang='lat' dir='ltr'><strong>vim</strong></span> <span class='ocrx_word' id='word_1_241' title='bbox 1236 3060 1313 3118; x_wconf 80' lang='lat' dir='ltr'><strong>milu‘</strong></span> <span class='ocrx_word' id='word_1_242' title='bbox 1325 3060 1440 3140; x_wconf 78' lang='lat' dir='ltr'><strong>parari.</strong></span> <span class='ocrx_word' id='word_1_243' title='bbox 1468 3064 1508 3120; x_wconf 86' lang='lat' dir='ltr'><strong>ita</strong></span> <span class='ocrx_word' id='word_1_244' title='bbox 1530 3065 1620 3122; x_wconf 77' lang='lat' dir='ltr'><strong>altem</strong></span> 
     </span>
     <span class='ocr_line' id='line_1_23' title="bbox 207 3155 1617 3244; baseline 0.009 -30"><span class='ocrx_word' id='word_1_245' title='bbox 207 3166 242 3214; x_wconf 82' lang='lat' dir='ltr'><strong>et</strong></span> <span class='ocrx_word' id='word_1_246' title='bbox 256 3157 361 3214; x_wconf 82' lang='lat' dir='ltr'><strong>melior</strong></span> <span class='ocrx_word' id='word_1_247' title='bbox 373 3155 469 3213; x_wconf 79' lang='lat' dir='ltr'><strong>codd.</strong></span> <span class='ocrx_word' id='word_1_248' title='bbox 490 3177 565 3234; x_wconf 76' lang='lat' dir='ltr'><strong>pars.</strong></span> <span class='ocrx_word' id='word_1_249' title='bbox 585 3155 663 3222; x_wconf 80' lang='lat' dir='ltr'><strong>Edit.</strong></span> <span class='ocrx_word' id='word_1_250' title='bbox 679 3157 762 3216; x_wconf 78' lang='lat' dir='ltr'><strong>Paris.</strong></span> <span class='ocrx_word' id='word_1_251' title='bbox 782 3159 850 3238; x_wconf 81' lang='lat' dir='ltr'><strong>Trg.</strong></span> <span class='ocrx_word' id='word_1_252' title='bbox 872 3159 932 3218; x_wconf 85' lang='lat' dir='ltr'><strong>llas.</strong></span> <span class='ocrx_word' id='word_1_253' title='bbox 954 3181 978 3224; x_wconf 83' lang='grc' dir='ltr'><strong>ι.</strong></span> <span class='ocrx_word' id='word_1_254' title='bbox 992 3165 1019 3223; x_wconf 82' lang='lat'><strong>3.</strong></span> <span class='ocrx_word' id='word_1_255' title='bbox 1041 3161 1122 3221; x_wconf 75' lang='lat' dir='ltr'><strong>Laid.</strong></span> <span class='ocrx_word' id='word_1_256' title='bbox 1134 3166 1227 3221; x_wconf 78' lang='lat' dir='ltr'><strong>c.e.l’.</strong></span> <span class='ocrx_word' id='word_1_257' title='bbox 1241 3185 1270 3244; x_wconf 81' lang='lat' dir='ltr'><strong>g.</strong></span> <span class='ocrx_word' id='word_1_258' title='bbox 1284 3165 1311 3222; x_wconf 82' lang='lat' dir='ltr'><strong>t.</strong></span> <span class='ocrx_word' id='word_1_259' title='bbox 1324 3166 1344 3222; x_wconf 95' lang='lat' dir='ltr'><strong>l.</strong></span> <span class='ocrx_word' id='word_1_260' title='bbox 1367 3165 1486 3230; x_wconf 81' lang='lat' dir='ltr'><strong>Palatia.</strong></span> <span class='ocrx_word' id='word_1_261' title='bbox 1506 3166 1575 3226; x_wconf 81' lang='lat' dir='ltr'><strong>l&#39;ur.</strong></span> <span class='ocrx_word' id='word_1_262' title='bbox 1590 3189 1617 3228; x_wconf 85' lang='lat' dir='ltr'><strong>r.</strong></span> 
     </span>
     <span class='ocr_line' id='line_1_24' title="bbox 204 3259 1616 3342; baseline 0.008 -23"><span class='ocrx_word' id='word_1_263' title='bbox 204 3259 387 3320; x_wconf 71' lang='lat' dir='ltr'><strong>nreneiclrtm</strong></span> <span class='ocrx_word' id='word_1_264' title='bbox 403 3268 443 3317; x_wconf 63' lang='grc' dir='ltr'><strong>ω(</strong></span> <span class='ocrx_word' id='word_1_265' title='bbox 463 3260 538 3318; x_wconf 78' lang='lat' dir='ltr'><strong>ruilu&#39;</strong></span> <span class='ocrx_word' id='word_1_266' title='bbox 555 3259 615 3318; x_wconf 82' lang='lat' dir='ltr'><strong>vim</strong></span> <span class='ocrx_word' id='word_1_267' title='bbox 631 3283 662 3338; x_wconf 85' lang='lat' dir='ltr'><strong>p.</strong></span> <span class='ocrx_word' id='word_1_268' title='bbox 683 3261 722 3319; x_wconf 83' lang='lat' dir='ltr'><strong>ita</strong></span> <span class='ocrx_word' id='word_1_269' title='bbox 744 3264 830 3320; x_wconf 82' lang='lat' dir='ltr'><strong>ceteri</strong></span> <span class='ocrx_word' id='word_1_270' title='bbox 847 3263 923 3322; x_wconf 85' lang='lat' dir='ltr'><strong>libri.</strong></span> <span class='ocrx_word' id='word_1_271' title='bbox 955 3263 1017 3328; x_wconf 83' lang='lat' dir='ltr'><strong>Bas.</strong></span> <span class='ocrx_word' id='word_1_272' title='bbox 1039 3285 1065 3324; x_wconf 80' lang='lat' dir='ltr'><strong>a.</strong></span> <span class='ocrx_word' id='word_1_273' title='bbox 1092 3266 1173 3325; x_wconf 85' lang='lat' dir='ltr'><strong>Leid.</strong></span> <span class='ocrx_word' id='word_1_274' title='bbox 1195 3266 1443 3337; x_wconf 78' lang='lat' dir='ltr'><strong>a.b.d.lr.i.lrn.</strong></span> <span class='ocrx_word' id='word_1_275' title='bbox 1459 3289 1490 3327; x_wconf 87' lang='lat' dir='ltr'><strong>u.</strong></span> <span class='ocrx_word' id='word_1_276' title='bbox 1512 3271 1616 3342; x_wconf 60' lang='lat' dir='ltr'><strong>Bael.</strong></span> 
     </span>
     <span class='ocr_line' id='line_1_25' title="bbox 201 3363 1615 3450; baseline 0.007 -26"><span class='ocrx_word' id='word_1_277' title='bbox 201 3367 297 3427; x_wconf 82' lang='lat' dir='ltr'><strong>Bern,</strong></span> <span class='ocrx_word' id='word_1_278' title='bbox 311 3384 336 3428; x_wconf 85' lang='lat' dir='ltr'><strong>r,</strong></span> <span class='ocrx_word' id='word_1_279' title='bbox 353 3383 379 3421; x_wconf 81' lang='lat'><strong>2.</strong></span> <span class='ocrx_word' id='word_1_280' title='bbox 403 3363 571 3422; x_wconf 73' lang='lat' dir='ltr'><strong>Orestillam</strong></span> <span class='ocrx_word' id='word_1_281' title='bbox 588 3369 771 3428; x_wconf 67' lang='lat' dir='ltr'><strong>nortmundo.</strong></span> <span class='ocrx_word' id='word_1_282' title='bbox 795 3367 868 3442; x_wconf 83' lang='lat' dir='ltr'><strong>(tibi</strong></span> <span class='ocrx_word' id='word_1_283' title='bbox 883 3369 1000 3446; x_wconf 80' lang='lat' dir='ltr'><strong>ornisso)</strong></span> <span class='ocrx_word' id='word_1_284' title='bbox 1023 3381 1116 3450; x_wconf 85' lang='lat' dir='ltr'><strong>uterq.</strong></span> <span class='ocrx_word' id='word_1_285' title='bbox 1143 3371 1169 3429; x_wconf 62' lang='grc' dir='ltr'><strong><em>Υ</em></strong></span> <span class='ocrx_word' id='word_1_286' title='bbox 1170 3374 1212 3435; x_wconf 87' lang='lat' dir='ltr'><strong>in.</strong></span> <span class='ocrx_word' id='word_1_287' title='bbox 1224 3383 1252 3432; x_wconf 83' lang='lat' dir='ltr'><strong>et</strong></span> <span class='ocrx_word' id='word_1_288' title='bbox 1266 3371 1351 3430; x_wconf 83' lang='lat' dir='ltr'><strong>Fabr.</strong></span> <span class='ocrx_word' id='word_1_289' title='bbox 1372 3372 1452 3432; x_wconf 83' lang='lat' dir='ltr'><strong>Leid.</strong></span> <span class='ocrx_word' id='word_1_290' title='bbox 1465 3395 1492 3432; x_wconf 90' lang='lat' dir='ltr'><strong>c.</strong></span> <span class='ocrx_word' id='word_1_291' title='bbox 1505 3373 1535 3432; x_wconf 89' lang='lat' dir='ltr'><strong>d.</strong></span> <span class='ocrx_word' id='word_1_292' title='bbox 1546 3395 1571 3440; x_wconf 86' lang='lat' dir='ltr'><strong>e.</strong></span> <span class='ocrx_word' id='word_1_293' title='bbox 1583 3373 1615 3434; x_wconf 86' lang='lat' dir='ltr'><strong>h.</strong></span> 
     </span>
     <span class='ocr_line' id='line_1_26' title="bbox 203 3466 1611 3554; baseline 0.009 -26"><span class='ocrx_word' id='word_1_294' title='bbox 203 3473 228 3528; x_wconf 86' lang='lat' dir='ltr'><strong>i.</strong></span> <span class='ocrx_word' id='word_1_295' title='bbox 247 3470 270 3526; x_wconf 89' lang='lat' dir='ltr'><strong>l.</strong></span> <span class='ocrx_word' id='word_1_296' title='bbox 284 3489 325 3524; x_wconf 90' lang='lat' dir='ltr'><strong>m.</strong></span> <span class='ocrx_word' id='word_1_297' title='bbox 343 3489 374 3526; x_wconf 91' lang='lat' dir='ltr'><strong>u.</strong></span> <span class='ocrx_word' id='word_1_298' title='bbox 396 3466 456 3524; x_wconf 86' lang='lat' dir='ltr'><strong>Bas.</strong></span> <span class='ocrx_word' id='word_1_299' title='bbox 474 3473 535 3529; x_wconf 75' lang='grc' dir='ltr'><strong>ι.5.</strong></span> <span class='ocrx_word' id='word_1_300' title='bbox 558 3469 626 3526; x_wconf 79' lang='lat' dir='ltr'><strong>Tur.</strong></span> <span class='ocrx_word' id='word_1_301' title='bbox 644 3492 667 3526; x_wconf 84' lang='lat'><strong>1.</strong></span> <span class='ocrx_word' id='word_1_302' title='bbox 689 3469 785 3528; x_wconf 78' lang='lat' dir='ltr'><strong>Gur-ll.</strong></span> <span class='ocrx_word' id='word_1_303' title='bbox 805 3493 827 3534; x_wconf 90' lang='grc' dir='ltr'><strong>ι.</strong></span> <span class='ocrx_word' id='word_1_304' title='bbox 847 3493 873 3534; x_wconf 79' lang='lat' dir='ltr'><strong>a.</strong></span> <span class='ocrx_word' id='word_1_305' title='bbox 890 3477 916 3534; x_wconf 86' lang='lat'><strong>3.</strong></span> <span class='ocrx_word' id='word_1_306' title='bbox 932 3474 960 3542; x_wconf 69' lang='grc' dir='ltr'><strong>Δ.</strong></span> <span class='ocrx_word' id='word_1_307' title='bbox 979 3472 1005 3536; x_wconf 76' lang='lat'><strong>5.</strong></span> <span class='ocrx_word' id='word_1_308' title='bbox 1020 3475 1048 3537; x_wconf 85' lang='grc'><strong>6.</strong></span> <span class='ocrx_word' id='word_1_309' title='bbox 1064 3497 1092 3554; x_wconf 90' lang='lat'><strong>9.</strong></span> <span class='ocrx_word' id='word_1_310' title='bbox 1111 3496 1156 3540; x_wconf 83' lang='grc' dir='ltr'><strong>ιι.</strong></span> <span class='ocrx_word' id='word_1_311' title='bbox 1174 3497 1220 3540; x_wconf 77' lang='lat' dir='ltr'><strong>aa.</strong></span> <span class='ocrx_word' id='word_1_312' title='bbox 1240 3477 1291 3539; x_wconf 71' lang='lat' dir='ltr'><strong>ilc.</strong></span> <span class='ocrx_word' id='word_1_313' title='bbox 1313 3477 1380 3536; x_wconf 77' lang='lat' dir='ltr'><strong>Ecc.</strong></span> <span class='ocrx_word' id='word_1_314' title='bbox 1402 3479 1460 3538; x_wconf 87' lang='lat' dir='ltr'><strong>inc.</strong></span> <span class='ocrx_word' id='word_1_315' title='bbox 1473 3497 1501 3538; x_wconf 78' lang='lat'><strong>2.</strong></span> <span class='ocrx_word' id='word_1_316' title='bbox 1524 3479 1611 3540; x_wconf 76' lang='lat' dir='ltr'><strong>Heus.</strong></span> 
     </span>
     <span class='ocr_line' id='line_1_27' title="bbox 205 3571 1612 3646; baseline 0.009 -14"><span class='ocrx_word' id='word_1_317' title='bbox 205 3596 236 3638; x_wconf 86' lang='lat' dir='ltr'><strong>r.</strong></span> <span class='ocrx_word' id='word_1_318' title='bbox 262 3571 338 3634; x_wconf 81' lang='lat' dir='ltr'><strong>Edit.</strong></span> <span class='ocrx_word' id='word_1_319' title='bbox 355 3572 438 3634; x_wconf 84' lang='lat' dir='ltr'><strong>Paris.</strong></span> <span class='ocrx_word' id='word_1_320' title='bbox 460 3571 512 3630; x_wconf 79' lang='lat' dir='ltr'><strong>tibi</strong></span> <span class='ocrx_word' id='word_1_321' title='bbox 527 3591 633 3630; x_wconf 82' lang='lat' dir='ltr'><strong>comm.</strong></span> <span class='ocrx_word' id='word_1_322' title='bbox 656 3573 715 3637; x_wconf 83' lang='lat' dir='ltr'><strong>Bas,</strong></span> <span class='ocrx_word' id='word_1_323' title='bbox 732 3595 756 3636; x_wconf 84' lang='lat'><strong>2.</strong></span> <span class='ocrx_word' id='word_1_324' title='bbox 778 3575 862 3639; x_wconf 84' lang='lat' dir='ltr'><strong>Bcru.</strong></span> <span class='ocrx_word' id='word_1_325' title='bbox 885 3597 908 3638; x_wconf 81' lang='lat' dir='ltr'><strong>r.</strong></span> <span class='ocrx_word' id='word_1_326' title='bbox 926 3595 951 3634; x_wconf 79' lang='lat' dir='ltr'><strong>a.</strong></span> <span class='ocrx_word' id='word_1_327' title='bbox 981 3580 1106 3637; x_wconf 83' lang='lat' dir='ltr'><strong>retinent</strong></span> <span class='ocrx_word' id='word_1_328' title='bbox 1122 3590 1150 3638; x_wconf 87' lang='lat' dir='ltr'><strong>et</strong></span> <span class='ocrx_word' id='word_1_329' title='bbox 1167 3581 1284 3640; x_wconf 80' lang='lat' dir='ltr'><strong>Gruter.</strong></span> <span class='ocrx_word' id='word_1_330' title='bbox 1301 3591 1329 3640; x_wconf 82' lang='lat' dir='ltr'><strong>et</strong></span> <span class='ocrx_word' id='word_1_331' title='bbox 1350 3581 1485 3646; x_wconf 76' lang='lat' dir='ltr'><strong>Wassius.</strong></span> <span class='ocrx_word' id='word_1_332' title='bbox 1506 3603 1612 3644; x_wconf 82' lang='lat' dir='ltr'><strong>comm.</strong></span> 
     </span>
     <span class='ocr_line' id='line_1_28' title="bbox 200 3675 1611 3764; baseline 0.011 -31"><span class='ocrx_word' id='word_1_333' title='bbox 200 3675 265 3738; x_wconf 70' lang='lat' dir='ltr'><strong>nbi</strong></span> <span class='ocrx_word' id='word_1_334' title='bbox 292 3675 395 3745; x_wconf 63' lang='grc' dir='ltr'><strong>ΒΜ.</strong></span> <span class='ocrx_word' id='word_1_335' title='bbox 424 3693 552 3752; x_wconf 80' lang='lat' dir='ltr'><strong>eamque.</strong></span> <span class='ocrx_word' id='word_1_336' title='bbox 580 3677 681 3740; x_wconf 78' lang='lat' dir='ltr'><strong>Vinar,</strong></span> <span class='ocrx_word' id='word_1_337' title='bbox 700 3697 729 3741; x_wconf 82' lang='lat' dir='ltr'><strong>a.</strong></span> <span class='ocrx_word' id='word_1_338' title='bbox 747 3677 876 3742; x_wconf 73' lang='lat' dir='ltr'><strong>Bernb.</strong></span> <span class='ocrx_word' id='word_1_339' title='bbox 901 3688 1023 3743; x_wconf 84' lang='lat' dir='ltr'><strong>uleom.</strong></span> <span class='ocrx_word' id='word_1_340' title='bbox 1044 3681 1187 3764; x_wconf 66' lang='lat' dir='ltr'><strong>Guelfip.</strong></span> <span class='ocrx_word' id='word_1_341' title='bbox 1204 3706 1251 3749; x_wconf 89' lang='grc' dir='ltr'><strong>ιο.</strong></span> <span class='ocrx_word' id='word_1_342' title='bbox 1272 3685 1334 3748; x_wconf 83' lang='lat' dir='ltr'><strong>Bas.</strong></span> <span class='ocrx_word' id='word_1_343' title='bbox 1355 3707 1381 3750; x_wconf 80' lang='lat' dir='ltr'><strong>a.</strong></span> <span class='ocrx_word' id='word_1_344' title='bbox 1399 3691 1427 3751; x_wconf 73' lang='lat'><strong>3.</strong></span> <span class='ocrx_word' id='word_1_345' title='bbox 1447 3689 1528 3753; x_wconf 80' lang='lat' dir='ltr'><strong>Leid.</strong></span> <span class='ocrx_word' id='word_1_346' title='bbox 1542 3687 1573 3753; x_wconf 91' lang='lat' dir='ltr'><strong>b.</strong></span> <span class='ocrx_word' id='word_1_347' title='bbox 1590 3693 1611 3750; x_wconf 79' lang='lat' dir='ltr'><strong>f.</strong></span> 
     </span>
     <span class='ocr_line' id='line_1_29' title="bbox 199 3779 1664 3875; baseline 0.009 -33"><span class='ocrx_word' id='word_1_348' title='bbox 199 3784 295 3844; x_wconf 82' lang='lat' dir='ltr'><strong>Beru.</strong></span> <span class='ocrx_word' id='word_1_349' title='bbox 307 3800 334 3844; x_wconf 84' lang='lat'><strong>2.</strong></span> <span class='ocrx_word' id='word_1_350' title='bbox 354 3779 551 3855; x_wconf 54' lang='lat' dir='ltr'><strong>&amp;defendas</strong></span> <span class='ocrx_word' id='word_1_351' title='bbox 571 3779 632 3844; x_wconf 78' lang='lat' dir='ltr'><strong>Bas.</strong></span> <span class='ocrx_word' id='word_1_352' title='bbox 651 3782 680 3852; x_wconf 70' lang='grc' dir='ltr'><strong>Δ.</strong></span> <span class='ocrx_word' id='word_1_353' title='bbox 701 3781 783 3846; x_wconf 71' lang='lat' dir='ltr'><strong>Laid.</strong></span> <span class='ocrx_word' id='word_1_354' title='bbox 798 3805 826 3864; x_wconf 86' lang='lat' dir='ltr'><strong>g.</strong></span> <span class='ocrx_word' id='word_1_355' title='bbox 843 3805 872 3848; x_wconf 84' lang='lat' dir='ltr'><strong>n.</strong></span> <span class='ocrx_word' id='word_1_356' title='bbox 889 3784 1003 3844; x_wconf 77' lang='lat' dir='ltr'><strong>habeto.</strong></span> <span class='ocrx_word' id='word_1_357' title='bbox 1025 3785 1095 3852; x_wconf 75' lang='lat' dir='ltr'><strong>Fal,</strong></span> <span class='ocrx_word' id='word_1_358' title='bbox 1111 3809 1135 3853; x_wconf 87' lang='lat'><strong>1.</strong></span> <span class='ocrx_word' id='word_1_359' title='bbox 1157 3791 1224 3854; x_wconf 79' lang='lat' dir='ltr'><strong>Noe.</strong></span> <span class='ocrx_word' id='word_1_360' title='bbox 1243 3801 1272 3850; x_wconf 82' lang='lat' dir='ltr'><strong>et</strong></span> <span class='ocrx_word' id='word_1_361' title='bbox 1285 3791 1347 3856; x_wconf 77' lang='lat' dir='ltr'><strong>llas,</strong></span> <span class='ocrx_word' id='word_1_362' title='bbox 1363 3813 1393 3856; x_wconf 88' lang='grc' dir='ltr'><strong>ι.</strong></span> <span class='ocrx_word' id='word_1_363' title='bbox 1411 3813 1451 3857; x_wconf 80' lang='lat' dir='ltr'><strong>nr.</strong></span> <span class='ocrx_word' id='word_1_364' title='bbox 1461 3813 1507 3875; x_wconf 83' lang='lat' dir='ltr'><strong>pr.</strong></span> <span class='ocrx_word' id='word_1_365' title='bbox 1524 3797 1612 3854; x_wconf 80' lang='lat' dir='ltr'><strong>etiam</strong></span> <span class='ocrx_word' id='word_1_366' title='bbox 1660 3783 1664 3789; x_wconf 36' lang='grc'><strong><em>’</em></strong></span> 
     </span>
     <span class='ocr_line' id='line_1_30' title="bbox 198 3883 1086 3968; baseline 0.008 -22"><span class='ocrx_word' id='word_1_367' title='bbox 198 3886 407 3968; x_wconf 84' lang='lat' dir='ltr'><strong>Bongarsiani.</strong></span> <span class='ocrx_word' id='word_1_368' title='bbox 427 3883 495 3966; x_wconf 85' lang='lat' dir='ltr'><strong>Teg.</strong></span> <span class='ocrx_word' id='word_1_369' title='bbox 516 3883 586 3950; x_wconf 87' lang='lat' dir='ltr'><strong>Tur.</strong></span> <span class='ocrx_word' id='word_1_370' title='bbox 601 3906 625 3949; x_wconf 84' lang='grc' dir='ltr'><strong>ι.</strong></span> <span class='ocrx_word' id='word_1_371' title='bbox 645 3887 752 3948; x_wconf 74' lang='lat' dir='ltr'><strong>valeto</strong></span> <span class='ocrx_word' id='word_1_372' title='bbox 773 3885 831 3950; x_wconf 81' lang='lat' dir='ltr'><strong>Erl.</strong></span> <span class='ocrx_word' id='word_1_373' title='bbox 852 3885 915 3952; x_wconf 86' lang='lat' dir='ltr'><strong>Bas.</strong></span> <span class='ocrx_word' id='word_1_374' title='bbox 927 3891 954 3952; x_wconf 75' lang='grc'><strong>3.</strong></span> <span class='ocrx_word' id='word_1_375' title='bbox 977 3909 1016 3947; x_wconf 87' lang='lat' dir='ltr'><strong>m.</strong></span> <span class='ocrx_word' id='word_1_376' title='bbox 1030 3909 1086 3954; x_wconf 84' lang='lat' dir='ltr'><strong>sec.</strong></span> 
     </span>
    </p>
   </div>
   <div class='ocr_carea' id='block_1_4' title="bbox 194 4009 1609 4308">
    <p class='ocr_par' dir='ltr' id='par_1_5' title="bbox 194 4009 1609 4308">
     <span class='ocr_line' id='line_1_31' title="bbox 277 4009 1609 4099; baseline 0.017 -30"><span class='ocrx_word' id='word_1_377' title='bbox 277 4009 365 4090; x_wconf 65' lang='lat' dir='ltr'><strong>,Cup</strong></span> <span class='ocrx_word' id='word_1_378' title='bbox 380 4011 427 4074; x_wconf 78' lang='lat'><strong>36.</strong></span> <span class='ocrx_word' id='word_1_379' title='bbox 446 4009 612 4072; x_wconf 59' lang='lat' dir='ltr'><strong>Monam</strong></span> <span class='ocrx_word' id='word_1_380' title='bbox 626 4033 790 4096; x_wconf 81' lang='lat' dir='ltr'><strong>cognomen</strong></span> <span class='ocrx_word' id='word_1_381' title='bbox 809 4019 886 4076; x_wconf 82' lang='lat' dir='ltr'><strong>solus</strong></span> <span class='ocrx_word' id='word_1_382' title='bbox 906 4015 1006 4079; x_wconf 84' lang='lat' dir='ltr'><strong>Nazar.</strong></span> <span class='ocrx_word' id='word_1_383' title='bbox 1027 4018 1142 4084; x_wconf 85' lang='lat' dir='ltr'><strong>adiecit.</strong></span> <span class='ocrx_word' id='word_1_384' title='bbox 1172 4019 1326 4090; x_wconf 83' lang='lat' dir='ltr'><strong>Arretino.</strong></span> <span class='ocrx_word' id='word_1_385' title='bbox 1344 4026 1439 4088; x_wconf 84' lang='lat' dir='ltr'><strong>Guell.</strong></span> <span class='ocrx_word' id='word_1_386' title='bbox 1455 4051 1478 4088; x_wconf 87' lang='lat'><strong>1.</strong></span> <span class='ocrx_word' id='word_1_387' title='bbox 1499 4029 1566 4096; x_wconf 86' lang='lat' dir='ltr'><strong>Tur.</strong></span> <span class='ocrx_word' id='word_1_388' title='bbox 1584 4054 1609 4099; x_wconf 86' lang='lat'><strong>1.</strong></span> 
     </span>
     <span class='ocr_line' id='line_1_32' title="bbox 194 4115 1608 4213; baseline 0.016 -40"><span class='ocrx_word' id='word_1_389' title='bbox 194 4119 288 4183; x_wconf 79' lang='lat' dir='ltr'><strong>Aret.</strong></span> <span class='ocrx_word' id='word_1_390' title='bbox 309 4115 379 4184; x_wconf 80' lang='lat' dir='ltr'><strong>vin,</strong></span> <span class='ocrx_word' id='word_1_391' title='bbox 395 4135 423 4179; x_wconf 88' lang='lat'><strong>2.</strong></span> <span class='ocrx_word' id='word_1_392' title='bbox 442 4118 521 4195; x_wconf 89' lang='lat' dir='ltr'><strong>plur.</strong></span> <span class='ocrx_word' id='word_1_393' title='bbox 536 4137 609 4197; x_wconf 86' lang='lat' dir='ltr'><strong>quos</strong></span> <span class='ocrx_word' id='word_1_394' title='bbox 633 4116 743 4198; x_wconf 89' lang='lat' dir='ltr'><strong>Popma</strong></span> <span class='ocrx_word' id='word_1_395' title='bbox 758 4121 890 4201; x_wconf 82' lang='lat' dir='ltr'><strong>inspexit.</strong></span> <span class='ocrx_word' id='word_1_396' title='bbox 911 4121 981 4187; x_wconf 84' lang='lat' dir='ltr'><strong>Tur.</strong></span> <span class='ocrx_word' id='word_1_397' title='bbox 1002 4143 1030 4188; x_wconf 82' lang='lat'><strong>2.</strong></span> <span class='ocrx_word' id='word_1_398' title='bbox 1052 4123 1153 4190; x_wconf 81' lang='lat' dir='ltr'><strong>Areot.</strong></span> <span class='ocrx_word' id='word_1_399' title='bbox 1173 4127 1270 4200; x_wconf 79' lang='lat' dir='ltr'><strong>Guell.</strong></span> <span class='ocrx_word' id='word_1_400' title='bbox 1282 4131 1487 4213; x_wconf 44' lang='lat' dir='ltr'><strong>72Regolino.</strong></span> <span class='ocrx_word' id='word_1_401' title='bbox 1511 4136 1608 4197; x_wconf 86' lang='lat' dir='ltr'><strong>Guels.</strong></span> 
     </span>
     <span class='ocr_line' id='line_1_33' title="bbox 196 4218 1607 4308; baseline 0.019 -30"><span class='ocrx_word' id='word_1_402' title='bbox 196 4246 255 4288; x_wconf 70' lang='grc' dir='ltr'><strong>ιι.</strong></span> <span class='ocrx_word' id='word_1_403' title='bbox 290 4218 417 4280; x_wconf 78' lang='lat' dir='ltr'><strong>Reatino</strong></span> <span class='ocrx_word' id='word_1_404' title='bbox 437 4221 535 4284; x_wconf 83' lang='lat' dir='ltr'><strong>ceteri.</strong></span> <span class='ocrx_word' id='word_1_405' title='bbox 562 4223 634 4281; x_wconf 87' lang='lat' dir='ltr'><strong>dum</strong></span> <span class='ocrx_word' id='word_1_406' title='bbox 652 4222 809 4288; x_wconf 73' lang='lat' dir='ltr'><strong>civitatem.</strong></span> <span class='ocrx_word' id='word_1_407' title='bbox 840 4223 937 4286; x_wconf 81' lang='lat' dir='ltr'><strong>Gusls.</strong></span> <span class='ocrx_word' id='word_1_408' title='bbox 962 4250 988 4308; x_wconf 83' lang='lat'><strong>7.</strong></span> <span class='ocrx_word' id='word_1_409' title='bbox 1010 4251 1056 4292; x_wconf 86' lang='grc' dir='ltr'><strong>ιι.</strong></span> <span class='ocrx_word' id='word_1_410' title='bbox 1085 4231 1166 4296; x_wconf 83' lang='lat' dir='ltr'><strong>Leid.</strong></span> <span class='ocrx_word' id='word_1_411' title='bbox 1185 4253 1226 4296; x_wconf 87' lang='lat' dir='ltr'><strong>m.</strong></span> <span class='ocrx_word' id='word_1_412' title='bbox 1253 4235 1286 4293; x_wconf 82' lang='lat' dir='ltr'><strong>in</strong></span> <span class='ocrx_word' id='word_1_413' title='bbox 1301 4237 1607 4308; x_wconf 67' lang='lat' dir='ltr'><strong>civitatiueentutem.</strong></span> 
     </span>
    </p>
   </div>
   <div class='ocr_carea' id='block_1_5' title="bbox 0 0 2030 5009">
    <p class='ocr_par' dir='ltr' id='par_1_6' title="bbox 0 0 2030 5009">
     <span class='ocr_line' id='line_1_34' title="bbox 0 0 2030 5009; baseline 0 10"><span class='ocrx_word' id='word_1_414' title='bbox 0 0 2030 5009; x_wconf 95' lang='lat' dir='ltr'><strong> </strong></span> 
     </span>
    </p>
   </div>
  </div>
 </body>
</html>
