4050 5009
215 1532 220 1543 .
251 1404 1337 1499 F.D.GERLACH1USARNOLDOLUDOV100
1351 1404 1674 1500 mensuro.

889 1734 1019 1811 SP.
1069 1732 1117 1808 D.

118 2332 121 2337 r
246 2248 342 2341 Tibi
375 2266 638 2373 potissimum,
670 2268 742 2342 Vir
775 2248 1011 2362 Clarissimo!
1048 2268 1118 2343 hos
1144 2261 1447 2343 Commentarios
1476 2269 1652 2346 dedicare

246 2390 371 2481 volui,
398 2390 549 2467 duabus
565 2389 614 2467 de
640 2390 760 2467 causis
767 2423 778 2487 3
802 2390 993 2503 primum,
1018 2388 1124 2494 quod
1145 2388 1244 2466 milri
1262 2389 1311 2467 de
1328 2389 1517 2469 historicis
1540 2393 1652 2470 rebus

181 2576 184 2583 .
245 2516 372 2623 agenti
405 2514 553 2593 doctior
584 2534 623 2592 et
656 2513 932 2622 intelligentior
962 2516 1129 2592 veritatis
1172 2513 1405 2593 existimator
1447 2543 1529 2617 ncu
1568 2534 1651 2594 erat

245 2640 492 2746 querendum
518 2639 657 2719 deinde
680 2658 726 2717 ut
747 2666 840 2717 meae
867 2641 909 2719 in
935 2656 973 2717 te
990 2640 1142 2745 pictatis
1157 2641 1239 2719 leve
1263 2656 1365 2718 certe
1387 2656 1549 2719 exstaret
1568 2668 1651 2720 mo-

246 2784 489 2845 numentum.
514 2765 587 2843 Sed
610 2767 777 2844 instituti
804 2766 927 2873 operis
949 2767 1047 2844 ratio
1070 2765 1154 2843 haec
1174 2782 1238 2843 est
1261 2767 1435 2846 Primum
1452 2792 1511 2843 res
1530 2782 1649 2873 gestas
1680 2753 1683 2759 ¹

243 2894 282 2965 Ρ.
296 2892 337 2965 lt
352 2918 439 2995 quas
455 2892 609 2969 Salustii
625 2894 845 2998 fragmentis
860 2891 1120 2981 illustrantur,
1137 2891 1367 2983 accuratius,
1385 2918 1505 2995 qrram
1520 2890 1650 2968 adhuc
1776 2896 1781 2903 ’

246 3014 393 3088 factum
415 3032 516 3105 erat,
546 3042 616 3117 per
649 3042 770 3089 annos
802 3016 979 3119 digestas,
1013 3014 1180 3090 breviter
1207 3015 1391 3097 enarravi.
1432 3016 1534 3091 'lum
1567 3015 1649 3121 ipsa

246 3136 460 3214 examinavi
486 3137 715 3245 fragmenta,
740 3154 779 3214 et
804 3137 971 3245 reliquos
991 3165 1121 3214 rerum
1142 3140 1360 3244 scriptores,
1391 3156 1471 3217 tam
1496 3140 1648 3217 Graecos

108 3330 113 3347 ‚
244 3290 362 3367 quam
386 3264 542 3341 Latinos
570 3264 822 3369 priorumque
847 3265 1102 3368 interpretum
1129 3263 1367 3367 conjecturas
1389 3265 1432 3338 in
1456 3264 1645 3340 auxilium

242 3387 433 3481 vocando,
457 3404 650 3494 quantum
675 3388 758 3465 fieri
781 3390 927 3495 potuit,
951 3387 1168 3480 illustravi,
1182 3387 1314 3499 digessi
1336 3397 1374 3464 et
1400 3413 1478 3491 quc
1501 3388 1586 3465 loco
1607 3402 1647 3463 ct

244 3512 377 3589 ordine
407 3514 557 3620 singula
586 3514 765 3619 ponenda
796 3530 932 3605 essent,
957 3514 1125 3620 exposui.
1168 3512 1349 3616 Sequitur
1375 3512 1497 3589 brevis
1529 3512 1645 3588 totius
1749 3560 1754 3572 ,

244 3639 366 3745 operis
388 3638 592 3717 Salustiani
616 3626 983 3743 descriptio,'quam
1009 3638 1159 3713 facilius
1183 3637 1411 3741 conjecturis
1432 3635 1646 3741 quaesiveris

139 3778 145 3807 '
242 3790 361 3869 quam
374 3761 492 3839 firmis
504 3764 554 3841 ad
567 3763 813 3869 probandum
830 3763 1063 3870 argumentis
1082 3761 1263 3839 docueris.
1298 3759 1430 3865 Adjeci
1447 3778 1519 3837 tres
1541 3758 1642 3836 inili-

241 3917 316 3984 ccs;
334 3916 460 3966 unum
475 3888 788 3995 fragmentorum,
807 3887 1027 3979 aBardilio,
1044 3886 1260 3963 doctissimo
1277 3887 1373 3979 viro,
1385 3913 1535 3963 summa
1554 3912 1644 3960 cum

242 4014 438 4119 diligentia
458 4012 694 4108 confectum
719 4013 883 4089 alterum
899 4010 1140 4101 historicum,
1164 4011 1358 4115 prioribus
1368 4011 1500 4088 multo
1515 4036 1642 4085 emen-

243 4136 428 4213 datiorem
468 4155 584 4242 atque
622 4140 851 4231 auctiorem3
895 4136 1051 4211 tertium
1075 4136 1304 4227 Latinitatis,
1345 4136 1395 4212 ad
1426 4134 1642 4237 exemplum

238 4263 429 4343 Wassisni
459 4280 498 4339 et
531 4262 702 4341 Cortiani
738 4261 979 4351 institutum,
1014 4260 1080 4338 sed
1111 4261 1247 4337 melius
1280 4259 1522 4365 dispositum,
1558 4256 1643 4331 aliis
