4050 5009
1507 412 1575 511 137

191 578 343 683 proinde
368 582 494 685 parati
529 580 744 687 intentique
774 598 896 659 essent
923 580 1032 689 signo
1054 582 1144 659 dato
1163 584 1352 661 Romanos
1374 584 1577 661 invaderet

192 700 296 779 illum
317 704 420 781 diem
445 723 513 781 aut
542 707 665 781 omnis
692 706 838 781 labores
875 720 913 781 et
944 706 1118 783 victorias
1137 707 1474 797 confirmaturum,
1506 727 1578 785 aut

190 852 447 903 maxumarum
460 856 720 905 erumnarum
742 828 898 903 initium
913 828 1001 903 sore
1035 828 1095 903 sd
1107 826 1182 907 hoc
1196 830 1356 923 viritim,
1370 834 1427 907 uti
1444 860 1577 936 ‹suem-

191 976 260 1054 que
278 953 326 1027 ob
348 952 512 1029 militare
530 952 678 1027 facinus
702 952 865 1056 pecunia
884 968 953 1028 aut
972 950 1119 1029 honore
1132 956 1334 1045 extulerat,
1360 982 1578 1035 commone-

191 1072 304 1151 iacere
321 1074 497 1151 beneficii
525 1076 585 1151 sui
606 1090 645 1151 et
667 1102 756 1149 eum
779 1074 905 1179 ipsum
926 1074 1010 1159 aliis
1037 1092 1249 1153 ostentare:
1274 1095 1482 1182 postremo,
1502 1108 1576 1185 pro

192 1196 366 1307 utiusque
384 1197 557 1305 ingenio,
581 1197 821 1303 pollicendo,
838 1197 1074 1290 minitando,
1094 1200 1336 1292 obtestando,
1360 1203 1484 1280 elium
1498 1206 1576 1289 ulio

191 1322 295 1399 modo
318 1323 507 1403 excitare:
539 1350 628 1399 cum
657 1322 811 1397 interim
836 1322 1030 1412 Metellus,
1055 1322 1209 1427 ignarus
1231 1323 1420 1417 hostium,
1445 1344 1577 1405 monte

194 1444 401 1550 degrediens
425 1474 515 1523 cum
533 1445 700 1523 exercitu
717 1444 951 1549 conspicitur
957 1476 968 1538 3
992 1445 1117 1549 primo
1136 1445 1297 1539 dubius,
1318 1448 1506 1552 quidnam
1517 1450 1577 1526 in·

191 1570 290 1645 tolita
320 1570 434 1645 facies
469 1569 700 1658 ostenderet,
735 1566 849 1665 (nam
883 1568 985 1643 inter
1009 1568 1173 1673 virgulta
1207 1570 1298 1673 equi
1325 1573 1577 1677 Numidisque

191 1692 444 1782 consederant,
469 1718 595 1795 neque
623 1691 739 1796 plane
760 1688 945 1765 occultari
972 1685 1193 1767 humilitate
1216 1696 1424 1787 arborum,
1456 1712 1496 1771 et
1522 1714 1577 1772 ta-

192 1842 272 1893 men
290 1817 447 1907 inserti,
474 1815 661 1919 quidnam
683 1828 792 1909 estet3
824 1840 948 1917 quum
976 1830 1115 1889 natura
1148 1814 1242 1907 loci,
1274 1832 1360 1893 tum
1385 1819 1475 1895 dolo
1503 1820 1577 1926 ipsi

192 1954 296 2045 etque
327 1942 434 2045 signu
463 1939 644 2015 militaria
670 1936 889 2036 obscurati)
901 1964 913 2030 ;
949 1936 1058 2030 dein,
1080 1939 1187 2015 brevi
1212 1942 1371 2045 cognitis
1402 1943 1576 2037 insidiis,

190 2064 388 2170 paullisper
412 2088 548 2171 agmen
574 2062 772 2139 constituit
779 2092 790 2157 3
822 2060 878 2136 ibi
905 2062 1146 2137 commutatis
1180 2063 1397 2154 ordinibus,
1421 2066 1465 2141 in
1487 2066 1576 2142 dex·

192 2204 246 2265 tro
264 2188 394 2281 latere,
418 2186 525 2295 quud
542 2212 775 2290 proxumum
792 2182 1026 2275 hostiumst,
1050 2184 1267 2289 triplicibus
1289 2188 1466 2263 subsidiis
1497 2188 1577 2265 aei·

193 2336 246 2389 ιιι
268 2312 469 2388 instruxit:
494 2310 595 2387 inter
611 2306 828 2413 manipulos
846 2306 1059 2385 fimditsres
1079 2323 1119 2384 et
1136 2308 1347 2413 sagittarios
1380 2310 1579 2415 dispertit:

191 2435 396 2541 equitatum
417 2459 570 2510 omnem
594 2432 635 2507 in
659 2431 839 2508 cornibus
857 2430 984 2509 lueet:
1009 2457 1055 2506 οο
1073 2457 1197 2535 pauca
1222 2459 1294 2535 pro
1315 2449 1484 2538 tempore
1502 2436 1576 2511 mi·

192 2559 267 2638 lites
290 2559 479 2651 hortatus,
504 2558 624 2633 aciem
647 2556 760 2632 sicuti
783 2555 1038 2644 instruxerat,
1071 2556 1290 2631 transvmsis
1307 2557 1508 2661 principiis
1531 2559 1576 2635 in

193 2684 345 2787 plenum
370 2680 534 2759 deducit.
579 2679 650 2757 Sed
672 2679 741 2757 ubi
760 2676 944 2755 Numidas
966 2676 1114 2780 <prietes
1142 2704 1270 2781 neque
1299 2680 1397 2757 colle
1422 2680 1576 2789 degredi
1585 2705 1624 2771 50

194 2804 479 2897 animadvortit,
512 2803 653 2881 veritus
681 2830 727 2881 ex
753 2802 848 2879 anni
880 2818 1050 2906 tempore
1070 2816 1109 2876 et
1136 2800 1268 2905 inopia
1291 2829 1422 2907 uquoe,
1443 2830 1494 2881 ne
1512 2806 1576 2883 siti

194 2930 434 3009 sorfioerstrrr
454 2928 656 3019 exercitus,
686 2926 878 3003 Rutilium
905 2924 1074 3029 legatum
1097 2949 1188 3000 cum
1206 2925 1389 3029 expeditis
1412 2928 1579 3007 cohorti-

195 3054 258 3133 but
274 3070 312 3131 et
328 3070 438 3159 perte
461 3052 636 3156 equitum
660 3049 843 3156 proemisit
862 3048 912 3127 ed
938 3049 1104 3139 flumen,
1127 3048 1188 3125 uti
1206 3048 1336 3126 locum
1355 3052 1484 3128 castris
1510 3081 1579 3133 en·

190 3236 322 3299 'numam
341 3232 423 3295 Leid.
439 3254 466 3294 ο.
480 3253 509 3315 g.
528 3230 629 3305 Beni.
646 3252 703 3315 pro
718 3230 827 3312 adusq.
847 3230 909 3311 ing.
930 3250 1022 3312 praep.
1043 3249 1104 3289 οιιι.
1125 3229 1239 3312 aliquot
1251 3230 1365 3297 wanti
1383 3230 1470 3292 Febr.
1490 3232 1576 3294 Rem.

194 3342 247 3403 Bet.
261 3362 287 3405 ι.
305 3338 397 3401 dead.
416 3338 516 3401 Vinnr.
536 3338 631 3398 Senat
647 3360 672 3402 ι.
692 3338 810 3400 Vretr.
831 3336 899 3397 Eec.
919 3336 1015 3399 Strut.
1036 3333 1133 3395 Gnell'.
1145 3356 1170 3394 ι.
1184 3334 1251 3397 nd.
1262 3333 1290 3408 l.
1302 3356 1331 3419 7.
1343 3356 1373 3417 9.
1390 3356 1435 3395 ιο.
1450 3356 1496 3397 ιι.
1507 3337 1575 3421 Teg.

193 3446 309 3511 Betui.
333 3444 444 3523 ertt'utq.
459 3462 516 3523 pro
535 3441 596 3509 Erl,
614 3442 649 3503 B.
660 3442 731 3503 Pub.
754 3440 949 3523 pollicitante
968 3443 1071 3505 insert.
1086 3462 1112 3500 ι.
1133 3440 1231 3501 Gueli.
1251 3460 1298 3501 ιι.
1327 3460 1368 3529 ιιι.
1382 3460 1438 3505 see.
1462 3442 1575 3507 Isidi.

194 3550 351 3633 digrediens
363 3548 452 3613 Fsbr.
464 3546 525 3607 Bet.
541 3568 566 3611 ι.
576 3547 605 3619 A.
624 3546 693 3607 Vin.
710 3568 734 3611 r.
755 3546 822 3606 Sen.
836 3546 935 3612 usus.
951 3544 1055 3605 Frsne.
1075 3545 1172 3607 Guelf.
1185 3567 1211 3611 ι.
1223 3566 1251 3605 ι.
1263 3545 1292 3617 d.
1304 3566 1334 3625 9.
1348 3565 1394 3605 ιο.
1408 3566 1454 3605 ιι.
1474 3564 1578 3608 omnes

194 3658 267 3721 isid.
281 3666 382 3739 prrtter
399 3658 422 3713 l.
442 3652 565 3713 Petite.
576 3651 607 3717 b.
620 3651 649 3714 d.
664 3674 690 3712 e.
711 3650 795 3711 Bern.
809 3672 835 3711 ι.
846 3650 876 3711 3.
904 3660 1034 3711 montem
1051 3648 1138 3711 Febr.
1154 3671 1180 3710 ι.
1204 3649 1307 3713 Frenc.
1331 3648 1488 3709 οὸοοιινοιο
1508 3650 1576 3712 Est.

194 3783 265 3845 egm.
277 3758 400 3823 insursu
418 3757 481 3817 Bas.
498 3777 524 3815 ι.
541 3757 620 3817 Vrat.
637 3778 662 3821 ι.
675 3778 701 3816 ι.
722 3755 855 3821 curiit.
870 3776 918 3823 ro,
931 3776 977 3817 ιι.
991 3774 1037 3813 ιι.
1055 3754 1209 3821 [eidus.
1224 3755 1244 3812 l.
1259 3757 1280 3812 l.
1301 3752 1386 3812 Puris.
1396 3752 1427 3819 l).
1448 3756 1577 3817 constitit

193 3867 295 3933 iuris.
313 3866 402 3928 tiirii.
422 3862 570 3924 constituit
583 3862 685 3943 reliqui
702 3882 812 3921 ornnes.
830 3880 918 3941 pros.
940 3859 1068 3919 hostibus
1086 3857 1177 3924 dead.
1195 3860 1292 3924 Slrut.
1311 3857 1416 3923 irunt.
1437 3858 1535 3921 eseli.
1547 3862 1576 3925 3.

193 3998 218 4058 7·
229 3995 256 4059 9.
270 3994 315 4035 ιο.
332 3992 379 4031 ιι.
395 3989 441 4033 ιο.
459 3966 540 4028 Leid.
553 3966 583 4031 b.
598 3968 627 4031 d.
643 3987 669 4027 e.
684 3968 705 4029 i.
718 3966 746 4027 k.
755 3988 796 4025 ιο.
816 3966 918 4039 ΒΜ.
937 3964 1007 4026 Tur.

266 4100 339 4183 Cep.
355 4102 404 4161 50.
423 4097 544 4178 digredi
559 4096 644 4157 Febr.
663 4098 731 4162 vin.
750 4094 839 4161 lead.
857 4096 926 4155 Seu.
940 4114 966 4153 1.
986 4095 1045 4158 ine.
1064 4092 1161 4155 surr.
1178 4091 1246 4153 Eee.
1266 4092 1366 4155 Gnell.
1382 4116 1451 4178 ι.9.
1470 4118 1516 4157 ιο.
1528 4120 1575 4159 ιι.

194 4230 288 4274 omnes
301 4205 383 4269 isici
397 4205 528 4287 preterl.
555 4201 616 4262 Bas.
625 4203 654 4275 4.
680 4201 765 4269 Bern.
779 4225 804 4264 ι.
816 4201 845 4264 3.
871 4220 910 4262 ⁶2
922 4197 999 4261 anni
1011 4194 1146 4278 lempm'o
1158 4195 1272 4259 Febris.
1301 4197 1398 4261 Gnell.
1412 4202 1443 4262 3.
1464 4224 1504 4265 ιο.
1517 4224 1574 4267 ue.

1134 4328 1277 4401 18=
