4050 5009
539 397 608 487 ¹24

533 555 665 648 cedere
689 573 847 649 instanti
873 592 911 650 et
940 575 1074 680 paullo
1100 591 1203 681 post,
1237 605 1286 652 ne
1312 576 1371 651 sui
1403 575 1636 664 diffiderent,
1662 573 1836 647 instare:
1874 567 1923 641 ita

533 696 626 771 belli
657 696 798 789 modo,
833 694 947 775 modo
974 701 1079 805 pacis
1104 728 1232 790 mora,
1268 700 1471 775 Consulem
1491 697 1697 774 ludificare.
1736 701 1791 771 Aa
1810 693 1927 777 suere,

533 819 602 923 qui
622 824 708 896 tum
727 821 914 897 Albinum
939 821 1044 900 haud
1065 826 1241 928 ignarum
1267 825 1415 899 consilii
1436 824 1529 928 regis
1550 823 1841 908 existumarent,
1867 841 1928 889 ne·

534 970 673 1046 queen
690 961 796 1019 tanta
822 949 1068 1051 properantia
1082 965 1160 1023 tam
1178 948 1289 1023 facile
1312 965 1476 1024 tractum
1497 948 1642 1022 bellum
1665 943 1833 1020 socordia
1853 966 1928 1014 ma·

533 1067 587 1171 gis
610 1095 728 1170 quam
753 1068 842 1144 dolo
862 1068 1065 1145 crederent
1105 1073 1176 1146 Sed
1194 1087 1417 1175 postquam,
1441 1071 1587 1175 dilapso
1608 1087 1796 1174 tempore,
1819 1064 1929 1140 comi·

533 1191 675 1265 tiorum
693 1191 771 1266 (lies
788 1193 1039 1288 adventabat3
1069 1195 1249 1284 Albinus,
1272 1196 1371 1269 Aulo
1387 1196 1505 1270 fratre
1528 1197 1569 1270 in
1591 1193 1720 1269 castris
1742 1219 1814 1297 pro
1837 1191 1929 1262 Prae-

485 1329 614 1405 37tore
637 1315 789 1407 relicto,
809 1317 969 1391 Romam
990 1317 1152 1392 decessit
1204 1321 1257 1394 Ea
1288 1336 1505 1424 tempestate
1535 1321 1662 1395 Romoe
1685 1313 1928 1392 seditionibus

534 1439 752 1513 tribuniciis
792 1440 972 1516 atrociter
1005 1443 1217 1546 respublica
1257 1433 1479 1548 agitabatur.
1530 1448 1568 1518 P.
1601 1441 1785 1518 Lucullus
1826 1455 1862 1513 et
1894 1439 1928 1508 L

539 1563 708 1652 Annius,
720 1563 868 1638 tribuni
878 1565 1017 1668 plebis,
1040 1557 1295 1642 resistentibus
1313 1568 1481 1672 collegis,
1497 1569 1725 1643 continuare
1742 1564 1929 1665 magistra·

533 1704 618 1761 tum
648 1687 899 1763 nitebantur:
934 1715 1022 1792 quae
1051 1689 1228 1766 dissensio
1252 1678 1374 1766 totius
1397 1693 1490 1767 anni
1517 1692 1668 1766 comitia
1694 1684 1928 1791 impediebat.

532 1813 587 1884 Ea
608 1812 713 1886 mora
739 1812 779 1885 in
805 1839 910 1916 spem
933 1813 1121 1888 adductus
1141 1814 1278 1905 Aulus,
1305 1843 1420 1918 quem
1449 1843 1520 1919 pro
1547 1819 1711 1890 Praetore
1743 1809 1929 1887 incastris

533 1935 710 2009 relictum
726 1937 841 2039 supra
860 1935 1025 2011 diximus
1038 1995 1047 2029 ‚
1059 1929 1128 2012 aut
1148 1937 1382 2013 conficiundi
1398 1939 1489 2013 belli
1511 1956 1579 2014 aut
1597 1956 1739 2014 terrore
1750 1935 1929 2012 exercitus

533 2059 583 2131 ab
612 2084 698 2162 rege
716 2059 892 2160 pecuniae
909 2061 1144 2165 capiundae,
1172 2063 1309 2138 milites
1329 2089 1455 2138 mense
1481 2064 1661 2139 Ianuario
1698 2057 1930 2137 exhibentis

533 2181 576 2255 iri
611 2181 892 2284 expeditionem
922 2201 1082 2278 evocat3
1111 2185 1334 2290 magnisque
1364 2187 1583 2278 itineribus,
1620 2186 1746 2262 hieme
1782 2210 1930 2289 aspera,

533 2305 706 2410 pervenit
736 2305 788 2380 ad
825 2307 1011 2411 oppidum
1040 2307 1200 2401 Suthul,
1229 2311 1298 2384 ubi
1331 2313 1425 2415 regis
1456 2311 1623 2388 thesauri
1647 2327 1765 2386 erant
1818 2303 1928 2405 Quod

533 2452 769 2532 quamquam
793 2445 831 2504 et
854 2431 993 2504 soevitia
1017 2434 1215 2536 temporis,
1247 2450 1285 2508 et
1308 2437 1595 2537 opportunitate
1621 2436 1694 2512 loci
1721 2455 1847 2539 neque
1875 2417 1929 2506 cass

532 2554 593 2656 pi,
619 2579 743 2654 neque
759 2552 920 2628 obsideri
940 2571 1106 2657 poterat:
1131 2557 1248 2653 (nam
1265 2541 1607 2650 circummurum,
1641 2561 1758 2636 situm
1774 2559 1815 2633 in
1842 2581 1930 2661 proe·

533 2677 640 2780 rupti
655 2677 794 2753 montis
810 2695 996 2769 extremo,
1020 2679 1196 2782 planities
1216 2680 1347 2756 limosa
1372 2679 1600 2758 hiemalibus
1625 2685 1733 2790 aquis
1753 2681 1929 2788 paludem

533 2798 701 2899 fecerat)
729 2819 854 2876 tamen
876 2819 944 2875 aut
965 2802 1172 2878 simulandi
1195 2804 1334 2907 gratia,
1359 2835 1437 2910 quo
1455 2807 1531 2911 regi
1553 2807 1796 2882 formidinem
1819 2803 1927 2880 adde-

534 2941 614 3014 ret,
638 2940 707 2998 aut
730 2925 911 3030 cupidine
934 2951 1054 3001 eaecus
1080 2927 1128 3000 ob
1150 2926 1342 3005 thesauros
1360 2931 1492 3034 oppidi
1528 2929 1725 3035 potiundi,
1746 2929 1872 3004 vineas
1889 2954 1926 3000 a·

417 3104 420 3111 ¹
440 3145 449 3160 ι
502 3097 510 3105 .
534 3122 610 3182 Edit.
632 3125 735 3185 cedere
751 3122 818 3186 inst.
841 3124 900 3185 tu.
918 3125 987 3208 Τις.
1001 3125 1063 3186 Bas.
1078 3150 1102 3188 ι.
1112 3129 1140 3198 4.
1155 3125 1224 3192 Tur.
1239 3127 1322 3186 Bern.
1334 3133 1360 3191 ὃ.
1371 3096 1468 3189 ⁰Rom.
1483 3130 1595 3190 (uecors.
1617 3128 1713 3192 Guell.
1732 3151 1759 3195 1.
1774 3135 1802 3193 3.
1823 3129 1887 3192 t'iu.
1903 3148 1926 3186 ι.

531 3227 617 3293 Fabr.
628 3231 687 3291 inc.
701 3251 727 3290 ι.
741 3231 808 3289 Seu.
823 3253 848 3290 ι.
870 3253 910 3289 ιιι.
919 3253 974 3290 rec.
994 3231 1074 3291 Leid.
1086 3256 1111 3292 c.
1124 3235 1143 3291 l.
1154 3231 1184 3291 h.
1195 3237 1214 3291 Ι.
1225 3232 1297 3297 ῗάιιο
1309 3233 1395 3294 nisti.
1418 3240 1514 3314 plures
1527 3235 1585 3294 Pal.
1605 3234 1714 3296 secessit
1728 3233 1824 3298 Guell.
1834 3255 1861 3314 7.
1880 3251 1926 3291 re-

532 3333 613 3395 cessit
621 3335 689 3397 Vin.
700 3355 728 3395 2.
746 3335 794 3396 rlc.
805 3337 885 3396 Vrat.
899 3356 926 3400 a.
946 3336 1042 3400 Strur.
1063 3338 1123 3398 inc.
1135 3335 1254 3396 aliem.
1268 3357 1295 3397 a.
1316 3337 1418 3398 Frena.
1440 3337 1536 3398 Guell.
1547 3340 1575 3409 4.
1589 3360 1634 3398 ιι.
1655 3339 1769 3399 Laida.
1779 3338 1926 3420 b.d.g.m.

615 3487 689 3571 Cap.
701 3491 750 3572 37.
772 3510 855 3569 qrtam
871 3489 1032 3551 Proetorem
1052 3488 1136 3548 Fabr.
1157 3487 1426 3569 approbatorem
1447 3491 1513 3550 Eae.
1531 3512 1586 3572 pro
1602 3492 1730 3552 Praetura
1749 3488 1841 3552 Curtii
1858 3493 1924 3572 plu·

534 3594 603 3653 rimi
628 3595 707 3653 libri.
731 3598 822 3654 nostri
840 3613 951 3657 omum.
974 3597 1078 3669 confir.
1094 3593 1168 3654 belli.
1189 3597 1238 3654 alti
1254 3594 1321 3655 libri
1341 3615 1445 3667 curua,
1465 3596 1516 3655 alii
1533 3596 1652 3676 gratia,
1672 3598 1723 3656 alii
1741 3616 1789 3676 spa
1809 3593 1925 3656 addunt·

534 3699 614 3774 quod
625 3717 740 3776 quamq.
760 3719 848 3778 pron.
868 3719 930 3779 orn.
949 3698 1018 3780 Τις.
1038 3697 1136 3760 Turic-
1165 3719 1206 3758 m.
1219 3720 1275 3776 sec.
1295 3700 1410 3760 adiecit.
1431 3720 1494 3780 cap.
1509 3721 1572 3782 pec.
1593 3701 1661 3784 Τις.
1681 3721 1718 3762 ea
1738 3697 1925 3762 hibernaculis

532 3801 629 3863 Strui.
649 3802 708 3862 inc.
726 3823 751 3860 ι.
772 3801 890 3863 Vratd.
910 3803 1007 3862 Gucls.
1019 3803 1047 3873 4.
1058 3825 1086 3881 9.
1104 3825 1148 3866 ιι.
1164 3825 1209 3864 ιι.
1234 3805 1314 3865 Leid.
1325 3825 1350 3870 c.
1358 3803 1389 3864 1ι.
1400 3827 1430 3864 n.
1460 3807 1576 3886 magnis
1592 3805 1656 3866 trin.
1683 3805 1769 3866 Fabr.
1790 3805 1885 3866 Guell.
1897 3823 1922 3864 a.

537 3925 584 3964 ra.
603 3905 672 3964 Tur.
691 3905 750 3964 Erl.
771 3905 831 3965 Bas.
843 3907 872 3976 4.
892 3927 929 3968 ac
940 3907 1056 3986 mugnis
1073 3905 1158 3974 Fabr.
1171 3929 1197 3970 a.
1219 3910 1255 3971 ab
1272 3910 1343 3970 thes.
1359 3933 1424 3990 opp.
1444 3932 1506 3971 om.
1526 3912 1585 3970 duo
1602 3911 1716 3974 tt'auii.
1730 3911 1766 3971 ob
1782 3911 1924 3972 thesauros

531 4007 690 4088 potitmdas
707 4007 775 4092 Teg.
795 4009 908 4072 Fabric.
925 4033 952 4071 ι.
972 4012 1103 4073 thesauri
1118 4035 1165 4094 op.
1184 4013 1281 4078 Guels.
1292 4037 1321 4096 9.
1347 4015 1410 4075 alia
1424 4035 1489 4094 quae
1504 4037 1578 4075 unus
1593 4017 1705 4078 iliassii.
1725 4015 1815 4076 head.
1834 4015 1922 4075 Strui.

531 4122 702 4191 preparare
720 4117 817 4194 plures
835 4115 923 4178 nivii.
953 4116 1099 4177 Commel.
1128 4116 1240 4180 Fabric.
1261 4119 1329 4184 vin.
1346 4140 1371 4180 1.
1391 4119 1495 4181 Franc.
1518 4119 1585 4184 Ecc.
1601 4121 1700 4205 §uun
1722 4120 1819 4182 Guell.
1832 4143 1862 4204 9.
1881 4141 1921 4184 ιι.

533 4214 602 4281 sen.
615 4235 641 4279 ι.
662 4215 759 4279 castr.
774 4237 820 4281 aa.
841 4241 884 4280 m.
896 4239 952 4282 aec.
970 4219 1032 4280 Bru.
1046 4219 1075 4292 4.
