4050 5009
397 364 470 438 326

398 555 458 619 cir.
479 551 607 645 ingens
627 552 755 620 virium
777 548 963 636 animique
988 555 1025 617 11.
1050 558 1081 617 3.
1110 557 1159 618 18.
1189 550 1321 620 dubius
1347 550 1496 622 consilii
1520 565 1549 623 3.
1579 564 1631 624 33.
1664 561 1801 629 annius

396 658 515 724 animi
524 681 555 740 q.
572 665 599 726 5.
616 658 749 726 nimius
763 655 880 724 animi
897 662 927 732 t.
945 681 990 740 ¹7·
1012 661 1119 724 lectus
1129 655 1292 751 frugum
1312 663 1347 724 11.
1369 679 1398 724 1.
1420 661 1571 729 consilii
1588 687 1686 755 oeger
1705 673 1734 742 t.
1751 675 1804 733 31.

398 763 613 832 immodicus
634 761 751 829 animi
769 765 837 828 inc.
859 769 908 827 30.
931 761 1019 830 belli
1035 761 1153 829 sciens
1175 771 1242 829 113.
1249 766 1433 852 firmatus
1452 767 1573 834 enimi
1590 776 1621 841 5,
1644 791 1697 852 aq.
1716 795 1806 859 prae-

398 880 490 936 terea
510 871 571 936 cfr.
592 871 764 936 dictiones
778 865 887 952 pensi
904 869 1189 934 buterenses.
1207 867 1316 953 pensi
1333 893 1380 936 ac
1401 874 1584 940 moderati
1602 877 1734 946 iubere
1756 899 1805 946 11.

391 973 501 1059 pensi
516 983 580 1040 est.
603 981 654 1040 51.
675 973 784 1059 pensi
802 997 847 1039 uc
866 973 992 1039 sancti
1010 977 1140 1040 habere
1168 987 1202 1042 J.
1222 993 1273 1052 41.
1305 980 1462 1058 quamvis
1491 981 1580 1045 enim
1603 981 1713 1065 pensi
1735 1005 1802 1069 pro

397 1080 552 1166 genitivo
568 1080 675 1167 pretii
695 1080 837 1165 habeas,
859 1083 1004 1144 candem
1026 1088 1140 1144 tamen
1161 1089 1365 1146 structuram
1378 1087 1422 1146 ad
1438 1086 1621 1152 moderati
1632 1096 1669 1152 et
1680 1087 1805 1153 suncti

398 1187 579 1252 transferre
600 1209 704 1270 quam
725 1187 872 1251 maxime
892 1195 942 1250 est
962 1187 1163 1270 insolitum,
1185 1186 1316 1270 quippe
1333 1197 1373 1250 ut
1391 1199 1561 1254 sanctum
1583 1191 1733 1274 iubere,
1754 1193 1804 1257 ita

398 1292 502 1355 etiarn
523 1293 750 1360 moderatum
772 1292 921 1367 habere,
948 1293 1064 1358 dicere
1083 1293 1185 1355 licuit
1192 1318 1202 1367 ;
1233 1294 1385 1358 diversus
1405 1304 1456 1358 est
1474 1295 1649 1381 genitivus
1668 1298 1708 1360 in
1729 1300 1805 1362 dio-

398 1395 551 1463 tionibus
574 1396 769 1480 quidboni
788 1405 841 1462 est
860 1409 892 1466 J·
911 1401 961 1463 88.
983 1394 1075 1481 quid
1090 1397 1198 1462 uliud
1214 1393 1350 1480 reliqui
1368 1401 1412 1467 H.
1434 1403 1461 1462 1.
1486 1404 1532 1462 15.
1554 1398 1652 1464 nihil
1668 1400 1804 1486 reliqui

398 1499 509 1566 lacere
529 1507 567 1567 G.
589 1506 701 1568 11.18.
726 1503 815 1586 quid
833 1499 971 1587 reliqui
988 1503 1156 1570 habemus
1172 1521 1222 1566 1ο.
1247 1503 1311 1565 ubi
1324 1514 1454 1586 aperte,
1470 1509 1565 1588 quod
1578 1507 1799 1590 predicatum

398 1618 465 1680 est,
485 1627 548 1692 per
569 1609 809 1673 attractionem
828 1609 981 1688 subjecto
1004 1609 1201 1693 adpositum
1223 1618 1283 1672 cst.
1305 1611 1393 1672 Nam
1413 1609 1516 1673 etiam
1539 1610 1719 1693 reliquum
1730 1607 1801 1702 fa·

399 1732 479 1776 cere
508 1722 541 1776 et
561 1712 692 1777 hebere
719 1713 858 1780 dicitur.
883 1715 964 1780 ride
994 1716 1070 1778 Iud.
1090 1715 1210 1798 eadem
1231 1724 1280 1778 est
1298 1717 1385 1805 ratio
1406 1722 1582 1779 structura
1602 1713 1701 1779 nilsil
1719 1718 1802 1780 lon·

397 1814 504 1905 guidi
522 1826 590 1880 out
609 1815 754 1884 remissi
765 1817 854 1903 peti
871 1831 904 1886 J.
921 1823 967 1884 53.
988 1841 1070 1882 nam
1089 1818 1237 1904 genitivi
1256 1820 1335 1883 loco
1356 1821 1585 1886 accusativum
1606 1823 1688 1885 ride
1706 1820 1802 1907 posi·

400 1925 556 1986 tumlti.
584 1925 696 1988 Multa
721 1935 887 2008 praterea
913 1927 1007 2008 apud
1035 1943 1115 1988 eum
1144 1932 1226 1988 sunt
1253 1927 1408 2010 exemplu
1429 1929 1513 1992 Gen.
1535 1928 1697 2014 gerundii
1722 1947 1801 1992 cum

399 2028 609 2092 substantivo
626 2028 739 2107 juncti
760 2033 804 2094 ad
826 2031 1028 2114 qualitatem
1049 2027 1195 2108 alicujus
1215 2029 1268 2096 rei
1288 2030 1536 2112 explicandam.
1558 2037 1620 2096 cir.
1640 2033 1684 2094 11.
1706 2033 1800 2094 1.15.

399 2133 489 2213 1.19.
510 2133 570 2197 cir.
593 2136 630 2202 C.
646 2138 676 2203 6.
698 2133 838 2224 regium
857 2130 1048 2219 imperium
1069 2136 1323 2199 conservandae
1336 2131 1520 2201 libertatis
1525 2133 1671 2226 fueret.
1689 2145 1723 2200 et
1743 2136 1801 2198 cir.

402 2241 533 2302 Comm.
555 2243 655 2304 adh.
677 2241 702 2302 1.
723 2245 841 2322 Neque
861 2239 1108 2324 omittendum,
1129 2236 1208 2302 cirm
1228 2238 1389 2322 pluribus
1409 2241 1634 2304 substantivis
1653 2239 1801 2304 infiniti-

399 2365 482 2408 vum
501 2366 566 2430 pro
588 2346 749 2410 Genitivo
770 2345 932 2432 gerundii
947 2344 1061 2430 jungi.
1090 2343 1153 2412 cir.
1174 2346 1210 2407 C.
1233 2365 1282 2424 17.
1312 2339 1423 2407 vivere
1440 2341 1547 2428 copia
1569 2365 1601 2422 4.
1630 2340 1800 2434 nonfuit

400 2447 595 2516 eonsilium
615 2459 802 2518 conterere
822 2451 884 2515 cir.
899 2453 948 2517 53.
974 2451 1220 2514 venderemus
1240 2453 1292 2515 3ο.
1315 2458 1349 2515 J·
1361 2449 1412 2510 80.
1431 2447 1659 2513 necessitudo
1676 2469 1802 2532 perse·

403 2555 468 2637 qui
490 2573 557 2620 roa.
579 2565 718 2639 tempus
736 2551 890 2643 adgredi
908 2557 958 2634 89.
980 2553 1042 2620 cfr.
1065 2550 1405 2634 Ramshorn.§.168.
1427 2554 1465 2614 Α.
1477 2555 1518 2618 Ν.
1545 2574 1572 2613 1.
1590 2553 1669 2614 Fuit
1689 2573 1802 2637 nuper

401 2661 463 2743 qui
482 2665 575 2726 hunc
606 2659 667 2730 inf.
694 2660 742 2721 ita
769 2659 1066 2740 interpretaretur,
1094 2665 1134 2716 ut
1161 2651 1269 2731 copia
1297 2662 1350 2716 est
1379 2661 1443 2717 etc.
1469 2674 1534 2737 pro
1559 2655 1666 2718 verbo
1694 2676 1725 2720 e.
1746 2677 1799 2742 gr.

398 2764 485 2831 lieet
505 2768 635 2830 dictum
656 2783 727 2830 esse
747 2771 918 2846 statueret,
938 2760 1038 2842 quasi
1057 2759 1093 2822 id
1112 2768 1280 2844 ageretur,
1303 2778 1380 2840 quse
1399 2760 1506 2823 verba
1525 2759 1633 2824 alicui
1652 2762 1801 2825 dictioni

397 2871 694 2936 substituerentur.
736 2875 853 2951 Neque
874 2867 954 2931 satis
974 2865 1099 2928 habuit
1119 2863 1193 2949 ipse
1212 2862 1343 2928 insulsa
1364 2865 1485 2949 loqui,
1509 2869 1570 2933 sed
1590 2865 1693 2931 etiam
1713 2869 1801 2932 alios

397 2977 491 3041 idem
505 2977 631 3040 sentire
643 2976 807 3039 mentitus
828 2983 888 3038 est.
906 2973 1045 3036 Scilicet
1065 2970 1259 3035 infinitivus
1278 2970 1469 3050 subjectum
1489 2979 1557 3051 est;
1577 2972 1677 3038 licuit
1696 2974 1800 3037 etiam

398 3079 553 3166 genitivo
574 3079 736 3164 gerundii
758 3079 821 3163 uti,
841 3079 871 3141 si
892 3079 1079 3142 maximam
1098 3077 1171 3140 rim
1191 3077 1232 3141 in
1252 3073 1360 3161 copia
1380 3085 1499 3140 auctor
1517 3077 1665 3161 positam
1684 3079 1799 3144 vellet.

399 3185 459 3250 cir.
478 3197 511 3255 J.
532 3204 581 3251 11.
610 3187 670 3249 fin.
702 3188 820 3249 eadem
852 3194 901 3246 est
927 3183 1013 3245 ratio
1042 3183 1080 3243 in
1110 3179 1306 3244 consilium
1333 3189 1396 3244 est.
1427 3179 1488 3242 cir.
1507 3182 1543 3243 11.
1563 3183 1590 3242 1.
1615 3188 1662 3246 15.
1684 3203 1799 3264 neque

393 3289 481 3378 pati
499 3285 692 3358 consilinm
715 3297 778 3352 est.
800 3297 833 3350 et
854 3289 888 3351 h.
911 3289 938 3352 1.
964 3305 1011 3362 19·
1043 3284 1175 3346 bellum
1194 3279 1281 3364 poti
1299 3279 1493 3346 consilium
1521 3289 1583 3344 est.
1613 3283 1673 3347 cir.
1692 3297 1725 3350 J.
1747 3289 1799 3350 85.

398 3419 437 3463 ea
448 3397 500 3462 uti
510 3398 681 3466 deseram,
692 3411 767 3454 non
778 3397 830 3452 est
842 3382 1047 3464 eonsilium.
1059 3381 1195 3463 Dutivq
1204 3383 1328 3467 saepius
1336 3386 1433 3448 locus
1443 3396 1492 3449 est
1500 3390 1592 3468 apud
1598 3387 1799 3467 Salustium,

398 3503 460 3565 ubi
481 3523 522 3566 er
540 3497 675 3582 vulgari
695 3491 864 3577 loquendi
882 3509 947 3555 usu
968 3486 1148 3552 Genitivus
1165 3489 1221 3554 vel
1241 3489 1330 3552 alius
1351 3508 1447 3554 casus
1466 3499 1539 3556 erat
1558 3492 1724 3557 usitatior.
1745 3499 1799 3560 Ita

397 3606 490 3672 enim
511 3603 638 3671 clarius
657 3600 879 3689 perspicitur,
900 3601 944 3686 ad
964 3615 1068 3680 quam
1086 3615 1269 3681 personam
1288 3596 1407 3659 omnia
1420 3597 1601 3662 referenda
1620 3599 1700 3675 sint,
1721 3603 1799 3666 ani·

398 3729 603 3791 morumque
616 3718 728 3773 motus
739 3705 986 3793 significantius
999 3704 1247 3788 exprimuntun
1260 3701 1342 3785 quia
1349 3703 1442 3767 tertii
1450 3723 1589 3768 casusea
1596 3707 1751 3782 curatio,
1759 3717 1798 3770 ut

397 3815 441 3878 ab
464 3813 607 3876 actionis
621 3815 764 3880 notione
785 3809 918 3896 sejungi
939 3831 1010 3875 non
1023 3809 1150 3895 possit,
1170 3827 1200 3873 e.
1214 3827 1264 3894 gr.
1285 3811 1409 3873 ducem
1431 3805 1516 3890 illis,
1536 3829 1612 3874 non
1631 3808 1795 3876 animum

399 3926 584 3985 mutatum
611 3931 642 3987 J.
663 3937 711 4000 49.
741 3937 814 3998 quo
834 3911 894 3978 illi
913 3914 1101 3978 descensus
1122 3922 1204 3978 eret
1224 3917 1262 3978 (1.
1285 3919 1334 3997 ⁵7·
1352 3913 1556 4004 Jugurlhae
1573 3933 1652 3979 noo:
1670 3912 1796 3998 quieta

388 4022 474 4117 suit
490 4043 539 4110 71.
551 4021 624 4089 illis
634 4018 751 4088 animi
760 4028 962 4108 augescunt
976 4021 1026 4083 51.
1045 4019 1142 4083 coiri
1155 4014 1301 4082 animus
1313 4017 1359 4081 oi
1374 4015 1520 4108 rgnunu
1533 4027 1731 4103 corruptus
1743 4024 1794 4088 51.

386 4127 547 4215 flamma
568 4128 699 4194 crescit
712 4121 868 4215 egregiis
888 4120 973 4189 viris
992 4125 1031 4188 in
1051 4133 1198 4210 pectore.
1214 4128 1244 4198 l.
1263 4123 1374 4188 exitus
1394 4121 1510 4187 tantis
1530 4122 1699 4200 melissa.
1720 4121 1795 4190 illis

397 4235 643 4299 dominationis
663 4231 775 4297 socius
805 4233 839 4295 11.
861 4233 961 4296 5.11.
993 4225 1190 4295 certamini
1209 4225 1350 4294 conscii
1374 4228 1442 4292 inc.
1465 4231 1533 4296 168.
1567 4231 1793 4296 commodum
