4050 5009
1588 391 1661 468 535

245 587 319 667 imp.
340 582 441 648 crerit.
453 577 486 644 b.
506 579 579 648 bon.
600 588 656 643 art.
667 585 702 644 b.
720 579 773 642 sed
793 581 992 644 commodos.
1013 583 1085 646 ieet.
1106 591 1149 644 est
1167 580 1216 644 bs.
1248 603 1335 667 prop.
1355 585 1518 648 virtutibx.
1551 607 1660 671 corpus

244 688 334 754 virile
345 691 543 772 animumque
553 688 584 750 b.
598 690 676 756 alins
689 689 765 750 elios
778 707 864 772 apres
876 693 909 750 h.
922 690 1050 753 simones
1062 687 1213 750 habebant
1224 709 1253 752 x.
1262 689 1294 752 b.
1309 711 1350 750 m.
1363 712 1394 752 se
1404 713 1431 754 o.
1441 727 1484 744 -
1502 692 1536 754 1..
1545 695 1658 775 syllaba

244 797 289 860 br'a
306 817 332 858 s.
351 801 386 860 in
406 797 515 863 cirise.
534 797 607 858 ciris
626 798 706 876 (sup.
727 799 784 858 lio.
803 796 835 876 e)
855 818 883 857 e.
903 796 982 890 cives
1003 795 1035 858 b.
1055 797 1089 857 in
1108 795 1177 860 Asia
1197 795 1261 858 abr.
1283 795 1406 860 emeras
1424 819 1452 860 x.
1471 798 1554 864 duct.
1574 793 1608 862 in
1628 823 1657 866 a.

244 904 277 966 b.
307 906 498 988 voluptuaria
518 923 548 965 x.
581 914 654 966 sunt
672 902 712 962 ad
730 901 762 962 b.
800 899 881 962 nibil
903 905 1035 983 relinqui
1055 925 1083 966 s.
1112 902 1224 966 nedum
1245 903 1309 964 illis
1329 923 1392 966 cor.
1412 925 1439 966 ι.
1466 903 1657 990 obtempera..

244 1020 313 1072 sent
330 1009 381 1074 bx.
420 1041 440 1060 -
454 1030 530 1072 ra.-
548 1019 705 1091 coeperuut
723 1029 752 1068 x.
781 1004 921 1090 nihilque
939 1007 1085 1070 moderati
1106 1029 1149 1072 ou.
1168 1019 1258 1092 alque
1278 1007 1360 1072 mod.
1382 1009 1412 1072 b.
1433 1029 1499 1074 strat
1518 1011 1601 1074 dom.
1623 1014 1656 1076 b.

245 1116 397 1180 edomas
416 1139 444 1180 x.
490 1119 594 1183 -ι5.-
622 1125 772 1178 constrata
792 1133 851 1180 cre.
879 1112 964 1178 abuti
984 1113 1096 1178 divitiis
1114 1135 1143 1178 x.
1172 1135 1237 1179 non
1264 1115 1348 1182 sitin
1378 1127 1431 1180 tut
1460 1119 1656 1182 laxitudinem

243 1245 270 1284 x.
299 1226 399 1286 lamen
418 1243 446 1285 c.
474 1221 573 1284 modis
594 1221 711 1284 omnib.
731 1243 760 1284 x.
799 1219 906 1293 -rd-
926 1223 959 1282 in
980 1231 1064 1282 tenta
1084 1225 1187 1304 itaque
1207 1234 1329 1306 umque
1347 1238 1396 1295 ex.
1422 1227 1487 1288 ates
1507 1245 1602 1308 gunea
1622 1227 1655 1288 b.

245 1332 307 1390 oles
327 1349 422 1391 manu
440 1350 500 1396 ces.
526 1329 718 1411 dissipaverat
736 1329 814 1409 (sup.
836 1328 892 1389 lin.
913 1326 1105 1410 abligurierat
1125 1333 1172 1391 rel
1193 1329 1379 1408 laceraverat)
1399 1329 1428 1392 b.
1459 1333 1608 1414 patricida
1626 1355 1655 1396 x.

243 1433 289 1494 tit
306 1432 380 1499 Cat.
400 1458 425 1497 z.
446 1438 502 1516 (ita
521 1437 647 1517 saepius.)
666 1437 766 1516 ιιάιιιο
785 1433 866 1498 cs've'ls‘
883 1433 1070 1515 sangnineb.
1091 1456 1228 1498 maxume
1247 1443 1391 1516 juvenum
1413 1441 1460 1503 rel
1480 1437 1658 1500 adulescen-

243 1545 319 1602 ticm
340 1542 371 1603 b.
393 1552 466 1603 cett.
484 1563 511 1602 r.
529 1544 620 1602 inleo.
639 1563 663 1606 z.
684 1553 761 1604 etate
781 1552 812 1603 et
830 1540 905 1603 fluxi
923 1563 948 1603 e.
968 1540 1075 1604 -m-
1093 1542 1197 1604 adulta
1217 1544 1294 1625 (sup.
1314 1544 1371 1604 liu.
1391 1542 1453 1622 ιιιη)
1476 1565 1502 1606 ι.
1523 1555 1652 1606 mentem

242 1647 758 1729 erogitstem(aup.liu.e1citatsm)
778 1646 809 1708 b.
829 1651 914 1710 color
933 1649 962 1708 ei
981 1650 1121 1731 mugnis
1140 1653 1221 1712 bosa.
1239 1649 1328 1710 -16.-
1347 1651 1430 1710 inlex
1449 1671 1507 1710 err.
1529 1649 1653 1712 exobta-

241 1753 316 1814 bant
338 1753 369 1812 b.
405 1756 519 1834 petenti
539 1773 581 1816 cs.
614 1763 761 1836 oportune
780 1773 823 1814 ιι.
860 1753 914 1833 (ita
940 1754 1067 1836 sepius.)
1115 1775 1217 1837 ·²7··
1247 1765 1278 1815 et
1303 1755 1437 1836 primurn
1468 1755 1596 1818 audaciae
1616 1761 1650 1818 b.

241 1879 266 1918 ι.
293 1863 363 1920 lseoa
383 1857 462 1941 (sup.
481 1860 537 1920 lin.
557 1859 588 1938 c)
606 1881 649 1922 ce.
678 1864 743 1942 lego
763 1859 794 1920 b.
815 1863 897 1922 lecca
916 1881 945 1924 x.
965 1864 1070 1943 eliqua
1090 1861 1277 1926 necessitudo
1298 1881 1356 1923 cnr.
1397 1861 1490 1924 -rb-
1509 1865 1602 1944 ponii
1623 1865 1654 1926 b.

242 1968 299 2028 tois
319 1976 377 2028 cat.
396 1969 428 2024 b.
448 1976 479 2025 et
499 1985 541 2025 m.
561 1967 623 2046 lep.
642 1986 668 2025 e.
689 1975 755 2047 opt.
775 1964 840 2026 bre.
878 1986 986 2044 -r9.-
1004 1970 1166 2046 conplures
1186 1967 1267 2030 berz.
1300 1967 1360 2030 Gn.
1379 1969 1503 2050 pompei
1522 1969 1585 2032 boz.
1618 1972 1651 2031 in

241 2072 394 2154 provincia
413 2075 446 2136 b.
485 2071 538 2150 qui
572 2071 615 2131 ita
643 2070 747 2132 dicent
774 2068 839 2130 bes.
879 2087 979 2130 -so.·
1006 2071 1104 2130 multa
1139 2089 1209 2129 cum
1250 2072 1376 2150 singolis
1406 2071 1438 2130 b.
1479 2071 1647 2152 hujuscem.

241 2199 286 2240 or.
305 2175 377 2238 hab.
398 2175 430 2236 b.
455 2174 574 2236 secedit
590 2193 616 2235 ι.
646 2183 795 2255 oportune
822 2193 868 2236 res
889 2173 1045 2234 accidisset
1063 2194 1092 2234 c.
1131 2193 1192 2234 esse
1225 2175 1358 2234 intellexi
1378 2193 1419 2238 cr.
1450 2180 1650 2258 nosmetipsos

239 2305 282 2346 xz.
302 2283 359 2365 ipss'
376 2303 444 2364 sup.
457 2283 514 2342 lin.
533 2279 580 2342 bc.
602 2291 796 2362 posteaquem
818 2299 846 2340 e.
867 2277 1034 2342 dictionem
1056 2297 1084 2340 c.
1110 2277 1262 2340 dicionem
1282 2299 1308 2340 s.
1342 2277 1494 2342 thetrarca
1515 2302 1541 2342 o.
1577 2283 1649 2346 bon.

240 2401 333 2458 atram
365 2389 439 2450 nob.
459 2409 488 2449 x.
515 2406 579 2467 per.
607 2406 670 2467 rep.
692 2384 773 2448 bcxr.
797 2384 918 2453 Oiort.
938 2390 988 2448 bc.
1018 2383 1139 2448 Numue
1172 2386 1268 2448 emori
1299 2405 1325 2448 c.
1358 2387 1452 2448 fuerit
1477 2407 1504 2448 c.
1542 2389 1647 2475 ingen.

239 2509 293 2558 est.
312 2501 393 2558 oon.
413 2476 599 2577 pmlundant
617 2497 651 2554 in
672 2491 834 2575 extruendo
854 2511 882 2552 a.
911 2495 1050 2553 tollerare
1070 2511 1129 2572 cm.
1152 2491 1274 2556 divitias
1292 2513 1359 2556 suas
1379 2499 1460 2556 bcxr.
1487 2505 1605 2578 egestas
1624 2517 1651 2560 z.

239 2623 323 2664 -es.·
341 2599 485 2664 habunde
497 2619 522 2662 ι.
543 2598 661 2662 tametsi
682 2598 763 2660 bore.
783 2599 840 2678 (ita
858 2597 1004 2682 ubique,)
1025 2601 1195 2682 postulare,
1214 2619 1251 2662 ve
1270 2619 1339 2684 sup.
1358 2601 1450 2662 lima.
1472 2601 1613 2664 condicio
1631 2623 1651 2667 x

238 2710 294 2789 (ita
312 2708 427 2788 sepios)
445 2711 632 2787 locupletum
653 2706 682 2770 b.
702 2708 801 2771 alieno
820 2711 926 2778 omnia
943 2728 971 2770 c.
989 2707 1139 2770 victorum
1160 2705 1217 2778 tib.
1239 2707 1288 2774 bc.
1309 2707 1414 2770 sitium
1435 2729 1463 2770 o.
1479 2707 1650 2771 scitiumb.
1767 2771 1770 2782 ,

238 2813 424 2873 mauretania
432 2830 459 2870 s.
471 2811 563 2888 isup.
574 2813 629 2868 liu.
638 2842 682 2858 -
693 2810 850 2870 bominem
863 2815 935 2868 nole
947 2829 1017 2886 sup.
1030 2814 1087 2870 lin.
1101 2815 1130 2868 le
1143 2823 1174 2868 et
1187 2815 1258 2868 fam.
1272 2832 1301 2869 x.
1316 2815 1491 2890 increpabat
1502 2835 1547 2878 ex.
1568 2835 1652 2876 -sm-

237 2917 369 2977 ediceret
387 2915 468 2976 borr-
494 2912 713 2994 sollempnibus
731 2911 782 2974 bx·
810 2911 1133 2992 sollempnitatibus.
1155 2909 1479 2990 dicituraperuisseb.
1502 2915 1648 2980 dictitare.

236 3023 290 3082 bot
308 3039 376 3101 sup.
397 3020 452 3080 lin.
473 3016 504 3078 b.
535 3018 633 3099 magis
648 3015 704 3078 flet
723 3034 751 3083 ι.
775 3017 814 3078 ab
836 3015 883 3080 bis
904 3017 984 3078 b'cxr.
1025 3017 1129 3080 ηδ’·
1150 3028 1304 3078 moverent
1324 3017 1377 3078 sed
1396 3037 1416 3078 o
1433 3038 1506 3101 sup.
1528 3023 1584 3080 lin.
1606 3042 1648 3082 ca.

236 3148 306 3191 ran.
327 3145 418 3208 quam
438 3121 509 3187 and.
529 3126 627 3186 inem
644 3127 677 3184 b.
708 3135 813 3228 suast
829 3125 893 3206 ipsa
911 3145 941 3186 x.
968 3125 1140 3205 montisque
1159 3145 1186 3185 ι.
1220 3144 1321 3206 esup.
1342 3127 1397 3186 liu.
1418 3146 1446 3186 c.
1476 3128 1510 3186 ui
1522 3127 1595 3188 'sibi
1615 3131 1647 3190 b.

236 3240 281 3297 ita
300 3235 391 3296 uam
411 3231 602 3294 emendatum
622 3233 657 3292 in
667 3251 697 3292 o.
717 3231 878 3294 insolentia
890 3231 971 3292 bear.
990 3231 1025 3290 in
1036 3251 1064 3293 c.
1084 3227 1146 3292 baec
1164 3233 1279 3313 glossae
1301 3229 1382 3304 ,Sed
1402 3232 1504 3296 nalem
1515 3237 1651 3312 confiteri

236 3341 375 3421 quintum
385 3338 560 3422 participem
568 3337 700 3400 samm
719 3336 839 3399 sublato
851 3349 908 3400 etc.
919 3369 963 3388 -
981 3356 1046 3420 quse
1057 3349 1088 3399 et
1100 3359 1144 3400 ox.
1164 3348 1264 3400 actore
1277 3358 1298 3400 ιι
1309 3359 1374 3421 sup.
1387 3341 1442 3402 lin.
1453 3362 1481 3408 ι.
1501 3339 1647 3401 invidiam

236 3449 395 3510 estimabat
413 3447 476 3508 ber.
494 3447 540 3525 (in
560 3447 594 3506 h.
613 3445 745 3506 muetos
763 3465 832 3526 sup.
853 3446 923 3524 lin.)
942 3443 1038 3508 hemo
1057 3467 1160 3510 nosos.
1181 3466 1246 3508 um
1265 3467 1333 3528 sup.
1354 3447 1410 3508 lin.
1431 3460 1533 3519 -aa.·
1551 3446 1647 3508 desci-

236 3556 310 3617 sisse
329 3573 355 3614 s.
375 3539 622 3635 ingemina-es
642 3550 678 3613 b.·
691 3550 799 3612 -nbs-
815 3549 875 3611 Sed
894 3555 928 3612 in
949 3553 976 3610 is
996 3551 1041 3629 (is.
1062 3571 1127 3632 sup.
1148 3552 1215 3630 lin.)
1236 3553 1267 3612 b.
1287 3551 1355 3615 viro
1375 3551 1478 3614 liberis
1498 3575 1525 3614 ι.
1556 3564 1647 3635 etque

235 3681 305 3743 sup.
325 3664 384 3722 lin.
403 3681 447 3725 m.
466 3677 528 3721 ecc.
545 3691 587 3710 -
606 3661 709 3731 Gmcis
729 3669 761 3722 et
780 3658 881 3720 latinis
900 3677 927 3716 z.
948 3659 1074 3736 psallere
1093 3667 1124 3717 et
1143 3667 1262 3719 cantare
1283 3679 1324 3719 cr.
1344 3660 1377 3720 in
1400 3679 1493 3742 marg.
1515 3660 1646 3732 „sultare

237 3766 325 3830 debet
338 3770 458 3852 legi'-
475 3788 493 3828 e
512 3765 615 3827 additz
637 3777 709 3828 teste
727 3766 888 3834 smtu-
907 3787 952 3846 ps.
973 3775 1003 3826 et
1023 3775 1141 3826 cantare
1161 3785 1227 3845 sup.
1248 3765 1303 3826 lin.
1324 3765 1434 3827 adiere
1451 3766 1482 3830 b.
1501 3769 1563 3828 lux.
1575 3777 1648 3829 sunt

133 3942 137 3948 Α
230 3873 317 3938 bour.
347 3874 480 3937 libidine
499 3893 567 3954 sup.
586 3875 641 3939 lin.
664 3878 711 3937 vel
733 3873 826 3936 linito
845 3879 879 3935 b.
907 3871 1108 3938 lubidine-cr.
1151 3871 1260 3934 -26.-
1288 3872 1456 3934 consulib.
1478 3895 1550 3954 quas
1570 3893 1646 3934 ocu-

233 3981 300 4044 mli
318 3984 428 4065 iecerat
445 4003 489 4043 cx.
509 3984 544 4041 in
557 4001 583 4047 ι.
604 3982 622 4039 b
642 3980 676 4040 ιἰι
694 4001 800 4062 compo
819 3981 939 4062 punetie
957 3991 1062 4042 notata
1081 3989 1163 4054 suut3
1184 3979 1267 4064 quod
1286 3984 1406 4063 signum
1428 3978 1646 4040 emendationis

235 4098 297 4161 est,
316 4089 370 4163 scd
388 4091 552 4152 meentiore
570 4098 749 4148 enemente.
789 4120 808 4136 -
822 4109 902 4171 syn·
926 4087 1045 4150 dimisit
1071 4086 1123 4149 sed
1143 4087 1178 4148 di
1196 4087 1315 4170 punctis
1335 4096 1400 4146 not.
1421 4105 1445 4146 ι.
1472 4093 1580 4144 recent
1600 4091 1647 4142 nt-

147 4254 149 4257 .
235 4213 312 4256 mm.
332 4197 412 4256 misit
423 4219 453 4257 x.
471 4196 644 4257 consulibus
656 4211 717 4255 cxr.
737 4195 988 4278 insomnias'snp.
1002 4196 1058 4256 lin.
1071 4215 1096 4258 r.
1115 4195 1230 4255 insonis
1243 4193 1273 4254 b.
1284 4195 1380 4274 legam
1394 4189 1435 4266 (c.
1449 4211 1517 4271 sup.
1532 4186 1608 4271 lin.)
1620 4207 1645 4250 e.

235 4303 332 4363 iscam
346 4301 396 4369 cb.
415 4303 528 4364 teocam
540 4321 569 4364 r.
588 4321 620 4362 se
640 4302 834 4364 ιιιιιιὶΙίιιιιιι.
855 4302 876 4363 l.
896 4321 961 4384 sup.
981 4305 1038 4366 lin.
1057 4302 1157 4382 ’²⁸··.
1177 4298 1234 4360 hac
1254 4299 1291 4360 de
1311 4297 1473 4378 improriso
1492 4295 1600 4356 domui
1623 4313 1648 4356 s.
1683 4324 1689 4337 =
