4050 5009
1616 433 1663 513 51

258 611 435 716 Namque
461 617 536 691 alia
556 617 647 693 belli
669 615 838 692 facinora
861 613 999 720 proedoe
1015 613 1150 721 magis,
1176 641 1295 718 quam
1314 612 1543 698 detrimento
1561 611 1647 691 fore
1653 644 1666 710 3

256 733 485 817 incendium
509 769 595 817 vero
626 739 793 828 crudele,
831 739 1122 814 immoderatum
1144 765 1190 813 ac
1220 739 1293 813 sibi
1314 765 1491 814 maxume
1509 737 1665 814 calami·

259 877 386 937 tosum
403 867 590 969 putabat:
616 867 759 968 quippe
778 862 841 938 cui
863 888 992 938 omnes
1014 862 1134 966 copiae
1152 863 1194 936 in
1214 888 1288 937 usu
1304 862 1496 940 cotidiano
1525 879 1565 938 et
1581 863 1664 940 cul·

260 1001 309 1062 tu
335 989 501 1092 corporis
520 1005 638 1064 erant
674 991 761 1064 Post
783 1006 873 1062 eum
901 986 1002 1062 diem
1023 985 1183 1089 quidam
1209 989 1248 1061 L
1272 987 1505 1091 Tarquinius
1527 988 1578 1063 ad
1599 989 1662 1064 Se-

256 1126 399 1186 natum
416 1111 602 1186 adduetus
620 1128 716 1202 erat,
741 1137 857 1214 quem
879 1109 929 1185 ad
948 1109 1155 1187 Catilinam
1170 1110 1471 1214 proficiscentem
1486 1138 1533 1188 ex
1550 1110 1662 1188 itine-

255 1261 300 1310 re
325 1251 530 1309 retractum
553 1235 714 1310 aiebant
759 1239 813 1324 ls,
842 1261 964 1338 quum
983 1257 1022 1309 se
1041 1234 1184 1309 diceret
1210 1234 1472 1311 indicaturum
1500 1234 1549 1312 de
1570 1263 1661 1314 con·

254 1357 469 1446 iuratione,
493 1359 523 1432 si
543 1358 632 1434 fides
656 1357 812 1462 publica
835 1358 924 1434 data
950 1375 1060 1448 esset,
1085 1357 1205 1433 iussus
1228 1385 1250 1433 a
1278 1360 1462 1450 Consule,
1486 1385 1574 1464 quae
1589 1361 1661 1438 soi·

256 1497 339 1570 ret,
363 1473 533 1558 edicere:
566 1483 698 1557 eadem
716 1482 810 1570 sere,
838 1507 924 1585 quae
944 1481 1186 1570 Volturcius,
1218 1481 1266 1557 de
1284 1483 1427 1587 paratis
1450 1484 1659 1577 incendiis,

252 1603 307 1680 de
333 1605 431 1679 oaede
451 1605 659 1694 bonorum,
684 1605 731 1680 de
755 1604 891 1681 itinere
916 1603 1087 1680 hostium
1109 1606 1294 1681 Senatum
1318 1606 1453 1682 docet:
1476 1625 1658 1711 praeterea

250 1755 296 1804 se
317 1727 473 1802 missum
490 1755 512 1802 a
531 1729 581 1803 M.
606 1731 755 1816 Crasso,
782 1727 849 1831 qui
878 1727 1053 1804 Catilinae
1076 1729 1297 1818 nunciaret,
1330 1757 1381 1805 ne
1401 1757 1493 1808 eum
1516 1735 1659 1815 lentu-

251 1853 318 1927 lus
333 1868 370 1926 et
383 1851 585 1958 Cethegus,
610 1850 753 1954 aliique
773 1879 818 1925 ex
841 1852 1106 1927 coniuratione
1128 1851 1354 1956 deprehensi
1371 1870 1573 1952 tenerent3
1596 1885 1659 1936 eo-

250 2001 335 2079 que
356 1975 471 2080 magis
495 1991 716 2078 properaret
735 1974 785 2048 ad
807 1975 942 2049 urbem
961 1975 1155 2062 accedere,
1181 2002 1259 2077 quo
1281 1991 1320 2049 et
1339 1994 1552 2056 ceterorum
1572 1983 1656 2058 ani-

251 2125 339 2204 mos
355 2097 539 2186 reficeret,
563 2113 602 2171 et
624 2095 680 2170 illi
704 2094 853 2172 facilius
873 2124 894 2172 e
914 2097 1085 2201 periculo
1109 2097 1354 2201 eriperentur.
1390 2101 1464 2176 Sed
1481 2103 1656 2180 ubiTar·

249 2222 413 2326 quinius
436 2224 609 2298 Crassum
635 2219 867 2308 nominavit,
902 2216 1100 2330 hominem
1131 2220 1324 2312 nobilem,
1349 2225 1536 2302 maxumis
1560 2226 1655 2302 diri.

250 2349 335 2436 tiis,
358 2371 505 2421 summa
525 2343 717 2450 potentia3
747 2342 831 2433 alii,
865 2369 946 2418 rem
977 2341 1242 2420 incredibilem
1265 2345 1363 2439 rati3
1396 2373 1484 2450 pars
1506 2353 1654 2442 tametsi

248 2496 388 2548 serum
417 2467 720 2556 existumabant,
753 2481 879 2542 tamen
911 2465 1002 2568 quia
1029 2466 1071 2540 in
1098 2465 1167 2540 tali
1190 2482 1359 2572 tempore
1379 2487 1485 2548 tanta
1511 2474 1566 2550 vis
1585 2474 1655 2554 ho-

245 2595 369 2674 minis
387 2594 504 2699 magis
529 2591 712 2667 leniunda
733 2617 851 2694 quam
871 2588 1097 2694 exagitanda
1112 2589 1331 2686 videbatur3
1352 2593 1528 2699 plerique
1549 2601 1655 2677 Cras-

245 2747 294 2800 so
312 2741 358 2796 ex
373 2717 530 2824 negotiis
546 2715 701 2822 privatis
723 2714 879 2790 obnoxii
911 2711 1174 2803 conclamant,
1201 2714 1368 2792 indicem
1395 2717 1536 2798 falsum
1560 2750 1654 2816 erse,

213 2977 218 2984 ,
245 2923 396 2964 novarum
411 2901 551 2959 meliores.
571 2896 695 2978 agitare.
715 2893 815 2956 ΒΜ.
835 2891 998 2974 agitabant.
1019 2891 1103 2952 Febr.
1115 2913 1144 2953 a.
1164 2891 1262 2952 Guoli.
1280 2894 1309 2954 6.
1329 2895 1449 2982 Leide.
1469 2899 1577 2963 calam,
1595 2925 1655 2985 pu.

244 3009 365 3071 monna.
385 3005 470 3064 Fabr.
483 3025 510 3063 2.
530 3003 629 3073 Hasd.
650 2999 811 3061 cotid'ono.
833 2997 894 3056 Bas.
908 3019 933 3062 1.
953 2997 1023 3056 Tur.
1039 3017 1067 3058 a.
1088 2999 1235 3060 adductus
1251 2997 1455 3063 mmmm.
1475 3004 1526 3067 Ac·
1546 3007 1608 3069 flu·
1627 3032 1652 3070 ,ο

243 3117 393 3178 deductus
404 3119 477 3170 erut.
498 3108 582 3168 Fabr.
599 3128 624 3166 1.
652 3107 757 3166 demtus
770 3111 843 3163 erat.
864 3101 925 3162 Bas.
939 3101 968 3162 3.
988 3103 1062 3167 odd
1076 3113 1126 3163 cst.
1146 3105 1205 3164 inc.
1220 3125 1245 3163 ι.
1266 3101 1363 3165 Guell.
1375 3129 1403 3187 7.
1423 3107 1505 3169 leid.
1518 3113 1538 3169 l.
1552 3109 1583 3170 h.
1613 3133 1652 3174 a

244 3222 356 3282 r'linore
371 3237 439 3278 cum
454 3219 551 3274 locum
572 3221 664 3271 mutet
681 3212 712 3269 in
722 3209 783 3268 Bar.
799 3207 828 3268 3.
856 3205 943 3266 lead.
956 3207 1087 3286 aliisque,
1099 3227 1155 3288 pro
1170 3211 1263 3289 glossa
1277 3207 1381 3270 habuit
1393 3209 1518 3272 Cottius
1539 3216 1651 3278 nubem

243 3337 346 3406 uterq.
367 3319 452 3382 Fabr.
472 3319 540 3376 Vin.
560 3317 627 3376 Seu.
648 3317 706 3374 ine.
718 3335 746 3373 a.
767 3313 853 3370 licus.
882 3309 980 3369 Gucll'.
996 3329 1022 3369 a.
1034 3309 1104 3381 3.·4.
1121 3331 1165 3370 ιο.
1181 3333 1226 3372 ιι.
1246 3334 1291 3372 ιι.
1318 3313 1380 3374 Bar.
1396 3335 1423 3374 ι.
1439 3335 1466 3375 ι.
1485 3321 1513 3379 3.
1525 3315 1554 3387 ζ.
1580 3317 1650 3380 Tm,

250 3451 324 3492 m.
345 3427 429 3486 Bora.
449 3447 473 3482 ι.
491 3444 517 3482 a.
547 3419 645 3482 dr'cera
665 3437 767 3477 omnes
782 3415 897 3474 Gruteri
912 3425 941 3473 et
959 3425 1085 3495 quatuor
1100 3415 1204 3476 Warsii
1218 3415 1296 3478 libri.
1316 3420 1417 3478 olood
1445 3418 1584 3503 Gneltq.
1601 3443 1648 3485 ιο,

248 3557 300 3596 ιι.
321 3553 364 3595 ra.
385 3532 444 3589 inc.
458 3537 527 3588 net
543 3547 567 3590 ι.
589 3547 629 3584 m.
640 3543 685 3604 pr.
706 3521 825 3584 laida.
839 3541 864 3580 e
879 3515 982 3600 l.g.h.
997 3539 1038 3576 ιιι.
1057 3517 1168 3584 Tum.
1195 3521 1282 3594 docet
1306 3541 1411 3583 omnes
1425 3523 1562 3599 Gmtari,
1577 3532 1650 3608 plu.

245 3660 295 3702 res
307 3637 423 3705 Wastii,
444 3635 530 3704 ceteri
544 3649 655 3692 omnes.
678 3625 816 3686 lemnius
829 3632 915 3701 utque
933 3618 1067 3681 Culcita
1085 3621 1169 3682 llcnr.
1184 3640 1212 3683 a.
1231 3625 1282 3690 Ac.
1303 3624 1444 3688 humus
1454 3625 1564 3690 Cedet.
1576 3632 1648 3694 Fal).

247 3767 278 3808 2.
294 3743 401 3805 Base.
430 3739 513 3798 llam.
532 3758 556 3795 ι.
585 3733 689 3795 eald.
718 3729 855 3790 cuasa.
879 3746 916 3786 ns
937 3745 1012 3784 eum.
1044 3747 1182 3806 pronon),
1200 3732 1299 3789 locum
1317 3743 1411 3794 mum
1428 3733 1535 3795 inim·
1558 3757 1584 3796 ²·
1612 3757 1647 3800 ω

243 3847 353 3928 magis.
374 3845 470 3902 Guett.
486 3863 511 3904 2.
532 3839 687 3900 ualurbem
714 3835 765 3896 le.
785 3833 868 3896 Rem.
882 3851 909 3896 a.
931 3829 1028 3889 Goell.
1041 3831 1069 3889 5.
1082 3829 1111 3889 6.
1129 3851 1200 3908 pars
1216 3835 1350 3896 tamem
1366 3835 1421 3900 ΑΒ.
1442 3855 1538 3919 mpr.
1559 3852 1647 3919 “W

242 3953 310 4016 etei.
330 3949 428 4008 Guell.
443 3968 488 4006 ιο.
514 3942 657 4026 parretsi.
676 3939 830 3999 Febrim.
859 3935 953 4014 mogr's
970 3933 1121 3994 onom
1148 3937 1242 4015 magis
1258 3958 1318 3998 om.
1334 3938 1448 4001 Febris.
1467 3963 1492 4006 ι.
1512 3938 1597 4011 sm,
1614 3945 1644 4008 3,

246 4079 276 4122 a.
298 4077 338 4119 m.
356 4073 401 4134 pr.
427 4029 502 4110 l'ur.¹
515 4071 542 4108 a.
562 4049 619 4107 len.
636 4043 738 4124 magis.
764 4047 860 4122 plures
873 4039 950 4102 libri.
970 4040 1086 4116 solnm
1103 4045 1170 4100 stre.¹
1189 4033 1247 4102 osis
1266 4063 1328 4104 orn.
1349 4042 1445 4110 Gncls.
1461 4049 1489 4108 3.
1518 4046 1598 4108 laeid,
1613 4049 1644 4111 b,

245 4157 429 4237 crassatum
449 4155 518 4213 Tur.
535 4173 562 4212 a.
584 4149 701 4229 strlrum
715 4145 813 4208 videri
831 4145 927 4205 Guell.
940 4165 967 4224 7.
990 4143 1107 4222 scisma
1120 4164 1177 4206 esra
1186 4145 1283 4204 ositeri
1301 4145 1369 4207 Eoe.
1388 4149 1518 4210 (im-wa
1536 4152 1643 4216 finds·

1230 4271 1258 4328 ὅ·
