4050 5009
534 430 603 504 108

572 663 575 666 -
647 665 666 699 ,
689 606 776 682 Non
798 631 882 683 mes
911 606 1026 712 culpa
1061 631 1158 711 saepe
1182 601 1233 682 ad
1258 628 1322 682 vos
1355 620 1505 684 oretum
1532 605 1662 698 mitto,
1688 609 1815 683 Patres
1842 633 1929 686 con·

530 731 683 838 scripti,
698 730 763 806 sed
782 731 837 806 vis
856 729 1051 836 Iugurthae
1071 729 1229 836 subigit:
1253 756 1368 834 quem
1388 745 1495 806 tanta
1510 730 1645 808 lubido
1668 731 1929 837 exstinguendi

532 884 595 933 me
629 854 783 945 invasit,
815 869 863 929 ut
890 880 1016 958 neque
1042 879 1106 930 vos
1130 879 1256 957 neque
1282 854 1369 930 deos
1395 854 1621 930 immortalis
1644 854 1687 930 in
1712 855 1843 931 animo
1866 854 1931 931 ha-

533 981 637 1072 best3
661 977 887 1083 sanguinem
908 1005 1039 1053 meum
1052 1005 1172 1082 quam
1194 977 1323 1054 omnia
1340 977 1457 1053 malit
1494 982 1627 1083 Itaque
1652 978 1837 1083 quintum
1858 981 1931 1055 iam

533 1129 700 1178 mensem
723 1102 848 1176 socius
874 1117 914 1176 et
937 1102 1082 1176 amicus
1109 1101 1245 1205 populi
1271 1101 1434 1176 Romani
1462 1103 1576 1176 armis
1598 1103 1762 1178 obsessus
1785 1119 1930 1179 teneor:

531 1254 659 1329 neque
681 1223 778 1298 mihi
799 1225 966 1328 Micipsae
986 1226 1105 1327 patris
1125 1225 1200 1299 mei
1217 1222 1400 1299 beneficia
1418 1252 1543 1328 neque
1560 1240 1679 1300 vestm
1695 1226 1846 1303 decreto
1869 1255 1932 1303 au-

533 1351 744 1438 xiliantur,
776 1346 876 1422 ferro
897 1375 949 1422 en
970 1346 1071 1422 fame
1093 1349 1217 1423 acrius
1243 1374 1407 1452 urgueat
1425 1348 1598 1424 incertus
1616 1375 1709 1424 sum
1747 1351 1865 1426 Plura
1889 1353 1932 1427 de

533 1472 718 1580 Iugurtha
740 1472 903 1547 scribere
923 1469 1152 1545 dehortatur
1175 1469 1331 1546 fortuna
1353 1495 1461 1546 mea:
1492 1470 1608 1546 etiam
1627 1489 1739 1548 antea
1758 1491 1933 1580 expertus
2023 1477 2024 1504 ¹

532 1624 635 1687 sum,
661 1623 800 1701 parum
820 1593 908 1669 fidei
925 1593 1071 1668 miseris
1093 1619 1176 1669 esse.
1214 1593 1293 1668 Nisi
1314 1610 1442 1668 tamen
1462 1593 1661 1701 intellego,
1685 1595 1799 1672 illum
1820 1624 1933 1704 supra

533 1748 654 1825 qutun
672 1745 740 1824 ego
755 1744 841 1794 sum
864 1731 1012 1821 petere,
1037 1741 1161 1819 neque
1180 1714 1294 1791 simul
1314 1717 1524 1792 amicitiam
1539 1731 1699 1794 vestram
1718 1737 1758 1796 et
1773 1749 1933 1826 regnum

534 1871 665 1921 meum
688 1863 868 1948 sponse:
900 1856 1035 1916 utrum
1056 1841 1205 1945 posius
1227 1841 1444 1930 existumet,
1480 1842 1626 1917 nemini
1651 1844 1851 1922 occultum
1874 1865 1932 1923 est.

535 1971 633 2046 Nam
652 1967 773 2042 initio
791 1961 935 2041 oecidit
949 1963 1204 2068 Hiempsalem
1223 1963 1379 2039 fratrem
1399 1990 1545 2041 meum:
1567 1964 1705 2042 deinde
1716 1971 1845 2072 patrio
1860 1999 1935 2076 reg-

533 2121 587 2170 no
609 2118 670 2168 me
689 2088 852 2195 expulit,
879 2113 966 2190 quae
987 2113 1079 2163 sane
1103 2086 1249 2163 fuerint
1274 2106 1412 2163 nostrae
1439 2089 1615 2181 iniuriae,
1650 2090 1752 2166 nihil
1781 2095 1835 2170 ad
1865 2122 1933 2171 vos

532 2221 679 2295 Verum
704 2239 812 2289 nunc
837 2226 1004 2286 vestrum
1021 2237 1182 2316 regnum
1210 2210 1323 2287 armis
1343 2227 1482 2288 tenet:
1507 2239 1568 2290 me
1594 2241 1709 2317 quem
1730 2243 1794 2293 vos
1817 2219 1935 2325 impe-

532 2359 698 2418 ratonem
724 2334 898 2413 Numidis
925 2334 1118 2437 posuistis,
1148 2333 1329 2408 -clnusum
1358 2335 1539 2412 obsidet:
1580 2339 1791 2442 legatoium
1824 2346 1934 2420 verba
1982 2327 1985 2332 λ

532 2464 671 2572 φιαηῑί
691 2460 845 2548 fecerit,
870 2457 1041 2562 pericula
1071 2482 1154 2533 mea
1179 2457 1384 2534 declarant
1433 2459 1540 2558 Quid
1567 2462 1762 2566 reliquum
1783 2467 1861 2544 nisi
1884 2471 1934 2544 vis

533 2607 683 2677 vestra,
698 2610 775 2688 quo
799 2581 940 2658 moveri
958 2581 1098 2686 possiti
1130 2582 1228 2656 Nam
1246 2607 1312 2687 ego
1333 2582 1489 2686 quidem
1509 2583 1666 2678 vellem,
1691 2603 1729 2662 et
1748 2586 1834 2668 haec
1852 2619 1935 2698 quae

533 2712 675 2800 scribo,
700 2725 739 2783 et
758 2707 825 2783 illo
848 2731 935 2810 quae
960 2721 1072 2781 antea
1091 2704 1133 2782 in
1154 2705 1296 2781 Senatu
1313 2721 1465 2809 questus
1487 2732 1590 2800 sum,
1607 2737 1704 2786 vana
1723 2709 1854 2792 forent
1872 2743 1935 2822 po

535 2912 603 2975 vjn.
615 2931 643 2971 2.
657 2929 794 2990 soepevos
806 2917 924 2969 oratum
943 2905 1030 2969 Rem.
1043 2903 1074 2976 l.
1091 2903 1186 2966 vatic.
1208 2905 1372 2987 subigitme
1383 2906 1489 2968 ¹Guell.
1506 2908 1620 2970 sosine.
1632 2911 1683 2972 Ae.
1695 2911 1779 2980 liem.
1794 2935 1820 2981 ι.
1841 2917 1934 2982 Βίων.

534 3015 681 3077 ῑοίἆ.ΐ.“1ι.
692 3015 755 3076 Erl.
771 3013 832 3077 Bas.
844 3012 873 3083 4.
893 3008 1004 3090 utbegit
1022 3009 1090 3068 Sen.
1104 3030 1131 3070 2.
1147 3011 1246 3071 lleuss.
1265 3012 1344 3074 Vrst.
1358 3017 1386 3077 ὅ.
1403 3012 1506 3079 Franc.
1517 3013 1612 3075 Struv.
1625 3015 1705 3076 leid.
1720 3038 1746 3083 e.
1757 3040 1786 3101 g.
1797 3040 1832 3080 n.
1853 3021 1933 3082 Bodl.

534 3121 607 3186 Bell.
621 3120 679 3180 Erl.
694 3117 873 3197 meeesting.
884 3115 969 3175 Febr.
982 3136 1007 3174 t.
1023 3134 1091 3174 cum
1106 3117 1206 3196 paucis
1220 3115 1301 3192 Cort.
1311 3115 1381 3200 Teg.
1392 3117 1462 3177 Tur.
1483 3127 1516 3178 ut
1528 3137 1620 3198 neque
1639 3119 1701 3181 Bes.
1716 3142 1743 3183 α.
1760 3123 1790 3196 d.
1812 3125 1898 3188 Bem.
1911 3150 1934 3187 1.

535 3231 564 3292 3.
578 3226 606 3297 l.
619 3223 688 3284 Tur.
709 3223 771 3284 iam
784 3220 878 3302 quint.
892 3239 974 3279 niens
1003 3217 1088 3277 fabr.
1106 3239 1131 3278 1.
1152 3219 1203 3280 Ac.
1223 3220 1317 3281 socius
1330 3223 1442 3283 misione
1462 3223 1523 3284 Bas.
1539 3224 1568 3297 4.
1589 3225 1687 3293 Guell.
1705 3249 1752 3296 ιο.
1775 3231 1854 3292 mihi
1866 3233 1933 3294 Mic.

534 3353 622 3414 pron.
639 3351 700 3391 om.
716 3328 767 3389 Ac.
789 3332 890 3390 Frsno.
907 3322 1002 3406 potrs‘s
1016 3321 1074 3382 mei
1093 3343 1180 3404 pron.
1192 3325 1318 3385 retinent
1330 3346 1432 3386 omnes
1443 3326 1536 3388 Cottii
1551 3341 1654 3410 praeter
1667 3353 1774 3394 unum.
1798 3355 1861 3398 om.
1879 3340 1935 3400 Va·

535 3440 585 3498 tie.
606 3433 721 3498 Patsoh.
740 3433 803 3492 Bas.
816 3453 841 3491 1.
862 3429 947 3491 Bem.
963 3451 989 3488 ι.
1004 3428 1034 3499 4.
1054 3447 1182 3508 urgueat·
1200 3428 1267 3489 Sen.
1287 3451 1311 3489 1.
1333 3430 1498 3493 dquuell.
1515 3433 1598 3500 Bem.
1611 3436 1639 3507 l.
1660 3436 1861 3506 incertumst
1879 3445 1935 3506 Vu-

536 3544 585 3602 tio.
606 3541 675 3601 det.
687 3539 818 3614 meson.
845 3555 893 3596 ms
903 3535 1009 3595 delent
1025 3531 1092 3594 Eec.
1121 3533 1216 3593 Sonat.
1229 3553 1257 3594 2.
1279 3533 1375 3601 Guell.
1388 3558 1418 3618 9.
1441 3536 1522 3604 Leid.
1536 3559 1565 3602 s.
1577 3560 1603 3600 e.
1616 3539 1646 3601 d.
1657 3562 1683 3602 ο.
1698 3543 1718 3602 f.
1732 3565 1774 3604 m.
1788 3567 1820 3613 n.
1842 3553 1934 3632 plum

535 3645 624 3707 mvii.
645 3643 743 3713 ΒΜ.
763 3639 887 3702 Rem-3.
909 3639 943 3698 m'
958 3647 1058 3699 mmm
1072 3637 1146 3720 ⁴leg.
1166 3637 1235 3698 Tur.
1249 3659 1289 3698 m.
1300 3661 1346 3721 pr.
1356 3642 1439 3718 frat.
1453 3661 1550 3703 meum
1560 3642 1675 3728 Hiemp.
1695 3647 1782 3711 Febr.
1795 3672 1822 3713 1.
1840 3659 1934 3717 Franc.

535 3747 606 3831 Τις.
625 3747 695 3807 Tur.
715 3745 824 3806 deinde
838 3743 938 3825 patrio
958 3743 1020 3807 Bes.
1033 3742 1099 3813 hl·
1120 3741 1204 3803 Bern.
1218 3743 1246 3807 ὅ.
1266 3754 1395 3806 vestrum
1411 3765 1534 3826 reginum
1561 3747 1622 3809 Bes.
1641 3750 1708 3823 hi·
1734 3753 1786 3815 Ac.
1807 3756 1893 3820 Febr.
1906 3779 1931 3821 π.

490 3921 493 3926 ,
536 3853 633 3914 struv.
653 3852 712 3911 ino.
733 3850 836 3909 Frano.
857 3845 1090 3928 qmmorouelf.
1109 3845 1194 3914 Bern.
1210 3868 1234 3906 ι.
1247 3848 1433 3919 4.·ηωίηιιη
1449 3871 1509 3932 reg.
1530 3851 1615 3913 Bern.
1630 3859 1657 3919 ὅ.
1671 3858 1802 3941 vostinp.
1817 3885 1932 3928 vosom.

537 3956 590 4019 Ae.
610 3952 900 4034 quidestoeliqtumu
918 3959 961 4012 eet
978 3952 1011 4011 in
1028 3951 1140 4032 aliquot
1159 3949 1256 4011 Codd.
1274 3953 1374 4014 locum
1392 3965 1496 4016 mutat.
1517 3955 1589 4036 quid
1605 3959 1684 4020 sitim
1701 3963 1778 4042 (sive
1796 3979 1859 4043 ost,
1878 3968 1931 4030 hoo

538 4058 736 4142 superscript.)
755 4056 825 4116 Tur.
850 4053 923 4135 estid
936 4053 1053 4132 quatiam
1070 4054 1122 4114 rel.
1143 4053 1205 4116 Bu.
1219 4078 1245 4122 1.
1266 4076 1322 4136 quo
1340 4059 1450 4122 moven‘
1467 4060 1553 4126 Febr.
1571 4083 1597 4123 ι.
1618 4063 1717 4126 Guell.
1731 4090 1757 4128 ι.
1784 4071 1932 4136 Vatinio.

539 4185 562 4226 a
574 4185 632 4243 quo
652 4162 733 4222 leid.
748 4163 769 4221 l.
789 4161 856 4221 Seu.
872 4179 898 4218 1.
917 4157 1042 4224 Bernd.
1063 4157 1156 4219 etu'lla
1170 4180 1244 4240 ᾳιαι,
1264 4160 1364 4223 atltae
1380 4183 1444 4244 quo
1457 4175 1546 4227 antea
1564 4165 1634 4228 Tur.
1654 4169 1714 4233 Eri.
1735 4173 1804 4258 Teg.
1825 4177 1883 4240 nisi
1892 4180 1932 4240 vis

541 4279 635 4339 oestro
648 4265 823 4331 commoveri
840 4263 925 4325 sem.
944 4283 969 4325 ι.
980 4262 1011 4335 l.
1032 4263 1172 4344 deprecor
1189 4273 1222 4330 ut
1238 4269 1362 4332 evadam
1380 4269 1466 4334 Febr.
1482 4291 1508 4332 ι.
1534 4271 1629 4340 Strui·
1649 4273 1735 4339 llem.
1750 4301 1777 4346 ι.
1797 4279 1894 4346 Vinus.
1906 4303 1930 4344 π.
