4050 5009
1596 392 1647 471 25

234 600 350 653 rerum
371 582 583 649 abundantia
607 580 685 649 init.
719 584 797 670 Qua
816 596 855 649 re
880 584 1059 669 permotus
1082 585 1117 647 et
1138 585 1178 645 ut
1196 579 1436 686 Mithridatem
1454 603 1474 651 e
1494 581 1577 673 iuga
1595 605 1649 653 re-

234 697 380 755 tractum
399 692 446 753 ad
461 690 620 776 proelium
632 689 827 757 ineundum
841 680 1081 773 compelleret,
1099 686 1230 755 lentius
1242 688 1376 753 bellum
1388 688 1496 776 gessit
1511 696 1547 757 et
1564 692 1649 757 dum
1740 722 1754 737 ·

128 858 134 872 ,
232 793 454 878 Mithridates
469 816 595 861 novum
614 803 712 881 parat
733 792 936 879 exercitum,
957 791 1236 879 opulentissimas
1255 795 1359 859 urbes
1375 796 1550 871 Amisum,
1579 798 1650 861 Eu·

232 900 403 985 paterium
422 900 576 984 aliasque
593 904 639 967 ad
657 898 890 967 voluntariam
908 898 1124 966 deditionem
1135 898 1304 983 perlicere
1320 900 1463 967 studuit.
1483 900 1545 967 cir.
1561 901 1649 987 App.

231 1006 268 1072 B.
287 1006 336 1070 M.
353 1026 382 1071 e.
403 1006 564 1088 7t.1³lur.
584 1008 666 1071 Luc.
688 1022 736 1082 ι4.
759 1006 808 1068 ri.

240 1184 243 1191 ¹
325 1110 368 1172 In
389 1110 560 1196 Hispania
579 1112 674 1176 idem
693 1108 766 1173 fere
784 1106 873 1174 belli
887 1114 1003 1193 tenor,
1025 1107 1088 1190 qui
1104 1113 1221 1194 priore
1235 1131 1326 1198 anno
1342 1110 1466 1179 iuerat.
1485 1112 1552 1177 Sed
1568 1110 1649 1176 Ser·

232 1212 317 1277 terii
334 1232 389 1279 res
412 1216 486 1279 labi
506 1221 689 1301 coeperunt.
720 1212 882 1279 Metellus
903 1220 1007 1297 atque
1028 1214 1213 1300 Pompeius
1231 1217 1306 1281 loca
1328 1216 1464 1281 munita
1481 1214 1646 1303 aggressi,

231 1316 345 1381 multa
361 1326 540 1403 ceperuna
569 1321 736 1384 Sertorius
758 1324 895 1403 autem,
914 1319 1127 1406 proscriptos
1145 1323 1322 1386 Romanos
1345 1320 1547 1405 suspiciens,
1569 1339 1650 1383 cum

230 1422 310 1507 plus
329 1422 495 1509 Hispanis
512 1422 700 1508 tribueret,
718 1424 954 1489 Romanorum
973 1424 1110 1490 animos
1131 1444 1153 1489 a
1170 1445 1208 1490 se
1223 1425 1440 1491 abalienavit.
1459 1421 1649 1509 Proscripti

230 1526 356 1615 igitur,
378 1528 409 1593 si
435 1528 498 1611 qui
524 1530 615 1615 parti
637 1528 804 1595 exercitus
828 1536 1020 1614 preerant,
1047 1529 1160 1596 socios
1183 1534 1339 1597 vexando
1367 1536 1402 1596 et
1429 1528 1648 1614 diripiendo,

230 1634 359 1700 multos
382 1636 426 1725 ad
447 1633 677 1701 defectionem
698 1632 944 1719 perpulerunt,
974 1653 1204 1721 magnamque
1224 1637 1376 1701 Sertorio
1403 1638 1647 1699 contraxerunt

229 1738 410 1805 invidiam.
429 1742 506 1827 Qua
524 1760 561 1805 re
579 1741 611 1805 is
630 1741 858 1825 exacerbatus,
877 1758 1004 1824 pueros
1025 1740 1165 1807 obsides
1176 1742 1408 1827 Hispanorum
1420 1736 1645 1826 populomm,

230 1864 318 1927 quos
330 1847 425 1912 Oscae
437 1845 668 1913 instituendos
681 1852 873 1921 curaverat,
890 1852 950 1912 aut
969 1844 1159 1932 interiecit,
1180 1855 1240 1916 aut
1256 1848 1321 1911 sub
1338 1864 1468 1912 corona
1476 1843 1647 1911 vendidit.

229 1950 338 2014 Tanta
355 1951 558 2017 crudelitate
580 1972 677 2032 usus,
708 1952 808 2017 luxui
829 1972 970 2037 quoque
997 1960 1101 2038 atque
1129 1953 1341 2019 libidinibus
1361 1970 1437 2018 sese
1456 1950 1563 2017 dedit.
1585 1947 1646 2013 cfr.

230 2054 375 2138 Appiam
396 2060 432 2121 Β.
457 2058 492 2122 C.
510 2059 537 2119 Ι.
557 2060 624 2121 rri-
645 2058 735 2122 Plut.
752 2060 879 2125 Serior.
898 2057 998 2145 25.⁰)

311 2161 355 2219 In
375 2162 470 2221 Urbe
489 2180 623 2222 summa
642 2181 789 2227 annona
809 2163 949 2247 caritas,
968 2184 1047 2227 curn
1067 2170 1103 2227 et
1119 2161 1325 2227 commercia
1335 2161 1527 2243 piratarum
1537 2159 1647 2219 latro·

233 2258 336 2327 ciniis
355 2258 491 2327 sublata
507 2266 541 2325 et
554 2276 649 2325 mare
662 2262 935 2347 praedationibus
953 2264 1153 2327 intestatum
1167 2271 1264 2325 esset.
1282 2263 1375 2323 Flos.
1390 2263 1452 2323 111.
1474 2262 1504 2321 6.
1524 2262 1647 2341 Itaque

230 2590 397 2671 ornatam,
410 2608 487 2671 quae
504 2586 650 2655 ducibus
664 2585 869 2655 Sertorianis
885 2588 929 2652 ad
940 2584 1077 2651 Italiam
1095 2584 1212 2652 studio
1230 2571 1447 2649 inflammata
1456 2590 1645 2669 raperetur,

228 2699 424 2773 superatam
439 2712 512 2760 esse
529 2702 633 2777 atquc
646 2696 840 2780 depressam
867 2692 957 2762 dico.
977 2696 1019 2757 Id
1034 2712 1101 2779 pro
1119 2695 1274 2759 Muraena
1292 2712 1321 2755 c.
1346 2693 1394 2754 ri.
1414 2688 1530 2775 ,Quid
1544 2689 1645 2753 illam

228 2815 382 2881 pugnam
401 2801 559 2865 navalem
575 2804 619 2865 ad
633 2802 829 2886 Tenedum,
846 2820 956 2882 quum
974 2808 1137 2866 contento
1154 2819 1271 2882 cursu,
1290 2795 1468 2863 acerrimis
1487 2794 1645 2859 ducibuss

227 2898 382 2967 hostium
408 2904 524 2969 classis
549 2904 687 2969 ltaliam
710 2912 895 2989 specique
917 2904 1045 2967 animis
1067 2905 1188 2963 inflata
1205 2905 1353 2978 peteret,
1383 2896 1551 2958 mediocri
1568 2917 1645 2961 cer·

229 3001 361 3064 tamine
383 3013 418 3065 et
448 3024 554 3084 parva
574 3007 800 3064 dimicatione
822 3006 1040 3063 commissam
1059 2997 1269 3062 arbitraris*
1288 2996 1432 3064 Orosius
1453 2996 1542 3069 Hisi.
1566 3000 1644 3066 Lib.

228 3105 288 3171 v1.
302 3122 332 3168 a.
351 3104 538 3178 ,Lucullus
551 3088 691 3189 postea,
712 3121 790 3165 cum
805 3102 927 3163 eodem
937 3101 1056 3164 *Mario
1078 3102 1193 3165 navali
1207 3102 1331 3186 proelio
1343 3122 1560 3191 congressus,
1579 3106 1644 3170 tri·

197 3202 210 3251 ·’
228 3209 326 3297 ginta
342 3216 377 3274 et
397 3210 483 3271 duas
499 3223 604 3269 nares
626 3204 739 3291 regias
765 3211 799 3267 et
822 3204 1019 3290 complures
1037 3205 1213 3270 onerarias
1234 3212 1294 3267 aut
1320 3209 1482 3273 demersit
1503 3217 1564 3274 aut
1586 3228 1643 3275 ce·

227 3314 290 3405 pit.
311 3312 415 3377 Multi
435 3310 488 3377 ibi
507 3333 548 3378 er
567 3308 643 3393 his,
663 3328 750 3395 quos
765 3309 860 3374 Sulla
879 3310 1145 3396 proscripserat,
1165 3310 1367 3395 interempti
1386 3318 1474 3375 sunt.
1509 3314 1642 3377 Marius

227 3427 365 3505 postero
386 3418 445 3483 die
467 3422 511 3482 de
531 3416 715 3501 spelunca,
746 3416 810 3479 ubi
825 3416 971 3500 latebat,
1000 3421 1185 3501 extractus,
1210 3415 1351 3482 meritas
1372 3416 1511 3482 hostilis
1530 3415 1642 3481 animi

228 3538 346 3609 poenas
361 3524 458 3587 luit*

320 3628 358 3712 ⁶)
377 3630 508 3695 Eodem
537 3648 630 3695 anno
659 3625 865 3693 Debrossius
891 3624 1027 3706 judicet
1054 3625 1312 3710 expeditionem
1344 3646 1367 3689 a
1402 3628 1612 3713 Pompejo'
1599 3650 1640 3693 ιιι

230 3732 428 3801 Gallaeciam
447 3731 587 3814 factam}
610 3754 681 3818 quo
705 3753 784 3797 cum
802 3732 968 3817 venisset,
989 3733 1198 3815 Perpernam
1216 3750 1239 3797 a
1255 3732 1408 3798 Sertorio
1424 3735 1639 3819 praemissum

204 3860 207 3865 ¹
229 3840 372 3908 invenit.
393 3839 541 3922 Itaque
530 3860 569 3903 m
585 3839 799 3907 Lusitaniam
812 3836 1008 3915 contendit,
1029 3838 1090 3901 sed
1110 3835 1263 3901 militum
1284 3839 1408 3905 timore
1428 3839 1638 3925 prohibitus,

228 3946 359 4013 Lethen
379 3944 525 4011 fluvium
548 3946 691 4012 tramite
713 3964 783 4009 non
800 3944 932 4031 potuit3
953 3940 1186 4008 nihilominus
1205 3952 1321 4010 tamen
1341 3947 1549 4031 Perpernam
1570 3948 1639 4009 Lu-

228 4049 355 4114 sitania
382 4054 503 4119 cedere
535 4050 657 4137 coegit.
678 4051 740 4119 cir.
762 4050 851 4116 nise
873 4048 974 4133 Reip.
1001 4049 1102 4113 Rom.
1124 4050 1224 4113 Τοιιι.
1248 4052 1292 4113 11.
1319 4072 1354 4136 p.
1378 4066 1447 4134 174.
1465 4050 1543 4113 ubi
1546 4046 1639 4111 maie

230 4154 376 4237 conjecit
414 4157 452 4221 in
489 4160 550 4246 Ep.
580 4157 736 4247 Pompeii
767 4160 813 4229 ad
846 4157 1008 4225 Senatum
1043 4148 1270 4225 Callaeciam
1305 4174 1370 4238 pro
1410 4148 1537 4219 Gallia
1565 4166 1638 4219 csse

98 4356 99 4361 Ἰ
229 4262 458 4335 scribendum

1314 4369 1340 4460 t
