4050 5009
1460 433 1511 526 95

120 582 233 695 litatis
252 591 439 700 Iugurtha
464 600 628 697 reniret,
652 627 819 706 quorum
840 627 929 708 pars
953 629 1036 710 ape,
1068 605 1133 700 alii
1162 609 1318 712 praemio
1343 606 1514 698 inducti,

117 709 281 816 singulos
319 745 365 794 ex
395 722 539 799 Senatu
567 726 780 805 ambiundo
812 729 1061 820 nitebantur,
1095 757 1145 808 ne
1175 733 1323 838 gravius
1349 732 1390 806 in
1423 757 1512 808 eum

116 838 381 919 consuleretur.
431 846 569 950 Igitur,
596 849 666 926 ubi
687 851 799 956 legati
820 852 909 926 satis
935 851 1159 944 confidunt,
1195 855 1257 930 die
1286 855 1512 943 constituto,

113 958 270 1040 Senatus
283 967 456 1076 utrisque
477 968 603 1047 datur.
627 981 631 986 ’
650 976 752 1050 Tum
768 972 1023 1051 Adherbalem
1041 974 1115 1052 hoc
1130 977 1244 1054 modo
1261 979 1433 1054 locutum
1451 1001 1512 1052 ac·

113 1108 289 1188 cepimus.
936 1177 939 1182 ,

209 1216 369 1302 „Patres
384 1218 598 1324 conscripti.
647 1219 806 1326 Micipsa
829 1235 939 1327 pater
950 1247 1056 1301 meus
1071 1224 1236 1302 moriens
1256 1223 1353 1300 mihi
1374 1242 1561 1330 praece-14

113 1331 189 1436 pit,
213 1337 275 1413 uti
291 1341 398 1445 regni
415 1343 606 1419 Numidiae
629 1345 897 1422 tantummodo
919 1347 1227 1451 procurationem
1249 1348 1514 1422 existumarem

113 1483 249 1556 meam3
282 1479 451 1541 ceterum
474 1467 533 1542 ius
551 1483 591 1542 et
607 1467 813 1572 imperium
829 1469 909 1546 eius
931 1495 1046 1574 penes
1067 1496 1130 1546 vos
1148 1495 1245 1560 esse;
1263 1470 1375 1544 simul
1395 1469 1514 1544 enite-

115 1607 175 1656 rer
204 1584 314 1661 domi
329 1589 552 1692 militiaeque
572 1618 691 1694 quum
719 1619 899 1668 maxumo
931 1593 1018 1669 usui
1044 1617 1118 1668 esse
1146 1593 1291 1697 populo
1323 1595 1516 1682 Romnum

114 1731 174 1780 ros
192 1707 293 1782 mihi
314 1728 585 1816 cognatorum,
606 1740 670 1790 ros
696 1716 739 1791 in
755 1715 945 1792 adfinium
967 1717 1095 1792 locum
1116 1717 1314 1793 ducerem:
1335 1717 1366 1791 si
1393 1743 1436 1790 ea
1464 1715 1516 1790 fe·

114 1827 264 1922 circem,
289 1832 332 1908 in
355 1853 474 1910 vestra
493 1836 660 1914 amicitia
682 1840 909 1930 exercitum,
942 1840 1115 1930 divitias,
1139 1841 1379 1915 munimenta
1409 1841 1515 1942 regni

114 1979 172 2028 me
186 1952 425 2033 habiturum.
444 1959 542 2057 Quoe
557 1987 679 2070 quum
693 1980 880 2068 praecepta
896 1963 1065 2068 parentis
1082 1965 1156 2039 mei
1175 1964 1354 2067 agitarem
1362 1995 1372 2054 ;
1381 1965 1516 2065 Iugur-

115 2074 197 2167 tha,
212 2077 333 2155 homo
350 2082 544 2172 omnium,
557 2111 654 2186 quos
667 2101 766 2160 terra
783 2087 959 2177 sustinet,
973 2086 1303 2174 sceleratissumis,
1321 2101 1517 2188 contemp·

116 2216 152 2274 to
170 2200 334 2306 imperio
354 2221 496 2295 vestro,
521 2207 747 2285 Massinissoe
778 2237 840 2284 me
862 2226 1038 2314 nepotem
1064 2227 1102 2284 et
1134 2213 1211 2284 iam
1240 2209 1289 2283 ab
1316 2209 1432 2312 stirpe
1461 2233 1518 2282 so-

115 2324 218 2400 cium
238 2343 357 2430 atque
375 2329 543 2404 amicum
567 2331 703 2435 populi
729 2333 891 2408 Romani
924 2359 1041 2438 regno
1068 2331 1309 2435 fortunisque
1339 2331 1517 2407 omnibus

114 2450 271 2552 expulit
321 2455 447 2554 Atque
468 2479 553 2557 ego,
579 2457 706 2529 Patres
730 2455 956 2559 conscripti,
989 2456 1174 2559 quoniam
1206 2483 1250 2531 eo
1281 2455 1518 2528 miseriarum

47 2574 52 2581 '
116 2589 299 2649 venturus
319 2601 445 2665 eram,
477 2576 613 2652 vellem
655 2578 782 2681 potius
802 2579 852 2652 ob
872 2605 964 2686 mea⁴
995 2605 1113 2680 quam
1134 2579 1183 2653 ob
1204 2577 1393 2652 maiorum
1419 2603 1519 2652 meo-

116 2724 202 2772 rum
222 2695 410 2774 beneficia
433 2725 539 2803 posse
562 2727 623 2774 me
636 2727 662 2777 a
688 2700 792 2776 vobis
810 2701 1000 2777 arixilium
1016 2719 1164 2806 patere3
1182 2727 1226 2776 ac
1247 2727 1425 2777 maxume
1458 2701 1521 2776 de·

116 2899 203 2961 ruat.
222 2901 289 2961 Bes.
306 2921 332 2961 r.
358 2900 488 2967 Bernd.
511 2902 641 2982 primum
656 2923 718 2963 om.
733 2903 830 2968 Goels.
846 2927 874 2986 7·
903 2902 1044 2983 exquirant
1073 2903 1214 2966 Gruts.
1244 2904 1401 2984 acquirent
1424 2907 1519 2964 multi.

116 3005 232 3084 odquti.
254 3026 289 3065 ex
301 3005 399 3071 Guelt.
413 3027 441 3066 2.
456 3012 484 3070 3.
499 3008 529 3078 1.
543 3030 572 3090 7.
592 3007 660 3068 Eoo.
679 3007 794 3069 Fabric.
810 3030 834 3068 r.
855 3009 918 3068 But.
933 3029 958 3070 ι.
978 3009 1049 3069 Vin.
1061 3029 1088 3068 2.
1107 3005 1309 3070 Struv..liem.
1325 3008 1424 3071 Hense.
1440 3009 1520 3068 Vrat.

121 3130 146 3168 1.
166 3131 347 3190 quecunque
366 3111 452 3170 Fahr.
472 3113 552 3173 Vtut.
573 3112 634 3177 Bar.
653 3133 679 3172 ι.
699 3113 768 3172 vin.
780 3133 805 3172 2.
827 3113 911 3172 llem.
927 3134 953 3172 r.
973 3113 1032 3177 inc.
1051 3134 1077 3172 2.
1098 3115 1193 3174 Strur.
1215 3114 1315 3171 lleuss.
1338 3111 1404 3172 Ero.
1424 3113 1520 3170 Sonat.

117 3213 212 3274 Gnelt.
230 3237 258 3278 2.
273 3216 301 3280 5.
314 3238 343 3296 9.
370 3215 450 3274 leid.
468 3237 500 3276 n.
526 3215 624 3281 Turio.
652 3235 848 3296 quemcunque
872 3220 970 3298 vulgo.
1000 3237 1183 3297 quoscunque
1212 3220 1270 3276 ino.
1299 3235 1324 3280 ι.
1352 3217 1520 3294 quodeunq,

117 3318 219 3381 Franc.
240 3320 374 3385 Leidm.
392 3329 506 3399 possent
532 3320 618 3380 Febr.
633 3343 659 3380 r.
680 3321 779 3385 Houoe.
807 3321 887 3380 Vrat.
904 3340 930 3378 2.
950 3319 1005 3399 leg.
1017 3340 1082 3380 oen.
1109 3319 1199 3400 legati
1218 3341 1278 3383 om.
1292 3318 1371 3378 Leid.
1387 3319 1415 3377 k.
1437 3319 1519 3383 Boot.

118 3445 181 3483 ven.
199 3425 256 3504 leg.
277 3423 340 3484 Bas.
352 3423 382 3494 1.
402 3434 430 3484 et
445 3445 483 3484 ee
498 3445 587 3504 prece.
608 3433 636 3484 et
652 3445 713 3484 om.
731 3424 829 3484 Turio.
851 3423 932 3482 Leid.
947 3445 986 3480 m.
1015 3426 1166 3486 recentior.
1183 3425 1273 3489 Rivii,
1291 3432 1394 3484 auctor
1415 3423 1446 3480 in
1460 3441 1519 3482 sen.

121 3541 232 3589 mutato
246 3529 350 3588 ordine
369 3528 454 3588 Fabr.
468 3551 495 3594 2.
516 3531 595 3590 Vrat.
611 3551 636 3592 r.
657 3539 686 3588 et
703 3539 757 3588 tres
771 3530 843 3600 alii3
869 3545 957 3608 quare
970 3527 1052 3586 Cort.
1070 3530 1185 3589 delerit.
1207 3548 1330 3587 munero
1348 3548 1409 3591 om.
1424 3527 1520 3586 Guett.

121 3635 148 3701 t.
169 3633 257 3700 Cort.
274 3642 353 3693 uter
372 3633 469 3692 Turio.
489 3634 552 3694 Bar.
566 3635 595 3704 1.
616 3632 741 3692 Burni.
762 3629 941 3710 singularia
953 3642 1055 3694 senatu
1082 3633 1187 3693 inc..r.
1208 3632 1304 3693 Guels.
1324 3633 1350 3697 5.
1373 3631 1462 3712 legati
1474 3633 1523 3690 ubi

120 3737 203 3800 Fabr-
219 3759 245 3796 ι.
263 3737 347 3798 Gort.
366 3747 430 3797 tum
442 3737 523 3802 Ant.
544 3748 607 3796 tum
623 3757 684 3796 om.
705 3736 788 3795 Bern.
804 3736 833 3796 3.
1480 3721 1484 3732 ’

201 3905 278 3983 Cep.
300 3907 346 3979 11.
384 3907 523 3988 proecepit
547 3906 625 3966 mitri
647 3906 744 3966 Sonat.
762 3925 787 3970 2.
808 3905 877 3967 Ecr.
896 3906 999 3967 Franc.
1022 3907 1120 3967 Hense.
1157 3905 1292 3966 61211ζῦ.
1314 3905 1374 3966 llas.
1388 3907 1414 3978 1.
1434 3928 1520 3987 pron.

122 4010 202 4072 Cort.
217 4035 279 4072 om.
300 4013 388 4091 regni
399 4013 491 4072 Num.
512 4023 533 4076 t.
549 4010 797 4092 procurationem.
818 4031 909 4090 regno
930 4009 1027 4072 Guets.
1042 4033 1085 4071 ιο.
1107 4011 1221 4070 Leidt.
1244 4031 1366 4090 regnum
1386 4010 1521 4077 cuelfo.

124 4138 153 4195 9.
173 4117 241 4180 Eoo.
261 4116 343 4176 Leid.
358 4138 384 4178 c.
402 4117 703 4197 promotior-nem.
723 4115 857 4179 coerce.
879 4134 1002 4195 regnum
1015 4115 1056 4174 N.
1070 4123 1091 4173 t.
1101 4115 1310 4192 procuratione
1330 4135 1429 4174 meum
1440 4115 1521 4176 Cort.

126 4220 194 4298 imp.
212 4219 281 4280 eius.
301 4241 389 4301 pron.
406 4221 512 4282 deterit
522 4220 587 4281 niv.
601 4242 635 4280 ex
646 4219 743 4279 Codd.
763 4221 907 4278 accedunt
924 4221 1038 4299 aliquot
1050 4218 1153 4278 Cortii.
1173 4218 1258 4278 domi
1266 4218 1377 4278 mititte
1385 4219 1482 4280 Guelf.
1495 4221 1523 4280 5.

131 4346 176 4387 ro.
196 4345 286 4409 quom
303 4347 441 4388 morrone
454 4323 825 4390 Contumeliosum.
846 4327 915 4390 Ecc.
934 4321 1046 4384 fabrio.
1064 4342 1090 4384 a.
1111 4323 1218 4384 Franc.v
1233 4322 1313 4386 Vrat.
1329 4343 1356 4383 a.
1377 4323 1523 4386 Vnone.
