4050 5009
368 399 418 454 20

369 557 466 636 lius:
490 556 541 635 ad
557 556 633 635 hoc
653 555 768 634 multi
789 583 834 634 ex
855 557 1013 635 coloniis
1033 573 1073 636 et
1090 557 1328 664 municipiis,
1343 558 1447 633 domi
1462 557 1616 633 nobiles.
1640 558 1770 633 Erant

368 700 549 790 praeterea
573 683 787 787 complures
820 683 953 786 paullo
983 683 1169 759 occultius
1195 681 1343 758 consilii
1377 679 1536 757 huiusce
1560 682 1769 786 participes

368 806 536 897 nobiles,
561 831 655 911 quos
672 804 789 910 magis
811 804 1083 882 dominationis
1104 832 1185 911 spes
1206 804 1449 896 hortabatur,
1473 832 1591 909 quam
1612 804 1767 908 inopia,

370 947 439 1006 aut
456 931 531 1006 alia
548 928 790 1006 necessitudo.
817 927 993 1005 Ceterum
1012 931 1188 1006 iuventus
1207 930 1403 1035 pleraque,
1419 927 1484 1004 sed
1504 956 1680 1005 maxume
1694 956 1769 1005 no-

369 1053 530 1146 bilium,
557 1053 729 1130 Catilinae
762 1051 920 1156 inceptis
949 1051 1123 1148 larebat3
1155 1055 1295 1156 quibus
1320 1054 1363 1128 in
1385 1054 1462 1128 otio
1482 1052 1541 1129 vel
1563 1053 1766 1158 magnifice

370 1177 431 1254 vel
452 1177 621 1254 molliter
638 1177 762 1252 rivere
786 1175 895 1278 copia
923 1193 1022 1266 erat,
1056 1176 1200 1251 incerta
1226 1204 1298 1281 pro
1324 1177 1450 1265 certis,
1473 1176 1620 1251 bellum
1647 1204 1768 1280 quam

369 1327 521 1406 pacem,
546 1301 748 1376 malebant
789 1299 910 1373 Fuere
933 1299 1024 1372 item
1051 1326 1095 1375 ea
1123 1316 1359 1404 tempestate,
1390 1299 1459 1402 qui
1483 1299 1694 1391 crederent,
1714 1302 1769 1376 M.

371 1425 566 1502 Licinium
578 1426 752 1500 Crassum
765 1448 850 1496 non
865 1421 1042 1524 ignarum
1055 1422 1135 1497 eius
1151 1422 1299 1498 consilii
1314 1422 1445 1517 fuisse,
1469 1423 1561 1525 quia
1577 1425 1643 1499 Cn.
1657 1425 1770 1501 Pom·

370 1549 502 1654 peius,
527 1547 669 1624 invisus
692 1545 782 1649 ipsi,
806 1571 989 1648 magnum
1018 1546 1226 1621 exercitum
1247 1545 1447 1636 ductabat,
1477 1546 1642 1621 cuiusvis
1677 1571 1766 1650 opes

370 1671 531 1750 voluisse
546 1686 677 1747 contra
700 1668 803 1744 illius
823 1667 1036 1770 potentiam
1053 1693 1235 1763 crescere3
1258 1668 1371 1742 simul
1393 1667 1601 1760 confisum,
1626 1668 1657 1743 si
1676 1695 1769 1744 con-

329 1795 515 1873 stiuratio
533 1793 729 1881 valuisset,
754 1791 865 1866 lacile
893 1789 999 1894 apud
1023 1790 1108 1866 illos
1126 1790 1341 1895 principem
1359 1815 1398 1865 se
1419 1790 1509 1866 fore.
1559 1791 1631 1868 Sed
1654 1809 1768 1868 antea

373 1921 466 1997 item
485 1918 730 1996 coniuravere
753 1913 867 2020 pauci
887 1929 1021 1990 contra
1051 1914 1344 2016 rempublicam,
1368 1914 1412 1989 in
1434 1915 1574 2018 quibus
1602 1915 1769 1991 Catilina

373 2045 469 2138 luit3
493 2044 541 2120 (le
560 2065 775 2146 quaquam
796 2037 998 2114 verissume
1017 2054 1149 2140 potero
1172 2038 1307 2113 dicam
1339 2040 1379 2113 b
1398 2039 1530 2129 Tullo,
1553 2039 1604 2112 M
1623 2038 1769 2142 lepido

374 2166 624 2257 Consulibus,
650 2165 689 2238 Ρ.
701 2161 910 2237 Autronius
934 2177 973 2235 et
1000 2163 1038 2236 P.
1057 2160 1183 2252 Sulla,
1205 2161 1388 2266 designati
1414 2160 1606 2253 consules,
1621 2160 1769 2267 legibus

374 2291 540 2368 ambitus
558 2285 780 2393 interrogati
799 2309 932 2388 poenas
953 2282 1147 2360 dederant
1186 2287 1273 2360 Post
1291 2284 1424 2390 paullo
1447 2284 1629 2375 Catilina,
1653 2311 1771 2388 pecu-

374 2415 531 2492 niarum
553 2408 853 2517 repetundarum
875 2433 977 2498 reus,
1008 2406 1225 2512 prohibitus
1251 2424 1332 2484 erat
1358 2409 1600 2484 consulatum
1620 2422 1770 2513 petere,

374 2536 482 2643 quod
508 2537 610 2612 intra
630 2533 814 2640 legitimos
841 2528 920 2606 dies
942 2529 1113 2634 profiteri
1139 2532 1361 2634 nequiverit
1404 2535 1498 2608 Erat
1521 2530 1654 2607 eodem
1678 2547 1774 2606 tem-

375 2687 468 2767 pore
489 2661 557 2735 Cn.
578 2657 680 2746 Piso,
704 2652 921 2732 adulescens
937 2653 1094 2742 nobilis,
1116 2679 1274 2728 summae
1290 2652 1476 2745 audacia,
1499 2679 1626 2760 egens,
1639 2654 1774 2729 factio-

375 2810 455 2872 sus,
479 2807 596 2886 quem
615 2779 665 2856 ad
685 2774 987 2884 perturbandam
999 2775 1276 2879 rempublicam
1296 2777 1427 2882 inopia
1447 2794 1565 2880 atque
1581 2777 1674 2852 mali
1692 2803 1776 2851 mo-

376 2931 434 2984 nes
453 2903 710 2983 stimulabant
762 2903 860 2978 Cum
884 2897 959 2972 boc
984 2898 1150 2974 Catilina
1176 2914 1215 2973 et
1230 2900 1438 2974 Autronius
1466 2899 1618 2975 circiter
1645 2901 1775 2974 Nonas

375 3027 614 3119 Decembris,
637 3022 796 3101 consilio
823 3020 1126 3111 communicato,
1150 3021 1341 3124 parabant
1361 3022 1405 3097 in
1430 3022 1618 3126 Capitolio
1636 3021 1776 3098 Kalen-

376 3231 398 3288 l.
419 3223 480 3287 tn
496 3244 521 3284 r.
541 3215 1186 3299 Tur.1.reliquiautetomittunt.autfilius
1204 3215 1349 3278 exbibent.
1374 3215 1419 3276 Μ.
1433 3216 1555 3279 Porcius
1572 3216 1662 3279 Loeco
1674 3219 1717 3280 sie
1733 3230 1777 3280 aar

377 3333 409 3394 in
426 3329 559 3392 Denariis
569 3325 656 3386 Laco.
677 3323 790 3384 Fabric.
807 3343 832 3384 r.
852 3322 948 3384 Guell.
966 3343 990 3384 ι.
1008 3341 1036 3382 a.
1051 3321 1120 3380 sss.
1136 3342 1164 3401 7.
1183 3321 1280 3380 Sonat.
1291 3331 1385 3401 uterq.
1404 3320 1504 3383 Vinar.
1524 3343 1550 3383 r.
1576 3321 1673 3384 leoco
1687 3325 1778 3406 longe

378 3435 501 3518 plurimi
512 3430 611 3492 Codd.
624 3426 708 3490 domi
723 3426 841 3488 nobiles.
858 3430 956 3508 plures
971 3425 1066 3486 Cortii
1075 3433 1193 3505 mtcrpt.
1211 3424 1263 3484 alii
1281 3424 1333 3502 qui
1346 3426 1397 3484 alii
1413 3427 1633 3488 cromaddunt.
1648 3435 1701 3487 arat
1715 3427 1778 3486 οὔ·

379 3557 438 3618 quo
452 3555 516 3598 nac.
535 3535 617 3596 Leid.
631 3555 657 3600 c.
668 3532 700 3594 d.
710 3533 731 3598 s.
741 3553 770 3614 g.
790 3529 822 3589 B.
834 3530 905 3594 Pub.
925 3529 1046 3590 Eccard.
1065 3531 1160 3592 Strnr.
1178 3528 1238 3589 inc.
1253 3539 1347 3612 uterq.
1371 3530 1456 3590 Rem.
1475 3551 1500 3596 r.
1526 3529 1625 3592 Gnell.
1641 3531 1671 3591 3.
1683 3531 1713 3596 6.
1728 3551 1775 3592 ιο.

383 3663 429 3705 ιι.
446 3661 491 3703 ra.
510 3638 580 3724 Τις.
599 3637 669 3698 Tur.¹
684 3658 710 3698 ι.
728 3655 831 3697 macc.
849 3635 913 3694 Bas.
929 3633 1161 3711 nbswebant.
1180 3630 1250 3692 Tur.
1262 3653 1289 3692 a.

422 3765 496 3850 Cap.
511 3767 557 3829 rs.
579 3762 791 3843 Cotfiu'tbm.
808 3782 833 3823 ι.
846 3781 873 3823 a.
887 3761 915 3822 3.
925 3761 954 3832 4.
973 3757 1043 3822 Tur.
1055 3781 1080 3821 ι.
1093 3779 1121 3821 a.
1141 3757 1226 3820 bern.
1244 3780 1269 3819 r.
1280 3780 1306 3820 2.
1316 3757 1344 3820 3.
1364 3760 1554 3822 omnerlaid.
1574 3761 1777 3842 demptum

381 3873 485 3942 Wmii
498 3871 566 3934 libri
578 3869 628 3930 red
641 3887 700 3949 quo
717 3867 801 3928 aSal.
816 3867 956 3946 scriptum
967 3865 1068 3938 luisse,
1081 3864 1158 3925 tatis
1175 3874 1217 3924 cst
1235 3863 1371 3923 Diomed.
1387 3865 1426 3923 11.
1439 3864 1508 3934 44ο.
1524 3863 1578 3925 td.
1599 3862 1713 3925 Puttcb.
1733 3864 1777 3925 id.

380 3976 484 4060 etsuit
499 3959 617 4038 omittit.
639 3971 744 4034 tatto.
764 3989 867 4032 omnes
877 3969 938 4028 Bas.
949 3967 1019 4028 Tur.
1035 3988 1060 4028 ι.
1072 3987 1100 4027 a.
1127 3965 1212 4027 Bern.
1226 3987 1251 4027 ι.
1272 3988 1298 4027 a.
1316 3971 1419 4049 pleriq.
1437 3967 1534 4028 Codd.
1555 3967 1648 4028 tuto.
1680 3966 1780 4028 Guell.

384 4085 412 4148 5.
432 4085 528 4145 Sonat.
543 4101 568 4142 ι.
588 4077 797 4138 Leid.1.m.n.
818 4073 877 4134 Erl.
897 4071 966 4155 Τις.
986 4069 1068 4132 etM.
1081 4067 1151 4150 [ep.
1177 4069 1236 4129 Erl.
1255 4071 1324 4154 Τις.
1343 4071 1412 4132 Tur.
1431 4092 1456 4132 ι.
1475 4090 1502 4132 a.
1522 4069 1612 4143 Silla,
1631 4071 1783 4152 augurati·

383 4189 522 4254 consideo
542 4203 645 4247 omnes
658 4180 720 4242 Bar.
735 4180 804 4241 Tur.
816 4178 901 4240 bern.
930 4195 1033 4236 omnes
1049 4171 1147 4236 Codd.
1170 4193 1218 4254 ap.
1242 4173 1323 4235 Cort
1343 4175 1528 4236 librariorum
1545 4176 1660 4252 incana
1679 4177 1786 4251 orni...¹

380 4295 469 4378 proh.
485 4302 561 4357 erat.
588 4296 652 4352 erat
665 4285 779 4350 uberta
791 4282 872 4346 beid.
888 4301 929 4342 m.
950 4290 979 4342 et
994 4281 1074 4362 plur.
1092 4281 1182 4342 Pelet.
1203 4279 1377 4358 nequiverat.
1404 4280 1466 4342 Bas.
1480 4278 1510 4352 4.
1527 4277 1598 4341 Tur.
1619 4299 1646 4340 ι.
1662 4299 1704 4340 m.
1722 4299 1780 4342 uo
