4050 5009
513 588 594 666 beri
612 587 710 663 mihi
726 585 910 663 beneficia
927 613 951 662 a
969 585 1115 691 populo
1131 587 1319 677 Romano,
1344 586 1486 691 quibus
1499 611 1580 663 non
1596 609 1758 692 egerem
1776 606 1898 663 tecan-

512 714 608 816 dum
631 739 699 802 ea,
717 711 750 788 si
771 708 1019 788 desideranda
1034 725 1164 784 erant:
1199 711 1259 785 uti
1280 709 1415 786 debitis
1445 728 1580 786 uterer.
1628 707 1701 786 Sed
1725 703 1900 813 qnoniam

511 865 651 942 parum
676 853 759 911 tuta
785 862 856 939 per
878 859 919 908 se
943 833 1023 935 ipsa
1050 833 1219 936 probitas
1240 850 1315 924 ert,
1340 861 1466 938 neque
1489 832 1588 910 mihi
1615 833 1658 908 in
1678 859 1799 910 manu
1813 834 1900 926 luit,

512 959 697 1067 Iugurtha
709 957 843 1062 'qualis
856 957 971 1032 soret:
997 954 1048 1030 ad
1070 981 1133 1032 vos
1157 956 1329 1062 confugi,
1353 961 1479 1035 Patres
1498 958 1723 1064 conscripti,
1748 959 1903 1062 quibus.

512 1085 617 1188 quod
637 1083 734 1159 mihi
759 1082 1047 1157 misserrumum
1070 1095 1139 1172 est,
1164 1106 1277 1186 cogor
1302 1083 1409 1184 prius
1434 1083 1541 1158 oneri
1565 1109 1682 1186 qrram
1709 1083 1797 1158 usui
1827 1109 1906 1160 etse.

512 1208 636 1285 Ceteri
670 1232 772 1312 reges
804 1220 873 1280 aut
894 1203 996 1280 bello
1022 1202 1113 1278 victi
1146 1203 1190 1278 in
1220 1205 1429 1280 amicitiam
1457 1232 1480 1279 a
1500 1206 1607 1282 vobis
1633 1206 1774 1311 recepti
1803 1225 1909 1300 sunt,

510 1332 642 1408 autin
663 1331 740 1406 suis
763 1328 891 1404 dubiis
912 1328 1025 1402 rebus
1043 1327 1262 1402 societatem
1290 1345 1452 1405 vestram
1473 1328 1763 1433 adpetiverunt3
1801 1331 1913 1406 sarni·

472 1470 477 1484 ’
510 1455 563 1532 lia
588 1471 716 1531 nostra
744 1481 835 1528 cum
861 1451 1007 1556 populo
1040 1452 1211 1526 Romano
1242 1451 1343 1527 bello
1375 1451 1677 1558 Carthaginiensi
1701 1455 1911 1532 amicitiam

508 1579 703 1656 instituit:
730 1603 807 1680 (pio
840 1593 1012 1678 tempore
1039 1575 1156 1678 magis
1180 1573 1271 1651 fides
1304 1576 1384 1650 eius
1413 1602 1533 1678 quem
1560 1576 1716 1652 fortuna
1744 1579 1909 1682 petenda

509 1688 600 1780 erat
637 1703 815 1799 Quorum
835 1699 1056 1805 progeniem
1073 1724 1157 1787 vos,
1183 1700 1309 1774 Patres
1332 1699 1558 1802 conscripti,
1575 1700 1694 1776 nolite
1715 1702 1795 1805 pati
1824 1703 1910 1798 (me

511 1843 689 1932 nepotem
711 1824 958 1922 Massinissae)
983 1823 1124 1897 frustra
1145 1849 1166 1896 a
1187 1822 1293 1898 vobis
1317 1822 1507 1898 auxilium
1529 1840 1663 1926 petere.
1702 1821 1740 1900 si
1766 1825 1816 1902 ad
1839 1827 1910 1902 im-

506 1949 741 2057 petrandum
756 1945 861 2024 nihil
881 1971 1019 2022 caussae
1042 1944 1223 2022 haberem
1246 1963 1383 2051 praeter
1409 1946 1663 2022 miserandam
1692 1945 1906 2042 fortunam,

509 2075 616 2180 quod
633 2073 768 2178 paullo
799 2087 890 2146 ante
911 2097 997 2159 rex,
1021 2097 1176 2174 genere,
1199 2068 1301 2146 fama
1323 2087 1438 2173 atque
1465 2070 1583 2175 copiis
1616 2087 1766 2176 potens,
1800 2101 1911 2151 nunc

505 2200 742 2276 defonnatus
759 2195 968 2283 oerumnis,
999 2194 1130 2298 inops,
1158 2193 1301 2270 alienas
1328 2210 1649 2299 opesexspeoto:
1677 2190 1804 2273 tamen
1825 2215 1911 2275 erat

507 2321 711 2400 maiestatis
734 2317 897 2394 Romani
924 2317 1088 2422 populi,
1115 2315 1317 2420 prohibere
1354 2317 1537 2414 iniuriam
1571 2345 1696 2423 neque
1727 2321 1808 2424 pati
1841 2349 1911 2399 ou·

506 2450 686 2551 iusrpmm
704 2470 866 2549 regnum
885 2467 955 2546 per
967 2440 1093 2521 ‚scelus
1115 2465 1286 2516 creseere.
1320 2443 1465 2516 Verum
1484 2469 1551 2548 ego
1571 2441 1630 2520 his
1653 2442 1793 2522 finibus
1811 2446 1912 2524 eiec-

508 2627 607 2690 Guelt‘.
623 2652 669 2692 rr.
688 2625 810 2686 Bernt.
836 2643 888 2683 vos
903 2622 935 2682 in
958 2624 1051 2699 odfin.
1069 2621 1167 2683 locam
1191 2643 1278 2704 pron.
1294 2645 1311 2683 a
1326 2623 1457 2705 quinque
1476 2623 1569 2685 Gortii
1589 2624 1671 2686 libris
1689 2624 1776 2691 abest.
1797 2627 1868 2688 item
1892 2651 1912 2690 a

506 2733 589 2798 leid,
602 2757 629 2794 a.
640 2756 667 2800 e,
689 2730 752 2790 loeo
772 2727 885 2788 Fabric.
900 2749 926 2786 ι.
947 2727 1044 2786 Gueli.
1058 2748 1088 2807 9.
1104 2747 1149 2786 ro.
1167 2747 1213 2792 ιι.
1235 2727 1315 2787 Leid.
1328 2750 1352 2793 c.
1364 2729 1392 2787 Ιι.
1413 2731 1510 2810 plnres
1524 2730 1660 2790 Putschii.
1686 2729 1748 2797 Bas,
1764 2732 1793 2802 4.
1819 2733 1915 2796 Bern.

508 2833 538 2901 t.
558 2832 585 2891 si
596 2832 780 2910 itoseeissem
804 2833 900 2893 Guetf.
915 2853 941 2890 1.
971 2831 1114 2892 exercitas
1134 2831 1193 2892 dio.
1221 2831 1306 2897 Bern.
1322 2834 1351 2903 A.
1373 2854 1419 2895 me
1433 2834 1610 2894 habiturum.
1630 2855 1677 2896 me
1690 2835 1857 2908 orntl'abr.
1885 2862 1914 2900 ι.

507 2933 605 2994 Gnell.
621 2957 666 2997 rr.
688 2937 794 2997 habere
814 2937 952 3000 Guelii.
972 2935 1086 2995 Fabric.
1101 2956 1129 2995 a.
1154 2937 1285 3016 parentis
1310 2937 1377 2997 mei.
1397 2959 1485 3021 pron.
1505 2938 1571 3000 ltir.
1588 2939 1664 2999 delet
1678 2961 1713 3002 ex
1727 2939 1823 3004 Codd.
1844 2963 1913 3006 om.

479 3062 482 3068 ·
505 3041 592 3100 etiarn
611 3039 672 3106 Erl.
690 3041 781 3102 Palat.
793 3043 822 3104 8.
842 3041 912 3105 Tur.
941 3040 1000 3099 mei
1010 3050 1127 3119 parent.
1148 3041 1275 3106 Bern.3.
1293 3042 1388 3123 patris
1404 3043 1491 3104 multi
1509 3064 1674 3126 perperam.
1688 3057 1835 3127 praecepto
1845 3068 1915 3142 om·

505 3166 582 3206 unas
595 3147 709 3207 wanti.
726 3146 813 3208 verba
830 3167 898 3228 par.
915 3145 975 3204 mei
987 3155 1134 3225 precepta
1156 3147 1188 3206 in
1207 3148 1307 3206 multis
1329 3149 1428 3208 locum
1453 3159 1578 3208 irrotant.
1597 3158 1685 3227 atque
1697 3151 1830 3212 emimm
1849 3175 1916 3233 ρο-

499 3249 569 3328 puli
582 3250 715 3310 Romani
733 3271 836 3310 omnes
857 3251 915 3308 sere
929 3247 1007 3308 libri.
1028 3260 1056 3308 et
1068 3251 1156 3311 amic.
1169 3252 1284 3332 populo.
1311 3250 1470 3313 cornuria
1481 3255 1595 3335 aliquot
1608 3253 1689 3313 libris
1702 3257 1822 3316 invenit.
1843 3277 1916 3320 mo·

503 3376 549 3415 or.
561 3355 676 3430 benefic.
690 3377 721 3434 p.
734 3374 800 3413 meo
813 3353 894 3414 vobis
903 3373 1036 3412 meorum
1051 3343 1111 3413 oni.
1123 3355 1227 3415 Franc.
1244 3355 1391 3416 maiorum
1407 3376 1468 3416 οιιι.
1479 3357 1549 3417 Tur.
1570 3379 1615 3418 ιιιι
1629 3380 1690 3419 om.
1707 3360 1804 3421 Guelt
1815 3359 1844 3432 4.
1858 3383 1913 3425 ιι.

503 3459 599 3519 Sonat.
614 3481 642 3519 a.
665 3461 765 3520 Hense.
793 3459 879 3518 Bern.
896 3481 921 3518 ι.
934 3461 962 3530 l.
990 3458 1055 3519 Bas.
1069 3458 1098 3529 A.
1117 3479 1139 3518 a
1151 3459 1231 3518 votis
1251 3480 1311 3518 om.
1328 3459 1426 3519 Guett.
1446 3482 1491 3520 ro.
1506 3483 1552 3521 ιι.
1583 3465 1615 3522 ἱιι
1627 3465 1727 3524 multis
1740 3459 1835 3526 sedern
1853 3489 1917 3528 va-

504 3564 570 3624 riat.
591 3565 727 3641 beneficio
758 3564 859 3646 populi
874 3563 1005 3623 Romani
1024 3565 1127 3623 Bana.
1158 3564 1223 3623 ben.
1242 3563 1348 3626 delevit
1362 3564 1443 3625 Cort.
1463 3569 1670 3627 mamea
1697 3569 1777 3630 Vrat.
1795 3591 1820 3630 ι.
1841 3569 1912 3635 Ba.

509 3688 535 3727 1.
553 3679 582 3728 et
599 3669 735 3748 primitus
751 3669 819 3733 Nae.
835 3671 934 3750 plures
948 3669 1042 3730 Cottii
1051 3709 1062 3741 ,
1081 3669 1202 3741 Wassii,
1223 3669 1344 3729 llorere.
1365 3669 1417 3729 cfr.
1429 3670 1512 3730 Prisc.
1533 3673 1577 3742 14.
1592 3691 1617 3731 1.
1630 3672 1697 3744 584.
1717 3669 1771 3733 Ed.
1784 3671 1836 3732 Kr.
1853 3677 1913 3738 sed

504 3776 627 3854 plurimi
648 3774 715 3832 libri
736 3784 808 3833 aut:
829 3775 882 3834 sed
897 3775 925 3833 si
945 3794 993 3848 en,
1023 3773 1254 3834 autz'tedeosi.
1272 3793 1327 3853 per·
1351 3793 1381 3834 ee
1401 3774 1494 3856 ipsam
1513 3775 1625 3836 Fabric.
1645 3775 1786 3844 isinana.
1814 3777 1910 3842 dead.

504 3877 603 3938 Guelt.
625 3878 651 3942 5.
676 3898 721 3937 ιο.
749 3877 863 3938 leidl.
893 3877 955 3938 Bas.
972 3900 998 3938 ι.
1028 3878 1161 3958 ipsaom.
1186 3877 1371 3952 arente.
1389 3900 1434 3938 ιι.
1460 3883 1539 3958 qood
1557 3881 1633 3940 milti
1651 3881 1714 3940 mis.
1731 3893 1781 3944 cst.
1809 3893 1852 3946 est
1871 3886 1912 3948 in

504 3985 636 4065 quinque
656 3981 738 4040 Cort.
759 3986 860 4043 locum
874 3995 978 4043 mutat.
1000 3983 1076 4042 milti
1095 3983 1174 4043 abest
1193 3983 1276 4042 Rem.
1292 4005 1317 4044 ι.
1337 3983 1418 4043 Leid.
1434 3987 1454 4050 i.
1482 3995 1568 4046 estet
1589 3986 1664 4044 milri
1683 4001 1744 4047 om.
1759 3988 1856 4050 Gnell.
1875 3993 1910 4052 6.

505 4088 613 4168 recepti
626 4096 703 4147 sunt.
723 4096 862 4148 nortem.
877 4089 946 4148 vin.
968 4109 995 4152 2.
1024 4090 1056 4147 in
1070 4097 1181 4168 septem
1203 4089 1266 4147 aliis
1283 4091 1384 4148 locunt
1405 4099 1507 4148 mutat.
1530 4090 1776 4152 instituitomritit.
1795 4092 1857 4155 Bes.
1873 4099 1909 4169 4.

503 4193 575 4258 Tur.
594 4192 679 4252 Bern.
693 4213 719 4251 ι.
734 4194 894 4272 pendendo
910 4193 1004 4252 edidit
1017 4191 1133 4256 Gruter.
1150 4194 1293 4252 incertum
1309 4212 1346 4251 an
1362 4213 1396 4252 ex
1408 4191 1505 4253 Codd.
1533 4195 1685 4274 progenies
1700 4197 1745 4256 ita
1763 4195 1908 4270 Ciaoeou,

504 4298 603 4363 Ursin.
623 4303 744 4378 Popma.
769 4295 891 4377 patime
908 4307 1040 4378 nepotem
1058 4295 1242 4356 ttasstntooe.
1262 4317 1308 4356 mo
1329 4315 1360 4356 n.
1376 4295 1420 4356 M.
1441 4297 1565 4358 delenda
1590 4309 1760 4360 censuerant
1784 4300 1906 4369 Gruter.

502 4403 640 4487 Bergan.
661 4399 776 4462 Putsch.
795 4399 877 4467 Gort.
897 4401 989 4463 satri
1004 4399 1091 4463 Febr.
1109 4422 1136 4463 ι.
1155 4402 1235 4466 Vrat.
1256 4402 1315 4468 inc.
1335 4401 1404 4466 Vin.
1415 4421 1442 4462 ι.
1463 4401 1558 4468 Strui·
1578 4403 1648 4488 Τις.
1668 4403 1816 4490 taidtg.
1828 4406 1905 4473 tnk.
