<?xml version="1.0" encoding="UTF-8"?>
<!DOCTYPE html PUBLIC "-//W3C//DTD XHTML 1.0 Transitional//EN"
    "http://www.w3.org/TR/xhtml1/DTD/xhtml1-transitional.dtd">
<html xmlns="http://www.w3.org/1999/xhtml" xml:lang="en" lang="en">
 <head>
  <title>
</title>
<meta http-equiv="Content-Type" content="text/html;charset=utf-8" />
  <meta name='ocr-system' content='tesseract 3.04.00' />
  <meta name='ocr-capabilities' content='ocr_page ocr_carea ocr_par ocr_line ocrx_word'/>
</head>
<body>
  <div class='ocr_page' id='page_1' title='image "./salustiiquaeexs00sallgoog_0715.png"; bbox 0 0 4050 5009; ppageno 0'>
   <div class='ocr_carea' id='block_1_1' title="bbox 1559 388 1633 470">
    <p class='ocr_par' dir='ltr' id='par_1_1' title="bbox 1559 388 1633 470">
     <span class='ocr_line' id='line_1_1' title="bbox 1559 388 1633 470; baseline 0.108 -8"><span class='ocrx_word' id='word_1_1' title='bbox 1559 388 1633 470; x_wconf 79' lang='lat'><strong>205</strong></span> 
     </span>
    </p>
   </div>
   <div class='ocr_carea' id='block_1_2' title="bbox 200 556 1703 2658">
    <p class='ocr_par' dir='ltr' id='par_1_2' title="bbox 205 556 1703 923">
     <span class='ocr_line' id='line_1_2' title="bbox 211 556 1703 671; baseline 0.004 -40"><span class='ocrx_word' id='word_1_2' title='bbox 211 556 482 660; x_wconf 58' lang='lat' dir='ltr'><strong>praedioebau</strong></span> <span class='ocrx_word' id='word_1_3' title='bbox 494 565 609 643; x_wconf 87' lang='lat' dir='ltr'><strong>simul</strong></span> <span class='ocrx_word' id='word_1_4' title='bbox 619 566 807 643; x_wconf 84' lang='lat' dir='ltr'><strong>Romanos</strong></span> <span class='ocrx_word' id='word_1_5' title='bbox 828 578 868 643; x_wconf 92' lang='lat' dir='ltr'><strong>et</strong></span> <span class='ocrx_word' id='word_1_6' title='bbox 875 564 1082 643; x_wconf 87' lang='lat' dir='ltr'><strong>Numidam</strong></span> <span class='ocrx_word' id='word_1_7' title='bbox 1094 592 1160 670; x_wconf 86' lang='lat' dir='ltr'><strong>spe</strong></span> <span class='ocrx_word' id='word_1_8' title='bbox 1174 566 1278 671; x_wconf 89' lang='lat' dir='ltr'><strong>pacis</strong></span> <span class='ocrx_word' id='word_1_9' title='bbox 1293 567 1518 659; x_wconf 70' lang='lat' dir='ltr'><strong>adtinuisse,</strong></span> <span class='ocrx_word' id='word_1_10' title='bbox 1531 568 1634 643; x_wconf 86' lang='lat' dir='ltr'><strong>mul-</strong></span> <span class='ocrx_word' id='word_1_11' title='bbox 1699 625 1703 637; x_wconf 84' lang='lat'><em>.</em></span> 
     </span>
     <span class='ocr_line' id='line_1_3' title="bbox 209 690 1631 797; baseline 0.008 -40"><span class='ocrx_word' id='word_1_12' title='bbox 209 696 393 788; x_wconf 86' lang='lat' dir='ltr'><strong>tumque</strong></span> <span class='ocrx_word' id='word_1_13' title='bbox 402 714 492 767; x_wconf 90' lang='lat' dir='ltr'><strong>cnm</strong></span> <span class='ocrx_word' id='word_1_14' title='bbox 505 690 636 766; x_wconf 90' lang='lat' dir='ltr'><strong>animo</strong></span> <span class='ocrx_word' id='word_1_15' title='bbox 645 716 715 766; x_wconf 90' lang='lat' dir='ltr'><strong>suo</strong></span> <span class='ocrx_word' id='word_1_16' title='bbox 728 690 877 767; x_wconf 83' lang='lat' dir='ltr'><strong>volvere</strong></span> <span class='ocrx_word' id='word_1_17' title='bbox 888 690 1061 783; x_wconf 82' lang='lat' dir='ltr'><strong>solitum,</strong></span> <span class='ocrx_word' id='word_1_18' title='bbox 1076 691 1304 797; x_wconf 77' lang='lat' dir='ltr'><strong>Iugurtham</strong></span> <span class='ocrx_word' id='word_1_19' title='bbox 1313 692 1494 769; x_wconf 83' lang='lat' dir='ltr'><strong>Romanis</strong></span> <span class='ocrx_word' id='word_1_20' title='bbox 1505 719 1557 770; x_wconf 86' lang='lat' dir='ltr'><strong>an</strong></span> <span class='ocrx_word' id='word_1_21' title='bbox 1570 692 1631 769; x_wconf 89' lang='lat' dir='ltr'><strong>illi</strong></span> 
     </span>
     <span class='ocr_line' id='line_1_4' title="bbox 205 806 1630 923; baseline 0.009 -43"><span class='ocrx_word' id='word_1_22' title='bbox 205 806 377 887; x_wconf 83' lang='lat' dir='ltr'><strong>Sullam</strong></span> <span class='ocrx_word' id='word_1_23' title='bbox 391 812 572 891; x_wconf 85' lang='lat' dir='ltr'><strong>traderet:</strong></span> <span class='ocrx_word' id='word_1_24' title='bbox 586 812 800 891; x_wconf 84' lang='lat' dir='ltr'><strong>lubidinem</strong></span> <span class='ocrx_word' id='word_1_25' title='bbox 812 815 1015 893; x_wconf 78' lang='lat' dir='ltr'><strong>advorsum</strong></span> <span class='ocrx_word' id='word_1_26' title='bbox 1027 842 1112 907; x_wconf 88' lang='lat' dir='ltr'><strong>nos,</strong></span> <span class='ocrx_word' id='word_1_27' title='bbox 1125 832 1272 893; x_wconf 86' lang='lat' dir='ltr'><strong>metum</strong></span> <span class='ocrx_word' id='word_1_28' title='bbox 1290 844 1361 923; x_wconf 84' lang='lat' dir='ltr'><strong>pro</strong></span> <span class='ocrx_word' id='word_1_29' title='bbox 1373 816 1484 894; x_wconf 88' lang='lat' dir='ltr'><strong>nobis</strong></span> <span class='ocrx_word' id='word_1_30' title='bbox 1495 817 1630 893; x_wconf 82' lang='lat' dir='ltr'><strong>suasis·</strong></span> 
     </span>
    </p>

    <p class='ocr_par' dir='ltr' id='par_1_3' title="bbox 200 936 1700 2161">
     <span class='ocr_line' id='line_1_5' title="bbox 203 936 1700 1045; baseline 0.007 -37"><span class='ocrx_word' id='word_1_31' title='bbox 203 956 254 1008; x_wconf 83' lang='lat' dir='ltr'><strong>se.</strong></span> <span class='ocrx_word' id='word_1_32' title='bbox 281 936 422 1041; x_wconf 78' lang='lat' dir='ltr'><strong>Igitur</strong></span> <span class='ocrx_word' id='word_1_33' title='bbox 429 938 554 1013; x_wconf 86' lang='lat' dir='ltr'><strong>Sulla:</strong></span> <span class='ocrx_word' id='word_1_34' title='bbox 565 966 686 1045; x_wconf 87' lang='lat' dir='ltr'><strong>panca</strong></span> <span class='ocrx_word' id='word_1_35' title='bbox 699 964 828 1015; x_wconf 85' lang='lat' dir='ltr'><strong>coram</strong></span> <span class='ocrx_word' id='word_1_36' title='bbox 837 942 977 1044; x_wconf 83' lang='lat' dir='ltr'><strong>Aspare</strong></span> <span class='ocrx_word' id='word_1_37' title='bbox 993 942 1215 1017; x_wconf 85' lang='lat' dir='ltr'><strong>locuturum</strong></span> <span class='ocrx_word' id='word_1_38' title='bbox 1229 968 1240 1033; x_wconf 86' lang='lat'><strong>;</strong></span> <span class='ocrx_word' id='word_1_39' title='bbox 1252 959 1375 1019; x_wconf 88' lang='lat' dir='ltr'><strong>cetera</strong></span> <span class='ocrx_word' id='word_1_40' title='bbox 1386 942 1552 1030; x_wconf 81' lang='lat' dir='ltr'><strong>occulte,</strong></span> <span class='ocrx_word' id='word_1_41' title='bbox 1563 958 1631 1016; x_wconf 90' lang='lat' dir='ltr'><strong>aut</strong></span> <span class='ocrx_word' id='word_1_42' title='bbox 1644 978 1700 1040; x_wconf 80' lang='lat'><strong>109</strong></span> 
     </span>
     <span class='ocr_line' id='line_1_6' title="bbox 203 1058 1631 1170; baseline 0.006 -37"><span class='ocrx_word' id='word_1_43' title='bbox 203 1058 355 1153; x_wconf 90' lang='lat' dir='ltr'><strong>nullo,</strong></span> <span class='ocrx_word' id='word_1_44' title='bbox 383 1078 451 1139; x_wconf 88' lang='lat' dir='ltr'><strong>ant</strong></span> <span class='ocrx_word' id='word_1_45' title='bbox 466 1090 586 1169; x_wconf 79' lang='lat' dir='ltr'><strong>quom</strong></span> <span class='ocrx_word' id='word_1_46' title='bbox 600 1064 846 1170; x_wconf 78' lang='lat' dir='ltr'><strong>paucissumis</strong></span> <span class='ocrx_word' id='word_1_47' title='bbox 865 1065 1113 1168; x_wconf 86' lang='lat' dir='ltr'><strong>praesentibus</strong></span> <span class='ocrx_word' id='word_1_48' title='bbox 1130 1098 1138 1138; x_wconf 93' lang='lat'><strong>:</strong></span> <span class='ocrx_word' id='word_1_49' title='bbox 1163 1064 1280 1141; x_wconf 89' lang='lat' dir='ltr'><strong>simul</strong></span> <span class='ocrx_word' id='word_1_50' title='bbox 1296 1064 1446 1157; x_wconf 90' lang='lat' dir='ltr'><strong>edocet,</strong></span> <span class='ocrx_word' id='word_1_51' title='bbox 1468 1090 1555 1169; x_wconf 84' lang='lat' dir='ltr'><strong>quae</strong></span> <span class='ocrx_word' id='word_1_52' title='bbox 1572 1092 1631 1141; x_wconf 77' lang='lat' dir='ltr'><strong>re·</strong></span> 
     </span>
     <span class='ocr_line' id='line_1_7' title="bbox 201 1185 1630 1294; baseline 0.008 -39"><span class='ocrx_word' id='word_1_53' title='bbox 201 1185 516 1285; x_wconf 76' lang='lat' dir='ltr'><strong>sponderentur.</strong></span> <span class='ocrx_word' id='word_1_54' title='bbox 558 1194 761 1293; x_wconf 82' lang='lat' dir='ltr'><strong>Postquam</strong></span> <span class='ocrx_word' id='word_1_55' title='bbox 775 1188 887 1263; x_wconf 88' lang='lat' dir='ltr'><strong>sicuti</strong></span> <span class='ocrx_word' id='word_1_56' title='bbox 900 1187 1091 1283; x_wconf 80' lang='lat' dir='ltr'><strong>voluerat,</strong></span> <span class='ocrx_word' id='word_1_57' title='bbox 1115 1190 1322 1294; x_wconf 79' lang='lat' dir='ltr'><strong>congressi,</strong></span> <span class='ocrx_word' id='word_1_58' title='bbox 1347 1190 1462 1263; x_wconf 84' lang='lat' dir='ltr'><strong>dicit:</strong></span> <span class='ocrx_word' id='word_1_59' title='bbox 1486 1216 1525 1264; x_wconf 89' lang='lat' dir='ltr'><strong>se</strong></span> <span class='ocrx_word' id='word_1_60' title='bbox 1542 1191 1630 1266; x_wconf 89' lang='lat' dir='ltr'><strong>mis·</strong></span> 
     </span>
     <span class='ocr_line' id='line_1_8' title="bbox 200 1312 1629 1418; baseline 0.006 -38"><span class='ocrx_word' id='word_1_61' title='bbox 200 1332 301 1383; x_wconf 82' lang='lat' dir='ltr'><strong>sum</strong></span> <span class='ocrx_word' id='word_1_62' title='bbox 330 1337 357 1384; x_wconf 82' lang='lat' dir='ltr'><strong>a</strong></span> <span class='ocrx_word' id='word_1_63' title='bbox 380 1312 543 1387; x_wconf 88' lang='lat' dir='ltr'><strong>Consule</strong></span> <span class='ocrx_word' id='word_1_64' title='bbox 564 1314 705 1388; x_wconf 88' lang='lat' dir='ltr'><strong>venisse</strong></span> <span class='ocrx_word' id='word_1_65' title='bbox 724 1312 926 1415; x_wconf 84' lang='lat' dir='ltr'><strong>quaesitum</strong></span> <span class='ocrx_word' id='word_1_66' title='bbox 944 1312 994 1387; x_wconf 89' lang='lat' dir='ltr'><strong>ab</strong></span> <span class='ocrx_word' id='word_1_67' title='bbox 1012 1340 1074 1401; x_wconf 89' lang='lat' dir='ltr'><strong>eo,</strong></span> <span class='ocrx_word' id='word_1_68' title='bbox 1098 1340 1247 1418; x_wconf 87' lang='lat' dir='ltr'><strong>pacem,</strong></span> <span class='ocrx_word' id='word_1_69' title='bbox 1269 1341 1321 1388; x_wconf 89' lang='lat' dir='ltr'><strong>an</strong></span> <span class='ocrx_word' id='word_1_70' title='bbox 1340 1314 1486 1388; x_wconf 86' lang='lat' dir='ltr'><strong>bellum</strong></span> <span class='ocrx_word' id='word_1_71' title='bbox 1511 1313 1629 1418; x_wconf 79' lang='lat' dir='ltr'><strong>agita·</strong></span> 
     </span>
     <span class='ocr_line' id='line_1_9' title="bbox 203 1432 1629 1541; baseline 0.004 -35"><span class='ocrx_word' id='word_1_72' title='bbox 203 1446 330 1508; x_wconf 84' lang='lat' dir='ltr'><strong>turus</strong></span> <span class='ocrx_word' id='word_1_73' title='bbox 347 1432 454 1510; x_wconf 83' lang='lat' dir='ltr'><strong>foret</strong></span> <span class='ocrx_word' id='word_1_74' title='bbox 477 1438 577 1511; x_wconf 90' lang='lat' dir='ltr'><strong>Turn</strong></span> <span class='ocrx_word' id='word_1_75' title='bbox 590 1462 672 1526; x_wconf 79' lang='lat' dir='ltr'><strong>rex,</strong></span> <span class='ocrx_word' id='word_1_76' title='bbox 685 1436 743 1510; x_wconf 90' lang='lat' dir='ltr'><strong>uti</strong></span> <span class='ocrx_word' id='word_1_77' title='bbox 755 1453 988 1541; x_wconf 82' lang='lat' dir='ltr'><strong>praeceptum</strong></span> <span class='ocrx_word' id='word_1_78' title='bbox 1001 1436 1144 1527; x_wconf 83' lang='lat' dir='ltr'><strong>fuerat,</strong></span> <span class='ocrx_word' id='word_1_79' title='bbox 1153 1455 1239 1541; x_wconf 87' lang='lat' dir='ltr'><strong>post</strong></span> <span class='ocrx_word' id='word_1_80' title='bbox 1251 1438 1354 1514; x_wconf 88' lang='lat' dir='ltr'><strong>diem</strong></span> <span class='ocrx_word' id='word_1_81' title='bbox 1366 1437 1557 1513; x_wconf 82' lang='lat' dir='ltr'><strong>decimum</strong></span> <span class='ocrx_word' id='word_1_82' title='bbox 1571 1463 1629 1511; x_wconf 79' lang='lat' dir='ltr'><strong>re·</strong></span> 
     </span>
     <span class='ocr_line' id='line_1_10' title="bbox 204 1554 1630 1665; baseline 0.006 -36"><span class='ocrx_word' id='word_1_83' title='bbox 204 1554 299 1633; x_wconf 88' lang='lat' dir='ltr'><strong>dire</strong></span> <span class='ocrx_word' id='word_1_84' title='bbox 318 1559 504 1654; x_wconf 77' lang='lat' dir='ltr'><strong>iubet5ac</strong></span> <span class='ocrx_word' id='word_1_85' title='bbox 514 1557 614 1635; x_wconf 90' lang='lat' dir='ltr'><strong>nihil</strong></span> <span class='ocrx_word' id='word_1_86' title='bbox 632 1559 747 1637; x_wconf 87' lang='lat' dir='ltr'><strong>etiam</strong></span> <span class='ocrx_word' id='word_1_87' title='bbox 759 1584 867 1635; x_wconf 90' lang='lat' dir='ltr'><strong>nunc</strong></span> <span class='ocrx_word' id='word_1_88' title='bbox 882 1558 1096 1649; x_wconf 77' lang='lat' dir='ltr'><strong>decrevisse,</strong></span> <span class='ocrx_word' id='word_1_89' title='bbox 1107 1562 1171 1637; x_wconf 88' lang='lat' dir='ltr'><strong>sed</strong></span> <span class='ocrx_word' id='word_1_90' title='bbox 1186 1562 1253 1635; x_wconf 90' lang='lat' dir='ltr'><strong>illo</strong></span> <span class='ocrx_word' id='word_1_91' title='bbox 1266 1562 1330 1637; x_wconf 90' lang='lat' dir='ltr'><strong>die</strong></span> <span class='ocrx_word' id='word_1_92' title='bbox 1344 1586 1630 1665; x_wconf 67' lang='lat' dir='ltr'><strong>responsurum</strong></span> 
     </span>
     <span class='ocr_line' id='line_1_11' title="bbox 206 1676 1629 1789; baseline 0.004 -34"><span class='ocrx_word' id='word_1_93' title='bbox 206 1676 310 1759; x_wconf 86' lang='lat' dir='ltr'><strong>dein</strong></span> <span class='ocrx_word' id='word_1_94' title='bbox 334 1685 447 1760; x_wconf 84' lang='lat' dir='ltr'><strong>ambo</strong></span> <span class='ocrx_word' id='word_1_95' title='bbox 466 1685 508 1759; x_wconf 91' lang='lat' dir='ltr'><strong>in</strong></span> <span class='ocrx_word' id='word_1_96' title='bbox 534 1710 601 1760; x_wconf 91' lang='lat' dir='ltr'><strong>sua</strong></span> <span class='ocrx_word' id='word_1_97' title='bbox 621 1700 741 1759; x_wconf 86' lang='lat' dir='ltr'><strong>castra</strong></span> <span class='ocrx_word' id='word_1_98' title='bbox 760 1682 920 1786; x_wconf 83' lang='lat' dir='ltr'><strong>digressi.</strong></span> <span class='ocrx_word' id='word_1_99' title='bbox 960 1682 1033 1759; x_wconf 91' lang='lat' dir='ltr'><strong>Sed</strong></span> <span class='ocrx_word' id='word_1_100' title='bbox 1052 1684 1122 1758; x_wconf 90' lang='lat' dir='ltr'><strong>ubi</strong></span> <span class='ocrx_word' id='word_1_101' title='bbox 1142 1684 1371 1788; x_wconf 80' lang='lat' dir='ltr'><strong>plerumque</strong></span> <span class='ocrx_word' id='word_1_102' title='bbox 1391 1685 1514 1761; x_wconf 86' lang='lat' dir='ltr'><strong>noctis</strong></span> <span class='ocrx_word' id='word_1_103' title='bbox 1539 1712 1629 1789; x_wconf 86' lang='lat' dir='ltr'><strong>pro-</strong></span> 
     </span>
     <span class='ocr_line' id='line_1_12' title="bbox 206 1806 1630 1912; baseline 0.004 -31"><span class='ocrx_word' id='word_1_104' title='bbox 206 1808 347 1897; x_wconf 76' lang='lat' dir='ltr'><strong>cessit,</strong></span> <span class='ocrx_word' id='word_1_105' title='bbox 372 1807 478 1884; x_wconf 82' lang='lat' dir='ltr'><strong>Sulla</strong></span> <span class='ocrx_word' id='word_1_106' title='bbox 503 1835 525 1883; x_wconf 89' lang='lat' dir='ltr'><strong>a</strong></span> <span class='ocrx_word' id='word_1_107' title='bbox 549 1806 696 1884; x_wconf 91' lang='lat' dir='ltr'><strong>Boccho</strong></span> <span class='ocrx_word' id='word_1_108' title='bbox 718 1806 866 1883; x_wconf 84' lang='lat' dir='ltr'><strong>occulte</strong></span> <span class='ocrx_word' id='word_1_109' title='bbox 888 1808 1120 1885; x_wconf 84' lang='lat' dir='ltr'><strong>accersitur:</strong></span> <span class='ocrx_word' id='word_1_110' title='bbox 1141 1808 1192 1881; x_wconf 90' lang='lat' dir='ltr'><strong>ab</strong></span> <span class='ocrx_word' id='word_1_111' title='bbox 1213 1824 1378 1912; x_wconf 88' lang='lat' dir='ltr'><strong>utroque</strong></span> <span class='ocrx_word' id='word_1_112' title='bbox 1394 1826 1630 1887; x_wconf 85' lang='lat' dir='ltr'><strong>tantummo-</strong></span> 
     </span>
     <span class='ocr_line' id='line_1_13' title="bbox 209 1926 1647 2037; baseline 0 -34"><span class='ocrx_word' id='word_1_113' title='bbox 209 1926 264 2005; x_wconf 90' lang='lat' dir='ltr'><strong>do</strong></span> <span class='ocrx_word' id='word_1_114' title='bbox 297 1929 370 2007; x_wconf 89' lang='lat' dir='ltr'><strong>fidi</strong></span> <span class='ocrx_word' id='word_1_115' title='bbox 406 1931 628 2035; x_wconf 74' lang='lat' dir='ltr'><strong>interpretes</strong></span> <span class='ocrx_word' id='word_1_116' title='bbox 655 1929 924 2007; x_wconf 76' lang='lat' dir='ltr'><strong>adhibentur:</strong></span> <span class='ocrx_word' id='word_1_117' title='bbox 956 1948 1136 2037; x_wconf 77' lang='lat' dir='ltr'><strong>praeterea</strong></span> <span class='ocrx_word' id='word_1_118' title='bbox 1169 1931 1302 2008; x_wconf 86' lang='lat' dir='ltr'><strong>Dabar</strong></span> <span class='ocrx_word' id='word_1_119' title='bbox 1331 1932 1599 2009; x_wconf 84' lang='lat' dir='ltr'><strong>internuncius</strong></span> <span class='ocrx_word' id='word_1_120' title='bbox 1618 1988 1647 2024; x_wconf 88' lang='lat'><strong>‚.</strong></span> 
     </span>
     <span class='ocr_line' id='line_1_14' title="bbox 209 2054 1576 2161; baseline 0.002 -34"><span class='ocrx_word' id='word_1_121' title='bbox 209 2071 374 2130; x_wconf 81' lang='lat' dir='ltr'><strong>sanctus</strong></span> <span class='ocrx_word' id='word_1_122' title='bbox 388 2054 500 2131; x_wconf 82' lang='lat' dir='ltr'><strong>viret</strong></span> <span class='ocrx_word' id='word_1_123' title='bbox 520 2078 566 2131; x_wconf 77' lang='lat' dir='ltr'><strong>ex</strong></span> <span class='ocrx_word' id='word_1_124' title='bbox 584 2055 772 2131; x_wconf 85' lang='lat' dir='ltr'><strong>sententia</strong></span> <span class='ocrx_word' id='word_1_125' title='bbox 800 2056 994 2131; x_wconf 89' lang='lat' dir='ltr'><strong>ambobus.</strong></span> <span class='ocrx_word' id='word_1_126' title='bbox 1028 2060 1083 2131; x_wconf 85' lang='lat' dir='ltr'><strong>Ac</strong></span> <span class='ocrx_word' id='word_1_127' title='bbox 1104 2056 1233 2131; x_wconf 85' lang='lat' dir='ltr'><strong>statim</strong></span> <span class='ocrx_word' id='word_1_128' title='bbox 1255 2056 1310 2131; x_wconf 92' lang='lat' dir='ltr'><strong>sic</strong></span> <span class='ocrx_word' id='word_1_129' title='bbox 1334 2082 1400 2130; x_wconf 84' lang='lat' dir='ltr'><strong>rex</strong></span> <span class='ocrx_word' id='word_1_130' title='bbox 1417 2056 1576 2161; x_wconf 88' lang='lat' dir='ltr'><strong>incipit:</strong></span> 
     </span>
    </p>

    <p class='ocr_par' dir='ltr' id='par_1_4' title="bbox 211 2178 1696 2658">
     <span class='ocr_line' id='line_1_15' title="bbox 327 2178 1696 2283; baseline 0.007 -30"><span class='ocrx_word' id='word_1_131' title='bbox 327 2234 347 2271; x_wconf 87' lang='lat'>„</span> <span class='ocrx_word' id='word_1_132' title='bbox 372 2180 593 2281; x_wconf 86' lang='lat' dir='ltr'><strong>Numquam</strong></span> <span class='ocrx_word' id='word_1_133' title='bbox 625 2204 692 2283; x_wconf 82' lang='lat' dir='ltr'><strong>ego</strong></span> <span class='ocrx_word' id='word_1_134' title='bbox 721 2192 825 2253; x_wconf 87' lang='lat' dir='ltr'><strong>ratus</strong></span> <span class='ocrx_word' id='word_1_135' title='bbox 849 2204 934 2254; x_wconf 89' lang='lat' dir='ltr'><strong>sum</strong></span> <span class='ocrx_word' id='word_1_136' title='bbox 954 2178 1055 2271; x_wconf 85' lang='lat' dir='ltr'><strong>lore,</strong></span> <span class='ocrx_word' id='word_1_137' title='bbox 1079 2182 1138 2253; x_wconf 94' lang='lat' dir='ltr'><strong>uti</strong></span> <span class='ocrx_word' id='word_1_138' title='bbox 1159 2204 1225 2255; x_wconf 86' lang='lat' dir='ltr'><strong>rex</strong></span> <span class='ocrx_word' id='word_1_139' title='bbox 1255 2204 1455 2255; x_wconf 83' lang='lat' dir='ltr'><strong>maxumus</strong></span> <span class='ocrx_word' id='word_1_140' title='bbox 1480 2180 1523 2255; x_wconf 87' lang='lat' dir='ltr'><strong>in</strong></span> <span class='ocrx_word' id='word_1_141' title='bbox 1551 2178 1696 2261; x_wconf 76' lang='lat' dir='ltr'><strong>hacne</strong></span> 
     </span>
     <span class='ocr_line' id='line_1_16' title="bbox 212 2300 1644 2408; baseline -0.001 -35"><span class='ocrx_word' id='word_1_142' title='bbox 212 2316 322 2379; x_wconf 86' lang='lat' dir='ltr'><strong>terra</strong></span> <span class='ocrx_word' id='word_1_143' title='bbox 351 2318 390 2377; x_wconf 87' lang='lat' dir='ltr'><strong>et</strong></span> <span class='ocrx_word' id='word_1_144' title='bbox 421 2302 620 2391; x_wconf 86' lang='lat' dir='ltr'><strong>omnium,</strong></span> <span class='ocrx_word' id='word_1_145' title='bbox 641 2326 735 2406; x_wconf 85' lang='lat' dir='ltr'><strong>quos</strong></span> <span class='ocrx_word' id='word_1_146' title='bbox 764 2302 879 2394; x_wconf 83' lang='lat' dir='ltr'><strong>nori,</strong></span> <span class='ocrx_word' id='word_1_147' title='bbox 902 2303 1052 2407; x_wconf 85' lang='lat' dir='ltr'><strong>privato</strong></span> <span class='ocrx_word' id='word_1_148' title='bbox 1080 2300 1231 2379; x_wconf 90' lang='lat' dir='ltr'><strong>homini</strong></span> <span class='ocrx_word' id='word_1_149' title='bbox 1256 2304 1418 2408; x_wconf 81' lang='lat' dir='ltr'><strong>gratiam</strong></span> <span class='ocrx_word' id='word_1_150' title='bbox 1441 2303 1644 2380; x_wconf 82' lang='lat' dir='ltr'><strong>deberem..</strong></span> 
     </span>
     <span class='ocr_line' id='line_1_17' title="bbox 211 2424 1661 2531; baseline 0.001 -32"><span class='ocrx_word' id='word_1_151' title='bbox 211 2424 267 2499; x_wconf 85' lang='lat' dir='ltr'><strong>Et</strong></span> <span class='ocrx_word' id='word_1_152' title='bbox 301 2424 537 2503; x_wconf 90' lang='lat' dir='ltr'><strong>mehercule</strong></span> <span class='ocrx_word' id='word_1_153' title='bbox 559 2425 690 2514; x_wconf 88' lang='lat' dir='ltr'><strong>Sulla,</strong></span> <span class='ocrx_word' id='word_1_154' title='bbox 716 2442 806 2502; x_wconf 85' lang='lat' dir='ltr'><strong>ante</strong></span> <span class='ocrx_word' id='word_1_155' title='bbox 830 2440 867 2501; x_wconf 86' lang='lat' dir='ltr'><strong>te</strong></span> <span class='ocrx_word' id='word_1_156' title='bbox 893 2426 1109 2531; x_wconf 82' lang='lat' dir='ltr'><strong>cognitum,</strong></span> <span class='ocrx_word' id='word_1_157' title='bbox 1133 2426 1264 2500; x_wconf 89' lang='lat' dir='ltr'><strong>multis</strong></span> <span class='ocrx_word' id='word_1_158' title='bbox 1300 2427 1518 2517; x_wconf 88' lang='lat' dir='ltr'><strong>orantibus,</strong></span> <span class='ocrx_word' id='word_1_159' title='bbox 1541 2427 1626 2502; x_wconf 86' lang='lat' dir='ltr'><strong>aliis</strong></span> <span class='ocrx_word' id='word_1_160' title='bbox 1659 2477 1661 2488; x_wconf 88' lang='lat'>·</span> 
     </span>
     <span class='ocr_line' id='line_1_18' title="bbox 213 2548 1640 2658; baseline 0.001 -33"><span class='ocrx_word' id='word_1_161' title='bbox 213 2550 324 2627; x_wconf 83' lang='lat' dir='ltr'><strong>nltm</strong></span> <span class='ocrx_word' id='word_1_162' title='bbox 342 2566 488 2658; x_wconf 85' lang='lat' dir='ltr'><strong>egomet</strong></span> <span class='ocrx_word' id='word_1_163' title='bbox 510 2576 623 2655; x_wconf 87' lang='lat' dir='ltr'><strong>opem</strong></span> <span class='ocrx_word' id='word_1_164' title='bbox 641 2548 733 2638; x_wconf 91' lang='lat' dir='ltr'><strong>tuli,</strong></span> <span class='ocrx_word' id='word_1_165' title='bbox 750 2548 896 2626; x_wconf 91' lang='lat' dir='ltr'><strong>nullius</strong></span> <span class='ocrx_word' id='word_1_166' title='bbox 920 2550 1080 2655; x_wconf 78' lang='lat' dir='ltr'><strong>indigus.</strong></span> <span class='ocrx_word' id='word_1_167' title='bbox 1115 2548 1160 2625; x_wconf 92' lang='lat' dir='ltr'><strong>Id</strong></span> <span class='ocrx_word' id='word_1_168' title='bbox 1172 2550 1438 2643; x_wconf 90' lang='lat' dir='ltr'><strong>imminutum,</strong></span> <span class='ocrx_word' id='word_1_169' title='bbox 1450 2550 1555 2654; x_wconf 84' lang='lat' dir='ltr'><strong>quod</strong></span> <span class='ocrx_word' id='word_1_170' title='bbox 1567 2576 1640 2626; x_wconf 77' lang='lat' dir='ltr'><strong>ce·</strong></span> 
     </span>
    </p>
   </div>
   <div class='ocr_carea' id='block_1_3' title="bbox 215 2768 1641 3154">
    <p class='ocr_par' dir='ltr' id='par_1_5' title="bbox 215 2768 1641 3154">
     <span class='ocr_line' id='line_1_19' title="bbox 215 2768 1626 2854; baseline -0.001 -18"><span class='ocrx_word' id='word_1_171' title='bbox 215 2770 303 2836; x_wconf 77' lang='lat' dir='ltr'><strong>Baro.</strong></span> <span class='ocrx_word' id='word_1_172' title='bbox 317 2777 347 2838; x_wconf 75' lang='lat'><strong>3·</strong></span> <span class='ocrx_word' id='word_1_173' title='bbox 367 2774 502 2837; x_wconf 69' lang='lat' dir='ltr'><strong>consuto</strong></span> <span class='ocrx_word' id='word_1_174' title='bbox 520 2792 583 2837; x_wconf 87' lang='lat' dir='ltr'><strong>otu.</strong></span> <span class='ocrx_word' id='word_1_175' title='bbox 594 2770 656 2833; x_wconf 85' lang='lat' dir='ltr'><strong>Bas.</strong></span> <span class='ocrx_word' id='word_1_176' title='bbox 670 2770 702 2845; x_wconf 76' lang='lat' dir='ltr'><strong>l.</strong></span> <span class='ocrx_word' id='word_1_177' title='bbox 717 2768 1003 2854; x_wconf 77' lang='lat' dir='ltr'><strong>postpertr‘mesceret</strong></span> <span class='ocrx_word' id='word_1_178' title='bbox 1023 2774 1111 2854; x_wconf 82' lang='lat' dir='ltr'><strong>pauci</strong></span> <span class='ocrx_word' id='word_1_179' title='bbox 1123 2772 1276 2833; x_wconf 83' lang='lat' dir='ltr'><strong>deteriores</strong></span> <span class='ocrx_word' id='word_1_180' title='bbox 1289 2771 1373 2831; x_wconf 71' lang='lat' dir='ltr'><strong>illumi</strong></span> <span class='ocrx_word' id='word_1_181' title='bbox 1389 2771 1534 2845; x_wconf 71' lang='lat' dir='ltr'><strong>acidum,</strong></span> <span class='ocrx_word' id='word_1_182' title='bbox 1546 2778 1626 2853; x_wconf 83' lang='lat' dir='ltr'><strong>quod</strong></span> 
     </span>
     <span class='ocr_line' id='line_1_20' title="bbox 217 2874 1622 2961; baseline 0 -20"><span class='ocrx_word' id='word_1_183' title='bbox 217 2900 252 2941; x_wconf 81' lang='lat' dir='ltr'><strong>eo</strong></span> <span class='ocrx_word' id='word_1_184' title='bbox 263 2888 398 2943; x_wconf 73' lang='lat' dir='ltr'><strong>woocou</strong></span> <span class='ocrx_word' id='word_1_185' title='bbox 408 2890 492 2953; x_wconf 82' lang='lat' dir='ltr'><strong>erat,</strong></span> <span class='ocrx_word' id='word_1_186' title='bbox 509 2900 593 2961; x_wconf 81' lang='lat' dir='ltr'><strong>quem</strong></span> <span class='ocrx_word' id='word_1_187' title='bbox 606 2898 662 2939; x_wconf 81' lang='lat' dir='ltr'><strong>csse</strong></span> <span class='ocrx_word' id='word_1_188' title='bbox 677 2878 804 2939; x_wconf 84' lang='lat' dir='ltr'><strong>accitum</strong></span> <span class='ocrx_word' id='word_1_189' title='bbox 811 2917 823 2949; x_wconf 89' lang='lat'><strong><em>,</em></strong></span> <span class='ocrx_word' id='word_1_190' title='bbox 851 2888 880 2937; x_wconf 85' lang='lat' dir='ltr'><strong>et</strong></span> <span class='ocrx_word' id='word_1_191' title='bbox 897 2877 964 2936; x_wconf 85' lang='lat' dir='ltr'><strong>talia</strong></span> <span class='ocrx_word' id='word_1_192' title='bbox 984 2875 1109 2939; x_wconf 86' lang='lat' dir='ltr'><strong>addunt.</strong></span> <span class='ocrx_word' id='word_1_193' title='bbox 1120 2897 1159 2937; x_wconf 82' lang='lat' dir='ltr'><strong>ss</strong></span> <span class='ocrx_word' id='word_1_194' title='bbox 1174 2894 1276 2936; x_wconf 74' lang='lat' dir='ltr'><strong>covers</strong></span> <span class='ocrx_word' id='word_1_195' title='bbox 1293 2874 1355 2935; x_wconf 79' lang='lat' dir='ltr'><strong>Bas.</strong></span> <span class='ocrx_word' id='word_1_196' title='bbox 1372 2876 1403 2945; x_wconf 73' lang='lat' dir='ltr'><strong>l.</strong></span> <span class='ocrx_word' id='word_1_197' title='bbox 1429 2896 1533 2939; x_wconf 79' lang='lat' dir='ltr'><strong>cavere</strong></span> <span class='ocrx_word' id='word_1_198' title='bbox 1553 2880 1622 2941; x_wconf 75' lang='lat' dir='ltr'><strong>Vin.</strong></span> 
     </span>
     <span class='ocr_line' id='line_1_21' title="bbox 219 2980 1641 3052; baseline -0.001 -8"><span class='ocrx_word' id='word_1_199' title='bbox 219 3006 247 3045; x_wconf 75' lang='lat' dir='ltr'><strong>a.</strong></span> <span class='ocrx_word' id='word_1_200' title='bbox 267 2986 391 3047; x_wconf 66' lang='lat' dir='ltr'><strong>vute.</strong></span> <span class='ocrx_word' id='word_1_201' title='bbox 411 2986 516 3047; x_wconf 83' lang='lat' dir='ltr'><strong>Frsnc.</strong></span> <span class='ocrx_word' id='word_1_202' title='bbox 535 2985 631 3047; x_wconf 84' lang='lat' dir='ltr'><strong>Strur.</strong></span> <span class='ocrx_word' id='word_1_203' title='bbox 651 2982 741 3043; x_wconf 78' lang='lat' dir='ltr'><strong>lead.</strong></span> <span class='ocrx_word' id='word_1_204' title='bbox 760 2982 840 3049; x_wconf 85' lang='lat' dir='ltr'><strong>Vrat.</strong></span> <span class='ocrx_word' id='word_1_205' title='bbox 857 2985 885 3045; x_wconf 82' lang='grc'><strong>5.</strong></span> <span class='ocrx_word' id='word_1_206' title='bbox 897 2980 1043 3052; x_wconf 61' lang='lat' dir='ltr'><strong>Bouill.</strong></span> <span class='ocrx_word' id='word_1_207' title='bbox 1058 3001 1105 3042; x_wconf 87' lang='grc' dir='ltr'><strong>ιι.</strong></span> <span class='ocrx_word' id='word_1_208' title='bbox 1122 3002 1168 3041; x_wconf 78' lang='lat' dir='ltr'><strong>ra.</strong></span> <span class='ocrx_word' id='word_1_209' title='bbox 1189 2982 1323 3040; x_wconf 80' lang='lat' dir='ltr'><strong>meliores</strong></span> <span class='ocrx_word' id='word_1_210' title='bbox 1344 2980 1471 3043; x_wconf 85' lang='lat' dir='ltr'><strong>Gruteri.</strong></span> <span class='ocrx_word' id='word_1_211' title='bbox 1492 2983 1583 3050; x_wconf 70' lang='lat' dir='ltr'><strong>Mart.</strong></span> <span class='ocrx_word' id='word_1_212' title='bbox 1592 2995 1641 3051; x_wconf 84' lang='lat' dir='ltr'><strong>r..</strong></span> 
     </span>
     <span class='ocr_line' id='line_1_22' title="bbox 218 3080 1211 3154; baseline -0.008 0"><span class='ocrx_word' id='word_1_213' title='bbox 218 3102 253 3154; x_wconf 64' lang='grc' dir='ltr'><strong>Δ.</strong></span> <span class='ocrx_word' id='word_1_214' title='bbox 273 3080 358 3152; x_wconf 76' lang='lat' dir='ltr'><strong>ueri.</strong></span> <span class='ocrx_word' id='word_1_215' title='bbox 370 3090 403 3151; x_wconf 69' lang='lat'><strong>3:</strong></span> <span class='ocrx_word' id='word_1_216' title='bbox 423 3088 524 3152; x_wconf 82' lang='lat' dir='ltr'><strong>caveri</strong></span> <span class='ocrx_word' id='word_1_217' title='bbox 535 3090 632 3153; x_wconf 87' lang='lat' dir='ltr'><strong>ceteri.</strong></span> <span class='ocrx_word' id='word_1_218' title='bbox 652 3088 821 3148; x_wconf 84' lang='lat' dir='ltr'><strong>Romanum</strong></span> <span class='ocrx_word' id='word_1_219' title='bbox 840 3087 947 3147; x_wconf 76' lang='lat' dir='ltr'><strong>Sena,</strong></span> <span class='ocrx_word' id='word_1_220' title='bbox 969 3085 1069 3147; x_wconf 67' lang='lat' dir='ltr'><strong>Heus.</strong></span> <span class='ocrx_word' id='word_1_221' title='bbox 1090 3084 1211 3147; x_wconf 76' lang='lat' dir='ltr'><strong>Bernr.</strong></span> 
     </span>
    </p>
   </div>
   <div class='ocr_carea' id='block_1_4' title="bbox 216 3213 1640 4453">
    <p class='ocr_par' dir='ltr' id='par_1_6' title="bbox 216 3213 1640 4453">
     <span class='ocr_line' id='line_1_23' title="bbox 298 3213 1631 3302; baseline -0.001 -22"><span class='ocrx_word' id='word_1_222' title='bbox 298 3216 372 3295; x_wconf 77' lang='lat' dir='ltr'><strong>Cep.</strong></span> <span class='ocrx_word' id='word_1_223' title='bbox 384 3238 451 3302; x_wconf 82' lang='lat'><strong>¹⁰9·</strong></span> <span class='ocrx_word' id='word_1_224' title='bbox 470 3216 556 3279; x_wconf 80' lang='lat' dir='ltr'><strong>Sulla</strong></span> <span class='ocrx_word' id='word_1_225' title='bbox 570 3218 718 3297; x_wconf 78' lang='lat' dir='ltr'><strong>respoudit</strong></span> <span class='ocrx_word' id='word_1_226' title='bbox 737 3214 859 3277; x_wconf 81' lang='lat' dir='ltr'><strong>verbum</strong></span> <span class='ocrx_word' id='word_1_227' title='bbox 882 3235 942 3281; x_wconf 84' lang='lat' dir='ltr'><strong>orn.</strong></span> <span class='ocrx_word' id='word_1_228' title='bbox 965 3213 1062 3275; x_wconf 76' lang='lat' dir='ltr'><strong>Guell&#39;.</strong></span> <span class='ocrx_word' id='word_1_229' title='bbox 1079 3237 1105 3277; x_wconf 87' lang='lat'><strong>1.</strong></span> <span class='ocrx_word' id='word_1_230' title='bbox 1118 3214 1174 3278; x_wconf 71' lang='lat' dir='ltr'><strong>Ac.</strong></span> <span class='ocrx_word' id='word_1_231' title='bbox 1186 3217 1297 3284; x_wconf 76' lang='lat' dir='ltr'><strong>⁴Franc.</strong></span> <span class='ocrx_word' id='word_1_232' title='bbox 1319 3219 1403 3279; x_wconf 84' lang='lat' dir='ltr'><strong>Paris.</strong></span> <span class='ocrx_word' id='word_1_233' title='bbox 1415 3242 1443 3278; x_wconf 66' lang='lat' dir='ltr'><strong>aa</strong></span> <span class='ocrx_word' id='word_1_234' title='bbox 1464 3218 1560 3280; x_wconf 83' lang='lat' dir='ltr'><strong>Plures</strong></span> <span class='ocrx_word' id='word_1_235' title='bbox 1567 3220 1631 3279; x_wconf 80' lang='lat' dir='ltr'><strong>lli·-</strong></span> 
     </span>
     <span class='ocr_line' id='line_1_24' title="bbox 217 3320 1624 3395; baseline -0.003 -6"><span class='ocrx_word' id='word_1_236' title='bbox 217 3326 376 3389; x_wconf 78' lang='lat' dir='ltr'><strong>vli··llarl.</strong></span> <span class='ocrx_word' id='word_1_237' title='bbox 388 3339 418 3395; x_wconf 79' lang='grc' dir='ltr'><strong>Γ.</strong></span> <span class='ocrx_word' id='word_1_238' title='bbox 430 3327 516 3387; x_wconf 49' lang='lat' dir='ltr'><strong>‚inter</strong></span> <span class='ocrx_word' id='word_1_239' title='bbox 529 3324 620 3383; x_wconf 85' lang='lat' dir='ltr'><strong>lineas</strong></span> <span class='ocrx_word' id='word_1_240' title='bbox 636 3320 733 3383; x_wconf 75' lang='lat' dir='ltr'><strong>habet.</strong></span> <span class='ocrx_word' id='word_1_241' title='bbox 753 3321 850 3381; x_wconf 83' lang='lat' dir='ltr'><strong>Sonat.</strong></span> <span class='ocrx_word' id='word_1_242' title='bbox 871 3340 898 3385; x_wconf 81' lang='lat' dir='ltr'><strong>a.</strong></span> <span class='ocrx_word' id='word_1_243' title='bbox 909 3321 1037 3381; x_wconf 68' lang='lat' dir='ltr'><strong>Reuss..</strong></span> <span class='ocrx_word' id='word_1_244' title='bbox 1049 3320 1083 3379; x_wconf 90' lang='lat' dir='ltr'><strong>in</strong></span> <span class='ocrx_word' id='word_1_245' title='bbox 1096 3323 1161 3381; x_wconf 84' lang='lat' dir='ltr'><strong>aliis</strong></span> <span class='ocrx_word' id='word_1_246' title='bbox 1178 3327 1277 3384; x_wconf 87' lang='lat' dir='ltr'><strong>locum</strong></span> <span class='ocrx_word' id='word_1_247' title='bbox 1293 3334 1396 3383; x_wconf 84' lang='lat' dir='ltr'><strong>mutat.</strong></span> <span class='ocrx_word' id='word_1_248' title='bbox 1427 3343 1456 3382; x_wconf 86' lang='lat' dir='ltr'><strong>se</strong></span> <span class='ocrx_word' id='word_1_249' title='bbox 1483 3324 1570 3388; x_wconf 82' lang='lat' dir='ltr'><strong>locut.</strong></span> <span class='ocrx_word' id='word_1_250' title='bbox 1594 3344 1624 3385; x_wconf 80' lang='lat' dir='ltr'><strong>sc</strong></span> 
     </span>
     <span class='ocr_line' id='line_1_25' title="bbox 219 3424 1640 3505; baseline -0.004 -14"><span class='ocrx_word' id='word_1_251' title='bbox 219 3454 278 3491; x_wconf 76' lang='lat' dir='ltr'><strong>om.</strong></span> <span class='ocrx_word' id='word_1_252' title='bbox 292 3432 390 3493; x_wconf 72' lang='lat' dir='ltr'><strong>euers.</strong></span> <span class='ocrx_word' id='word_1_253' title='bbox 404 3452 450 3492; x_wconf 87' lang='lat' dir='ltr'><strong>ro.</strong></span> <span class='ocrx_word' id='word_1_254' title='bbox 470 3428 655 3489; x_wconf 79' lang='lat' dir='ltr'><strong>Franc.-duo</strong></span> <span class='ocrx_word' id='word_1_255' title='bbox 668 3427 782 3489; x_wconf 86' lang='lat' dir='ltr'><strong>Wassii.</strong></span> <span class='ocrx_word' id='word_1_256' title='bbox 805 3446 880 3486; x_wconf 85' lang='lat' dir='ltr'><strong>unus</strong></span> <span class='ocrx_word' id='word_1_257' title='bbox 897 3424 985 3490; x_wconf 85' lang='lat' dir='ltr'><strong>Ririi.</strong></span> <span class='ocrx_word' id='word_1_258' title='bbox 999 3476 1002 3483; x_wconf 77' lang='grc'>,</span> <span class='ocrx_word' id='word_1_259' title='bbox 1017 3427 1068 3505; x_wconf 87' lang='lat' dir='ltr'><strong>qui</strong></span> <span class='ocrx_word' id='word_1_260' title='bbox 1091 3436 1119 3485; x_wconf 86' lang='lat' dir='ltr'><strong>ct</strong></span> <span class='ocrx_word' id='word_1_261' title='bbox 1139 3428 1251 3488; x_wconf 72' lang='lat' dir='ltr'><strong>ornare</strong></span> <span class='ocrx_word' id='word_1_262' title='bbox 1267 3449 1333 3488; x_wconf 78' lang='lat' dir='ltr'><strong>om·</strong></span> <span class='ocrx_word' id='word_1_263' title='bbox 1349 3439 1378 3488; x_wconf 90' lang='lat' dir='ltr'><strong>ct</strong></span> <span class='ocrx_word' id='word_1_264' title='bbox 1388 3427 1503 3487; x_wconf 82' lang='lat' dir='ltr'><strong>Sullam</strong></span> <span class='ocrx_word' id='word_1_265' title='bbox 1523 3427 1640 3488; x_wconf 87' lang='lat' dir='ltr'><strong>scribit·</strong></span> 
     </span>
     <span class='ocr_line' id='line_1_26' title="bbox 220 3528 1622 3619; baseline -0.004 -22"><span class='ocrx_word' id='word_1_266' title='bbox 220 3537 340 3601; x_wconf 51' lang='lat' dir='ltr'><strong>Pausa.</strong></span> <span class='ocrx_word' id='word_1_267' title='bbox 361 3558 448 3619; x_wconf 85' lang='lat' dir='ltr'><strong>supra</strong></span> <span class='ocrx_word' id='word_1_268' title='bbox 462 3536 571 3613; x_wconf 83' lang='lat' dir='ltr'><strong>lineam</strong></span> <span class='ocrx_word' id='word_1_269' title='bbox 587 3542 628 3593; x_wconf 84' lang='lat' dir='ltr'><strong>est</strong></span> <span class='ocrx_word' id='word_1_270' title='bbox 650 3534 734 3593; x_wconf 85' lang='lat' dir='ltr'><strong>Paris.</strong></span> <span class='ocrx_word' id='word_1_271' title='bbox 747 3529 791 3591; x_wconf 48' lang='lat' dir='ltr'><strong>bs</strong></span> <span class='ocrx_word' id='word_1_272' title='bbox 807 3530 928 3590; x_wconf 75' lang='lat' dir='ltr'><strong>occulte</strong></span> <span class='ocrx_word' id='word_1_273' title='bbox 943 3528 1054 3591; x_wconf 85' lang='lat' dir='ltr'><strong>Fabric.</strong></span> <span class='ocrx_word' id='word_1_274' title='bbox 1068 3550 1096 3589; x_wconf 82' lang='lat' dir='ltr'><strong>a.</strong></span> <span class='ocrx_word' id='word_1_275' title='bbox 1125 3532 1481 3599; x_wconf 29' lang='lat' dir='ltr'><strong>onu.Guell&#39;.r.⁴occultc</strong></span> <span class='ocrx_word' id='word_1_276' title='bbox 1503 3531 1622 3595; x_wconf 71' lang='lat' dir='ltr'><strong>Vtatl.</strong></span> 
     </span>
     <span class='ocr_line' id='line_1_27' title="bbox 218 3631 1624 3715; baseline -0.004 -15"><span class='ocrx_word' id='word_1_277' title='bbox 218 3642 328 3704; x_wconf 75' lang='lat' dir='ltr'><strong>oocsdte</strong></span> <span class='ocrx_word' id='word_1_278' title='bbox 344 3641 426 3705; x_wconf 80' lang='lat' dir='ltr'><strong>nullo</strong></span> <span class='ocrx_word' id='word_1_279' title='bbox 447 3640 533 3699; x_wconf 87' lang='lat' dir='ltr'><strong>Bern.</strong></span> <span class='ocrx_word' id='word_1_280' title='bbox 545 3636 611 3699; x_wconf 68' lang='lat' dir='ltr'><strong>nd.</strong></span> <span class='ocrx_word' id='word_1_281' title='bbox 632 3636 733 3702; x_wconf 86' lang='lat' dir='ltr'><strong>Turio.</strong></span> <span class='ocrx_word' id='word_1_282' title='bbox 756 3634 812 3695; x_wconf 83' lang='lat' dir='ltr'><strong>sibi</strong></span> <span class='ocrx_word' id='word_1_283' title='bbox 827 3636 962 3715; x_wconf 85' lang='lat' dir='ltr'><strong>respond.</strong></span> <span class='ocrx_word' id='word_1_284' title='bbox 983 3634 1047 3695; x_wconf 81' lang='lat' dir='ltr'><strong>sibi.</strong></span> <span class='ocrx_word' id='word_1_285' title='bbox 1068 3655 1129 3699; x_wconf 88' lang='lat' dir='ltr'><strong>om.</strong></span> <span class='ocrx_word' id='word_1_286' title='bbox 1144 3636 1292 3697; x_wconf 82' lang='lat' dir='ltr'><strong>Grntenss.</strong></span> <span class='ocrx_word' id='word_1_287' title='bbox 1316 3631 1413 3696; x_wconf 84' lang='lat' dir='ltr'><strong>Gucls.</strong></span> <span class='ocrx_word' id='word_1_288' title='bbox 1429 3658 1454 3701; x_wconf 89' lang='lat' dir='ltr'><strong>r.</strong></span> <span class='ocrx_word' id='word_1_289' title='bbox 1475 3656 1551 3696; x_wconf 87' lang='lat' dir='ltr'><strong>unus</strong></span> <span class='ocrx_word' id='word_1_290' title='bbox 1569 3635 1624 3694; x_wconf 63' lang='lat' dir='ltr'><strong>nia</strong></span> 
     </span>
     <span class='ocr_line' id='line_1_28' title="bbox 216 3738 1624 3829; baseline -0.006 -22"><span class='ocrx_word' id='word_1_291' title='bbox 216 3749 269 3814; x_wconf 69' lang='lat' dir='ltr'><strong>vii,</strong></span> <span class='ocrx_word' id='word_1_292' title='bbox 284 3750 387 3829; x_wconf 87' lang='lat' dir='ltr'><strong>plnres</strong></span> <span class='ocrx_word' id='word_1_293' title='bbox 395 3745 477 3807; x_wconf 88' lang='lat' dir='ltr'><strong>Leid.</strong></span> <span class='ocrx_word' id='word_1_294' title='bbox 496 3742 584 3807; x_wconf 80' lang='lat' dir='ltr'><strong>simul</strong></span> <span class='ocrx_word' id='word_1_295' title='bbox 596 3740 744 3822; x_wconf 80' lang='lat' dir='ltr'><strong>congressi</strong></span> <span class='ocrx_word' id='word_1_296' title='bbox 759 3748 827 3801; x_wconf 84' lang='lat' dir='ltr'><strong>sunt</strong></span> <span class='ocrx_word' id='word_1_297' title='bbox 855 3738 916 3798; x_wconf 86' lang='lat' dir='ltr'><strong>Bas.</strong></span> <span class='ocrx_word' id='word_1_298' title='bbox 926 3740 956 3810; x_wconf 75' lang='lat' dir='ltr'><strong>l.</strong></span> <span class='ocrx_word' id='word_1_299' title='bbox 967 3784 971 3791; x_wconf 88' lang='lat'>.</span> <span class='ocrx_word' id='word_1_300' title='bbox 982 3759 1011 3799; x_wconf 86' lang='lat' dir='ltr'><strong>se</strong></span> <span class='ocrx_word' id='word_1_301' title='bbox 1027 3740 1106 3799; x_wconf 83' lang='lat' dir='ltr'><strong>miss.</strong></span> <span class='ocrx_word' id='word_1_302' title='bbox 1117 3760 1147 3799; x_wconf 84' lang='lat' dir='ltr'><strong>se</strong></span> <span class='ocrx_word' id='word_1_303' title='bbox 1160 3763 1220 3801; x_wconf 87' lang='lat' dir='ltr'><strong>om.</strong></span> <span class='ocrx_word' id='word_1_304' title='bbox 1236 3742 1333 3809; x_wconf 81' lang='lat' dir='ltr'><strong>Guell.</strong></span> <span class='ocrx_word' id='word_1_305' title='bbox 1346 3742 1411 3803; x_wconf 61' lang='lat' dir='ltr'><strong>nc.</strong></span> <span class='ocrx_word' id='word_1_306' title='bbox 1433 3742 1493 3801; x_wconf 90' lang='lat' dir='ltr'><strong>duo</strong></span> <span class='ocrx_word' id='word_1_307' title='bbox 1510 3741 1624 3803; x_wconf 85' lang='lat' dir='ltr'><strong>Wassii.</strong></span> 
     </span>
     <span class='ocr_line' id='line_1_29' title="bbox 219 3844 1626 3931; baseline -0.005 -18"><span class='ocrx_word' id='word_1_308' title='bbox 219 3852 369 3931; x_wconf 69' lang='lat' dir='ltr'><strong>comitum</strong></span> <span class='ocrx_word' id='word_1_309' title='bbox 386 3850 423 3911; x_wconf 81' lang='lat' dir='ltr'><strong>ab</strong></span> <span class='ocrx_word' id='word_1_310' title='bbox 439 3869 483 3909; x_wconf 84' lang='lat' dir='ltr'><strong>eo.</strong></span> <span class='ocrx_word' id='word_1_311' title='bbox 504 3846 542 3909; x_wconf 81' lang='lat' dir='ltr'><strong>ab</strong></span> <span class='ocrx_word' id='word_1_312' title='bbox 554 3866 593 3907; x_wconf 79' lang='lat' dir='ltr'><strong>co</strong></span> <span class='ocrx_word' id='word_1_313' title='bbox 608 3866 669 3905; x_wconf 90' lang='lat' dir='ltr'><strong>om.</strong></span> <span class='ocrx_word' id='word_1_314' title='bbox 689 3844 800 3904; x_wconf 78' lang='lat' dir='ltr'><strong>Arond.</strong></span> <span class='ocrx_word' id='word_1_315' title='bbox 812 3862 908 3923; x_wconf 70' lang='lat' dir='ltr'><strong>prete.</strong></span> <span class='ocrx_word' id='word_1_316' title='bbox 922 3844 1040 3921; x_wconf 82' lang='lat' dir='ltr'><strong>fuerat.</strong></span> <span class='ocrx_word' id='word_1_317' title='bbox 1052 3845 1160 3922; x_wconf 83' lang='lat' dir='ltr'><strong>fuerat</strong></span> <span class='ocrx_word' id='word_1_318' title='bbox 1180 3866 1241 3906; x_wconf 87' lang='lat' dir='ltr'><strong>om.</strong></span> <span class='ocrx_word' id='word_1_319' title='bbox 1261 3848 1358 3912; x_wconf 85' lang='lat' dir='ltr'><strong>Guels.</strong></span> <span class='ocrx_word' id='word_1_320' title='bbox 1369 3849 1398 3918; x_wconf 78' lang='lat' dir='ltr'><strong>l.</strong></span> <span class='ocrx_word' id='word_1_321' title='bbox 1416 3858 1482 3930; x_wconf 83' lang='lat' dir='ltr'><strong>post</strong></span> <span class='ocrx_word' id='word_1_322' title='bbox 1493 3846 1554 3907; x_wconf 74' lang='lat' dir='ltr'><strong>dies</strong></span> <span class='ocrx_word' id='word_1_323' title='bbox 1569 3848 1626 3906; x_wconf 84' lang='lat' dir='ltr'><strong>de·</strong></span> 
     </span>
     <span class='ocr_line' id='line_1_30' title="bbox 221 3947 1623 4022; baseline -0.013 -4"><span class='ocrx_word' id='word_1_324' title='bbox 221 3976 283 4017; x_wconf 79' lang='lat' dir='ltr'><strong>cem</strong></span> <span class='ocrx_word' id='word_1_325' title='bbox 302 3956 354 4017; x_wconf 79' lang='lat' dir='ltr'><strong>Ac.</strong></span> <span class='ocrx_word' id='word_1_326' title='bbox 374 3952 496 4015; x_wconf 83' lang='lat' dir='ltr'><strong>Leidd.</strong></span> <span class='ocrx_word' id='word_1_327' title='bbox 517 3951 587 4013; x_wconf 82' lang='lat' dir='ltr'><strong>dein</strong></span> <span class='ocrx_word' id='word_1_328' title='bbox 602 3950 689 4011; x_wconf 68' lang='lat' dir='ltr'><strong>cribo</strong></span> <span class='ocrx_word' id='word_1_329' title='bbox 702 3947 805 4015; x_wconf 69' lang='lat' dir='ltr'><strong>Turio.</strong></span> <span class='ocrx_word' id='word_1_330' title='bbox 826 3968 846 4008; x_wconf 84' lang='lat' dir='ltr'><strong>a</strong></span> <span class='ocrx_word' id='word_1_331' title='bbox 861 3948 990 4009; x_wconf 83' lang='lat' dir='ltr'><strong>Boccho.</strong></span> <span class='ocrx_word' id='word_1_332' title='bbox 1011 3958 1107 4008; x_wconf 80' lang='lat' dir='ltr'><strong>c‘om.</strong></span> <span class='ocrx_word' id='word_1_333' title='bbox 1121 3948 1184 4009; x_wconf 73' lang='lat' dir='ltr'><strong>Bas.</strong></span> <span class='ocrx_word' id='word_1_334' title='bbox 1196 3952 1225 4022; x_wconf 69' lang='lat'><strong>4.</strong></span> <span class='ocrx_word' id='word_1_335' title='bbox 1245 3963 1363 4013; x_wconf 66' lang='lat' dir='ltr'><strong>sanctus</strong></span> <span class='ocrx_word' id='word_1_336' title='bbox 1378 3952 1426 4013; x_wconf 77' lang='lat' dir='ltr'><strong>vir</strong></span> <span class='ocrx_word' id='word_1_337' title='bbox 1445 3971 1482 4012; x_wconf 65' lang='lat' dir='ltr'><strong>ex</strong></span> <span class='ocrx_word' id='word_1_338' title='bbox 1500 3962 1623 4012; x_wconf 57' lang='lat' dir='ltr'><strong>semme,</strong></span> 
     </span>
     <span class='ocr_line' id='line_1_31' title="bbox 221 4052 1622 4141; baseline -0.004 -19"><span class='ocrx_word' id='word_1_339' title='bbox 221 4062 299 4122; x_wconf 79' lang='lat' dir='ltr'><strong>ritrot</strong></span> <span class='ocrx_word' id='word_1_340' title='bbox 317 4062 357 4121; x_wconf 81' lang='lat' dir='ltr'><strong>ita</strong></span> <span class='ocrx_word' id='word_1_341' title='bbox 373 4061 473 4141; x_wconf 78' lang='lat' dir='ltr'><strong>vulgo.</strong></span> <span class='ocrx_word' id='word_1_342' title='bbox 484 4054 543 4117; x_wconf 77' lang='lat' dir='ltr'><strong>¹vir</strong></span> <span class='ocrx_word' id='word_1_343' title='bbox 555 4076 621 4116; x_wconf 88' lang='lat' dir='ltr'><strong>om.</strong></span> <span class='ocrx_word' id='word_1_344' title='bbox 633 4053 731 4119; x_wconf 76' lang='lat' dir='ltr'><strong>Coeli.</strong></span> <span class='ocrx_word' id='word_1_345' title='bbox 746 4074 772 4113; x_wconf 89' lang='lat' dir='ltr'><strong>r.</strong></span> <span class='ocrx_word' id='word_1_346' title='bbox 797 4052 877 4115; x_wconf 78' lang='lat' dir='ltr'><strong>Vrat.</strong></span> <span class='ocrx_word' id='word_1_347' title='bbox 892 4073 920 4113; x_wconf 83' lang='lat'><strong>2.</strong></span> <span class='ocrx_word' id='word_1_348' title='bbox 933 4054 1038 4113; x_wconf 16' lang='lat' dir='ltr'><strong>tinen</strong></span> <span class='ocrx_word' id='word_1_349' title='bbox 1059 4052 1179 4112; x_wconf 80' lang='lat' dir='ltr'><strong>iuratio</strong></span> <span class='ocrx_word' id='word_1_350' title='bbox 1194 4058 1293 4115; x_wconf 85' lang='lat' dir='ltr'><strong>multis</strong></span> <span class='ocrx_word' id='word_1_351' title='bbox 1308 4058 1390 4117; x_wconf 87' lang='lat' dir='ltr'><strong>libris</strong></span> <span class='ocrx_word' id='word_1_352' title='bbox 1404 4062 1503 4117; x_wconf 86' lang='lat' dir='ltr'><strong>locum</strong></span> <span class='ocrx_word' id='word_1_353' title='bbox 1520 4069 1622 4118; x_wconf 83' lang='lat' dir='ltr'><strong>mutat.</strong></span> 
     </span>
     <span class='ocr_line' id='line_1_32' title="bbox 222 4156 1621 4241; baseline -0.005 -14"><span class='ocrx_word' id='word_1_354' title='bbox 222 4176 319 4227; x_wconf 79' lang='lat' dir='ltr'><strong>sancto</strong></span> <span class='ocrx_word' id='word_1_355' title='bbox 332 4164 411 4229; x_wconf 79' lang='lat' dir='ltr'><strong>iurat</strong></span> <span class='ocrx_word' id='word_1_356' title='bbox 430 4160 516 4221; x_wconf 82' lang='lat' dir='ltr'><strong>Bern.</strong></span> <span class='ocrx_word' id='word_1_357' title='bbox 531 4181 557 4219; x_wconf 88' lang='lat' dir='ltr'><strong>r.</strong></span> <span class='ocrx_word' id='word_1_358' title='bbox 577 4158 675 4219; x_wconf 84' lang='lat' dir='ltr'><strong>Turio.</strong></span> <span class='ocrx_word' id='word_1_359' title='bbox 689 4158 803 4218; x_wconf 70' lang='lat' dir='ltr'><strong>iuravit</strong></span> <span class='ocrx_word' id='word_1_360' title='bbox 822 4156 943 4218; x_wconf 80' lang='lat' dir='ltr'><strong>Leid.n.</strong></span> <span class='ocrx_word' id='word_1_361' title='bbox 966 4157 1059 4217; x_wconf 75' lang='lat' dir='ltr'><strong>intrat</strong></span> <span class='ocrx_word' id='word_1_362' title='bbox 1081 4158 1166 4223; x_wconf 86' lang='lat' dir='ltr'><strong>Palat.</strong></span> <span class='ocrx_word' id='word_1_363' title='bbox 1185 4182 1212 4241; x_wconf 90' lang='lat'><strong>7.</strong></span> <span class='ocrx_word' id='word_1_364' title='bbox 1235 4161 1332 4221; x_wconf 79' lang='lat' dir='ltr'><strong>inerat</strong></span> <span class='ocrx_word' id='word_1_365' title='bbox 1350 4162 1474 4222; x_wconf 76' lang='lat' dir='ltr'><strong>Bonnd.</strong></span> <span class='ocrx_word' id='word_1_366' title='bbox 1498 4162 1621 4234; x_wconf 68' lang='lat' dir='ltr'><strong>Palatl.</strong></span> 
     </span>
     <span class='ocr_line' id='line_1_33' title="bbox 224 4263 1620 4345; baseline -0.004 -13"><span class='ocrx_word' id='word_1_367' title='bbox 224 4272 252 4332; x_wconf 86' lang='grc'><strong>6.</strong></span> <span class='ocrx_word' id='word_1_368' title='bbox 271 4270 351 4331; x_wconf 82' lang='lat' dir='ltr'><strong>iurat</strong></span> <span class='ocrx_word' id='word_1_369' title='bbox 371 4288 433 4327; x_wconf 89' lang='lat' dir='ltr'><strong>orn.</strong></span> <span class='ocrx_word' id='word_1_370' title='bbox 453 4264 550 4330; x_wconf 83' lang='lat' dir='ltr'><strong>Guell.</strong></span> <span class='ocrx_word' id='word_1_371' title='bbox 566 4264 593 4329; x_wconf 84' lang='lat'><strong>6.</strong></span> <span class='ocrx_word' id='word_1_372' title='bbox 604 4286 632 4345; x_wconf 85' lang='lat'><strong>9.</strong></span> <span class='ocrx_word' id='word_1_373' title='bbox 648 4286 695 4323; x_wconf 87' lang='lat' dir='ltr'><strong>rr.</strong></span> <span class='ocrx_word' id='word_1_374' title='bbox 715 4263 798 4323; x_wconf 81' lang='lat' dir='ltr'><strong>Fabr.</strong></span> <span class='ocrx_word' id='word_1_375' title='bbox 819 4264 886 4323; x_wconf 84' lang='lat' dir='ltr'><strong>Seu.</strong></span> <span class='ocrx_word' id='word_1_376' title='bbox 903 4286 928 4324; x_wconf 88' lang='lat' dir='ltr'><strong>r.</strong></span> <span class='ocrx_word' id='word_1_377' title='bbox 951 4264 1077 4327; x_wconf 71' lang='lat' dir='ltr'><strong>Potine.</strong></span> <span class='ocrx_word' id='word_1_378' title='bbox 1098 4266 1282 4345; x_wconf 83' lang='lat' dir='ltr'><strong>superlineas</strong></span> <span class='ocrx_word' id='word_1_379' title='bbox 1303 4268 1388 4329; x_wconf 86' lang='lat' dir='ltr'><strong>Paris.</strong></span> <span class='ocrx_word' id='word_1_380' title='bbox 1402 4267 1431 4328; x_wconf 90' lang='lat' dir='ltr'><strong>d.</strong></span> <span class='ocrx_word' id='word_1_381' title='bbox 1453 4278 1481 4326; x_wconf 84' lang='lat' dir='ltr'><strong>et</strong></span> <span class='ocrx_word' id='word_1_382' title='bbox 1494 4288 1531 4326; x_wconf 80' lang='lat' dir='ltr'><strong>ex</strong></span> <span class='ocrx_word' id='word_1_383' title='bbox 1549 4279 1620 4328; x_wconf 84' lang='lat' dir='ltr'><strong>seut.</strong></span> 
     </span>
     <span class='ocr_line' id='line_1_34' title="bbox 223 4366 854 4453; baseline -0.017 -14"><span class='ocrx_word' id='word_1_384' title='bbox 223 4379 287 4439; x_wconf 85' lang='lat' dir='ltr'><strong>Seu.</strong></span> <span class='ocrx_word' id='word_1_385' title='bbox 302 4398 327 4438; x_wconf 90' lang='lat'><strong>1.</strong></span> <span class='ocrx_word' id='word_1_386' title='bbox 349 4366 446 4434; x_wconf 86' lang='lat' dir='ltr'><strong>Guell&#39;.</strong></span> <span class='ocrx_word' id='word_1_387' title='bbox 459 4393 487 4453; x_wconf 83' lang='lat'><strong>9.</strong></span> <span class='ocrx_word' id='word_1_388' title='bbox 509 4389 563 4431; x_wconf 75' lang='lat' dir='ltr'><strong>res</strong></span> <span class='ocrx_word' id='word_1_389' title='bbox 577 4368 620 4430; x_wconf 79' lang='lat' dir='ltr'><strong>sic</strong></span> <span class='ocrx_word' id='word_1_390' title='bbox 639 4366 708 4429; x_wconf 90' lang='lat' dir='ltr'><strong>Tur.</strong></span> <span class='ocrx_word' id='word_1_391' title='bbox 732 4367 816 4429; x_wconf 83' lang='lat' dir='ltr'><strong>Bern.</strong></span> <span class='ocrx_word' id='word_1_392' title='bbox 829 4390 854 4429; x_wconf 83' lang='lat' dir='ltr'><strong>r.</strong></span> 
     </span>
    </p>
   </div>
   <div class='ocr_carea' id='block_1_5' title="bbox 0 0 2055 5009">
    <p class='ocr_par' dir='ltr' id='par_1_7' title="bbox 0 0 2055 5009">
     <span class='ocr_line' id='line_1_35' title="bbox 0 0 2055 5009; baseline 0 0"><span class='ocrx_word' id='word_1_393' title='bbox 0 0 2055 5009; x_wconf 95' lang='lat' dir='ltr'><strong> </strong></span> 
     </span>
    </p>
   </div>
  </div>
 </body>
</html>
