4050 5009
1585 402 1631 497 41

116 566 120 576 “
226 592 281 661 aa
298 610 377 657 cum
401 586 552 657 exerere.
581 592 685 666 esser,
716 582 1301 671 c.mns1rusnrr.p10r.,1egem
1322 586 1424 674 amr,
1441 596 1482 653 ut
1502 592 1637 662 renum

226 696 502 765 Mithridaticum
521 712 583 780 per
601 696 663 763 Cn.
676 692 879 779 Pompejum
898 690 1207 759 administraretur.
1227 694 1304 777 Qua
1317 696 1361 759 de
1373 714 1412 760 re
1427 698 1637 781 gravissim

228 802 575 884 contentionesortae,
597 802 693 883 quod
715 799 779 869 alii
797 790 930 867 tantam
944 796 1112 883 Pompej0
1129 798 1320 883 potentiam
1334 800 1554 891 inridebant,
1572 808 1637 873 alii

222 910 289 976 bae
310 910 388 995 lege
403 908 599 973 libertatem
612 904 776 975 imminui
789 904 1034 985 querebantur.
1062 903 1130 965 Sed
1152 900 1317 969 Cicerone
1337 912 1372 969 et
1388 909 1519 975 Caesare
1537 910 1637 992 adju..

226 1014 361 1081 toribus
374 1013 539 1079 Manilius
549 1008 797 1098 magnoplebis
812 1005 927 1071 studio
937 1008 1051 1093 legem
1060 1006 1214 1091 pertulit.
1224 1007 1264 1092 ο)
1280 1011 1459 1095 Lucullus,
1474 1018 1635 1101 perhanc

225 1128 393 1206 estatem,
414 1118 581 1204 quamdiu
591 1112 755 1185 exercitui
767 1120 926 1203 praerat,
944 1112 983 1181 in
1001 1132 1044 1183 eo
1057 1112 1266 1197 acquievisse
1276 1114 1426 1205 ridetur,
1445 1122 1637 1203 nemilites,

221 1440 327 1507 maris
344 1441 427 1507 etin
438 1440 602 1505 Achaiam
618 1456 827 1527 omnemque
842 1440 1009 1509 Graciam
1025 1442 1182 1522 naribus,
1194 1442 1303 1511 Italic
1318 1447 1389 1509 duo
1405 1444 1516 1537 maria
1525 1446 1637 1511 maxi-

220 1546 289 1613 mis
304 1546 468 1611 classibus
487 1544 761 1631 firmissimisque
783 1548 953 1634 praesidiis
974 1550 1172 1635 adornavit,
1193 1549 1267 1636 ipse
1293 1557 1408 1615 autem
1427 1560 1467 1615 ut
1482 1571 1504 1614 a
1523 1554 1637 1613 Brun-

221 1652 322 1719 dusio
345 1652 519 1739 proiectus
535 1663 605 1734 est,
638 1653 1019 1743 undequinquagesimo
1036 1656 1095 1720 die
1118 1661 1226 1721 totam
1243 1658 1288 1719 ad
1305 1654 1491 1741 imperium
1510 1654 1636 1741 populi

220 1758 372 1822 Romani
392 1757 548 1823 Ciliciam
565 1760 737 1840 adjunxit:
759 1762 962 1846 omnesqui
981 1754 1114 1844 ubique
1131 1764 1311 1845 praedones
1332 1761 1489 1845 fuerunt,
1507 1760 1636 1845 partim

220 1862 313 1948 capti
323 1862 570 1947 interfectique
589 1875 685 1953 sunt,
706 1868 833 1953 partim
853 1868 957 1933 unius
981 1867 1086 1949 hujus
1103 1866 1252 1952 imperio
1276 1886 1317 1931 ac
1335 1875 1503 1953 potestate
1521 1886 1557 1933 se
1574 1868 1635 1933 de·

220 1968 395 2035 diderunt.
415 1973 512 2035 idem
531 1974 760 2055 Cretensibus,
779 1998 887 2059 quum
900 1978 945 2039 ad
963 1996 1042 2041 eum
1061 1993 1171 2057 usque
1188 1974 1228 2039 in
1246 1975 1488 2059 Pamphyliam
1503 1972 1636 2060 legatos

221 2072 527 2159 deprecatoresque
554 2080 742 2165 misissent,
771 2102 868 2166 spem
889 2080 1080 2147 deditionis
1100 2099 1174 2143 non
1197 2080 1326 2143 ademit
1345 2078 1550 2159 obsidesque
1567 2078 1636 2141 im·

154 2168 156 2173 ¹
221 2176 385 2259 peracit.»
410 2182 463 2241 De
482 2182 592 2240 causis
608 2185 697 2241 belli
716 2184 856 2261 piratici
880 2186 942 2249 clr.
955 2186 1103 2267 Appiam.
1123 2182 1316 2243 Mithridat.
1343 2202 1373 2244 e.
1394 2180 1635 2243 XCII-XCVI.

221 2277 327 2342 Dion.
351 2280 439 2345 Cass.
465 2281 543 2345 Lib.
560 2282 708 2350 XXXVI.
731 2300 759 2345 c.
782 2284 876 2345 3-6.
904 2282 996 2345 Plut.
1020 2284 1142 2364 Pomp.
1167 2300 1197 2343 e.
1221 2295 1354 2359 24-29.
1388 2279 1458 2347 cic.
1475 2282 1635 2368 prolege

218 2380 341 2455 Manil.
360 2406 409 2453 rr.
434 2403 480 2460 ra,
502 2386 622 2465 Vellej.
644 2389 772 2452 Patere.
788 2388 833 2449 11.
863 2386 913 2449 δι.
939 2390 990 2448 32.
1018 2386 1112 2449 Flor.
1127 2388 1189 2447 111.
1211 2388 1241 2448 6.
1263 2385 1359 2449 Oros.
1375 2385 1505 2450 Histor.
1523 2390 1580 2453 vl.
1603 2403 1634 2465 4.

218 2490 359 2575 Europ.
377 2494 434 2559 VI.
453 2508 501 2557 aa.
521 2492 643 2557 Strabo
664 2493 703 2559 X.
718 2514 754 2576 p.
768 2506 839 2574 477.
858 2492 894 2556 lr.
914 2488 1004 2555 Edit.
1021 2492 1129 2554 Paris.
1140 2492 1230 2555 1620.
1248 2512 1284 2574 p.
1299 2492 1370 2571 ⁵7²·
1384 2494 1455 2566 664.
1472 2494 1541 2555 668.
1563 2496 1634 2575 669.

218 2594 292 2659 Liv.
310 2596 400 2681 Epit.
422 2598 534 2665 XCIX.
562 2601 650 2674 «Cn.
669 2597 852 2685 Pompejus
869 2596 947 2685 lege
968 2597 1012 2659 ad
1034 2596 1205 2681 populum
1225 2594 1310 2679 lata,
1328 2596 1489 2683 persequi
1503 2598 1633 2685 piratas

214 2698 342 2785 jussus,
368 2703 431 2785 qui
455 2705 699 2769 commercium
718 2724 864 2771 annonae
892 2704 1177 2781 intercluserunt,
1214 2702 1308 2766 intra
1331 2704 1633 2790 quadragesimum

218 2806 313 2871 diem
326 2815 400 2873 toto
419 2810 508 2874 mari
522 2830 581 2877 eos
601 2812 752 2896 expulit,
772 2812 938 2895 belloque
953 2833 1031 2875 cum
1044 2808 1090 2874 iis
1105 2809 1145 2873 in
1170 2807 1293 2870 Cilicia
1313 2809 1489 2891 consecto,
1513 2830 1632 2895 aceep-

134 2906 140 2917 “
218 2912 264 2979 sis
283 2914 322 2976 in
340 2915 551 2981 deditionem
570 2918 694 2999 piratis
714 2936 813 2999 agros
835 2925 869 2980 ct
888 2916 991 2978 urbes
1013 2911 1120 2972 dedit.
1142 2912 1269 2966 Lucan.
1286 2907 1437 2969 Pharsal.
1454 2912 1498 2969 ll.
1519 2914 1590 2991 567,

303 3013 340 3094 ⁰)
362 3016 475 3077 Facile
497 3015 684 3077 credideris
699 3012 884 3073 Manilium
904 3026 975 3071 non
996 3007 1148 3092 publica)
1166 3008 1287 3073 salutis
1306 3011 1421 3077 studio
1440 3011 1630 3099 impulsum

217 3122 310 3185 hane
335 3118 452 3181 tulisse
472 3116 698 3201 rogationem.
727 3110 879 3187 Vellejus
903 3118 1011 3196 certe,
1031 3112 1075 3175 ΙΙ.
1091 3115 1142 3175 33.
1165 3131 1245 3177 cum
1263 3134 1400 3199 semper
1417 3124 1574 3188 venalem
1593 3132 1631 3193 et

217 3222 350 3291 alienor
370 3218 579 3287 ministrum
598 3212 778 3302 potentiae
801 3213 895 3282 dicit.
921 3212 991 3279 Dio
1011 3216 1146 3280 Cassius
1165 3224 1276 3279 autem
1294 3240 1372 3279 eum
1389 3227 1629 3312 praemiorum,

217 3332 345 3415 quibus
363 3326 533 3391 Gabinius
553 3330 694 3388 ornatus
708 3322 835 3406 fuerat,
856 3340 916 3407 spe
932 3340 1112 3387 accensum
1131 3320 1238 3387 fuisse
1250 3322 1385 3400 judicat
1404 3326 1481 3390 Lib.
1496 3328 1630 3397 XXXVI

219 3457 249 3500 c.
269 3438 317 3501 25.
338 3434 522 3499 Accessisse
538 3438 668 3499 metum
679 3437 713 3493 et
730 3428 829 3511 iram,
846 3431 941 3510 quod
958 3429 1072 3516 legem
1089 3428 1162 3508 ejus
1178 3431 1222 3494 dc
1235 3424 1408 3517 suffragiis
1421 3431 1627 3499 libertorum

218 3540 304 3607 novi
319 3540 474 3604 consules
489 3535 656 3603 Kalendis
675 3532 849 3599 ianuariis
864 3536 1114 3621 abrogaverant
1130 3535 1155 3600 l.
1166 3536 1191 3601 1.
1207 3558 1235 3599 c.
1253 3539 1302 3599 26.
1323 3540 1489 3604 Caeterum
1504 3552 1628 3625 praeter

219 3646 406 3731 imperium
430 3650 545 3707 contra
571 3642 830 3720 Mithridatem,
860 3641 1028 3705 Manilius
1052 3641 1158 3710 etiam
1183 3640 1343 3705 Ciliciam
1368 3652 1402 3708 et
1426 3645 1626 3731 Bithyniam

218 3749 434 3838 provincias,
453 3768 536 3829 quas
557 3769 598 3813 eo
614 3758 770 3835 tempore
791 3747 923 3816 Acilius
940 3745 1085 3813 Glabrio
1106 3754 1141 3811 et
1161 3747 1311 3812 Marcius
1335 3752 1410 3815 Rex
1434 3774 1625 3836 proconsu-

219 3859 270 3923 les
289 3854 592 3939 administrabant,
612 3860 656 3919 ad
673 3853 875 3940 Pompejum
895 3853 1029 3919 detulit.
1050 3854 1135 3938 Quae
1151 3854 1246 3918 enirn
1264 3856 1464 3922 Plutarchus
1481 3863 1625 3945 provin..
1750 3872 1755 3877 ·

220 3962 350 4028 ciarum
359 3960 503 4026 nomina
516 3960 613 4025 addit
622 3962 799 4048 Phrygiae,
811 3960 1007 4048 Lycaoniae,
1022 3958 1181 4046 Galatiae,
1195 3961 1428 4049 Cappadociae,
1442 3966 1623 4050 Armeniae,

220 4086 285 4145 ea),
306 4087 383 4130 cum
401 4078 459 4132 aut
471 4070 516 4133 ad
532 4066 648 4132 Asiam
657 4068 871 4154 provinciam
889 4066 1116 4154 pertinerent,
1137 4075 1195 4130 aut
1215 4070 1370 4161 nondum
1387 4060 1622 4152 improvinciae

219 4173 366 4239 formam
383 4184 493 4239 essent
510 4179 671 4259 redactae,
690 4176 767 4263 lege
783 4176 1036 4262 comprehensae
1056 4172 1161 4263 fuisse
1175 4172 1346 4239 videntur.
1367 4173 1426 4245 cfr.
1443 4173 1510 4235 Cic.
1527 4170 1619 4237 Orat.

220 4298 284 4368 pro
299 4282 389 4367 Lege
405 4274 527 4347 Marii.
