<?xml version="1.0" encoding="UTF-8"?>
<!DOCTYPE html PUBLIC "-//W3C//DTD XHTML 1.0 Transitional//EN"
    "http://www.w3.org/TR/xhtml1/DTD/xhtml1-transitional.dtd">
<html xmlns="http://www.w3.org/1999/xhtml" xml:lang="en" lang="en">
 <head>
  <title>
</title>
<meta http-equiv="Content-Type" content="text/html;charset=utf-8" />
  <meta name='ocr-system' content='tesseract 3.04.00' />
  <meta name='ocr-capabilities' content='ocr_page ocr_carea ocr_par ocr_line ocrx_word'/>
</head>
<body>
  <div class='ocr_page' id='page_1' title='image "./salustiiquaeexs00sallgoog_0451.png"; bbox 0 0 4050 5009; ppageno 0'>
   <div class='ocr_carea' id='block_1_1' title="bbox 1595 372 1617 444">
    <p class='ocr_par' dir='ltr' id='par_1_1' title="bbox 1595 372 1617 444">
     <span class='ocr_line' id='line_1_1' title="bbox 1595 372 1617 444; baseline 0 0"><span class='ocrx_word' id='word_1_1' title='bbox 1595 372 1617 444; x_wconf 79' lang='grc'>5</span> 
     </span>
    </p>
   </div>
   <div class='ocr_carea' id='block_1_2' title="bbox 211 564 1620 1021">
    <p class='ocr_par' dir='ltr' id='par_1_2' title="bbox 211 564 1620 1021">
     <span class='ocr_line' id='line_1_2' title="bbox 211 564 1618 677; baseline -0.001 -32"><span class='ocrx_word' id='word_1_2' title='bbox 211 569 474 677; x_wconf 84' lang='lat' dir='ltr'><strong>plurimorum</strong></span> <span class='ocrx_word' id='word_1_3' title='bbox 492 593 703 673; x_wconf 79' lang='lat' dir='ltr'><strong>eorumque</strong></span> <span class='ocrx_word' id='word_1_4' title='bbox 726 564 962 673; x_wconf 87' lang='lat' dir='ltr'><strong>optimorum</strong></span> <span class='ocrx_word' id='word_1_5' title='bbox 984 564 1163 651; x_wconf 87' lang='lat' dir='ltr'><strong>codicum</strong></span> <span class='ocrx_word' id='word_1_6' title='bbox 1187 564 1416 643; x_wconf 87' lang='lat' dir='ltr'><strong>lectionibus</strong></span> <span class='ocrx_word' id='word_1_7' title='bbox 1439 567 1618 674; x_wconf 81' lang='lat' dir='ltr'><strong>cognitis,</strong></span> 
     </span>
     <span class='ocr_line' id='line_1_3' title="bbox 212 680 1619 791; baseline -0.004 -26"><span class='ocrx_word' id='word_1_8' title='bbox 212 684 406 765; x_wconf 89' lang='lat' dir='ltr'><strong>nonnulla</strong></span> <span class='ocrx_word' id='word_1_9' title='bbox 436 686 521 761; x_wconf 89' lang='lat' dir='ltr'><strong>loca</strong></span> <span class='ocrx_word' id='word_1_10' title='bbox 551 684 789 763; x_wconf 84' lang='lat' dir='ltr'><strong>emendatius</strong></span> <span class='ocrx_word' id='word_1_11' title='bbox 812 683 923 760; x_wconf 89' lang='lat' dir='ltr'><strong>edere</strong></span> <span class='ocrx_word' id='word_1_12' title='bbox 941 680 1041 759; x_wconf 85' lang='lat' dir='ltr'><strong>licet.</strong></span> <span class='ocrx_word' id='word_1_13' title='bbox 1076 683 1176 757; x_wconf 91' lang='lat' dir='ltr'><strong>Sunt</strong></span> <span class='ocrx_word' id='word_1_14' title='bbox 1202 682 1278 759; x_wconf 86' lang='lat' dir='ltr'><strong>alia</strong></span> <span class='ocrx_word' id='word_1_15' title='bbox 1305 682 1405 775; x_wconf 91' lang='lat' dir='ltr'><strong>loca,</strong></span> <span class='ocrx_word' id='word_1_16' title='bbox 1430 685 1619 791; x_wconf 75' lang='lat' dir='ltr'><strong>quaejam</strong></span> 
     </span>
     <span class='ocr_line' id='line_1_4' title="bbox 212 798 1620 912; baseline -0.001 -34"><span class='ocrx_word' id='word_1_17' title='bbox 212 802 365 912; x_wconf 86' lang='lat' dir='ltr'>pridem</span> <span class='ocrx_word' id='word_1_18' title='bbox 391 801 557 893; x_wconf 71' lang='lat' dir='ltr'><strong>Coruus,</strong></span> <span class='ocrx_word' id='word_1_19' title='bbox 582 800 647 877; x_wconf 84' lang='lat' dir='ltr'><strong>sed</strong></span> <span class='ocrx_word' id='word_1_20' title='bbox 668 815 802 877; x_wconf 88' lang='lat' dir='ltr'><strong>contra</strong></span> <span class='ocrx_word' id='word_1_21' title='bbox 829 798 1007 874; x_wconf 90' lang='lat' dir='ltr'><strong>codicum</strong></span> <span class='ocrx_word' id='word_1_22' title='bbox 1034 798 1302 875; x_wconf 87' lang='lat' dir='ltr'><strong>auctoritatem</strong></span> <span class='ocrx_word' id='word_1_23' title='bbox 1327 800 1620 909; x_wconf 76' lang='lat' dir='ltr'><strong>emendaverat3</strong></span> 
     </span>
     <span class='ocr_line' id='line_1_5' title="bbox 212 912 1502 1021; baseline -0.001 -28"><span class='ocrx_word' id='word_1_24' title='bbox 212 944 301 1021; x_wconf 64' lang='grc' dir='ltr'><strong>(μω</strong></span> <span class='ocrx_word' id='word_1_25' title='bbox 323 918 355 993; x_wconf 87' lang='lat' dir='ltr'><strong>si</strong></span> <span class='ocrx_word' id='word_1_26' title='bbox 371 919 508 995; x_wconf 91' lang='lat' dir='ltr'><strong>nostris</strong></span> <span class='ocrx_word' id='word_1_27' title='bbox 531 918 640 993; x_wconf 90' lang='lat' dir='ltr'><strong>libris</strong></span> <span class='ocrx_word' id='word_1_28' title='bbox 662 916 886 1006; x_wconf 82' lang='lat' dir='ltr'><strong>firmantur,</strong></span> <span class='ocrx_word' id='word_1_29' title='bbox 912 912 987 989; x_wconf 91' lang='lat' dir='ltr'><strong>boc</strong></span> <span class='ocrx_word' id='word_1_30' title='bbox 1009 912 1180 989; x_wconf 89' lang='lat' dir='ltr'><strong>indicare</strong></span> <span class='ocrx_word' id='word_1_31' title='bbox 1202 941 1283 991; x_wconf 92' lang='lat' dir='ltr'><strong>non</strong></span> <span class='ocrx_word' id='word_1_32' title='bbox 1306 916 1502 1007; x_wconf 80' lang='lat' dir='ltr'><strong>omittam.</strong></span> 
     </span>
    </p>
   </div>
   <div class='ocr_carea' id='block_1_3' title="bbox 366 1112 1470 1193">
    <p class='ocr_par' dir='ltr' id='par_1_3' title="bbox 366 1112 1470 1193">
     <span class='ocr_line' id='line_1_6' title="bbox 366 1112 1470 1193; baseline -0.002 -2"><span class='ocrx_word' id='word_1_33' title='bbox 366 1117 447 1191; x_wconf 88' lang='lat' dir='ltr'><strong>DE</strong></span> <span class='ocrx_word' id='word_1_34' title='bbox 497 1115 830 1191; x_wconf 86' lang='lat' dir='ltr'>CODICIBUS</span> <span class='ocrx_word' id='word_1_35' title='bbox 881 1112 1470 1193; x_wconf 82' lang='lat' dir='ltr'><strong>MEDIOLANENSIBUS.</strong></span> 
     </span>
    </p>
   </div>
   <div class='ocr_carea' id='block_1_4' title="bbox 136 1262 1624 2768">
    <p class='ocr_par' dir='ltr' id='par_1_4' title="bbox 136 1262 1624 2768">
     <span class='ocr_line' id='line_1_7' title="bbox 312 1262 1624 1356; baseline -0.002 -13"><span class='ocrx_word' id='word_1_36' title='bbox 312 1269 361 1343; x_wconf 93' lang='lat' dir='ltr'><strong>In</strong></span> <span class='ocrx_word' id='word_1_37' title='bbox 383 1262 617 1341; x_wconf 82' lang='lat' dir='ltr'><strong>bibliotheca</strong></span> <span class='ocrx_word' id='word_1_38' title='bbox 639 1264 890 1339; x_wconf 84' lang='lat' dir='ltr'><strong>Ambrosiana</strong></span> <span class='ocrx_word' id='word_1_39' title='bbox 906 1290 965 1338; x_wconf 78' lang='lat' dir='ltr'><strong>ru.</strong></span> <span class='ocrx_word' id='word_1_40' title='bbox 980 1262 1135 1339; x_wconf 83' lang='lat' dir='ltr'><strong>Salustii</strong></span> <span class='ocrx_word' id='word_1_41' title='bbox 1156 1262 1301 1339; x_wconf 78' lang='lat' dir='ltr'><strong>codices</strong></span> <span class='ocrx_word' id='word_1_42' title='bbox 1315 1265 1404 1341; x_wconf 89' lang='lat' dir='ltr'><strong>Msc.</strong></span> <span class='ocrx_word' id='word_1_43' title='bbox 1420 1264 1624 1356; x_wconf 76' lang='lat' dir='ltr'><strong>asserturi,</strong></span> 
     </span>
     <span class='ocr_line' id='line_1_8' title="bbox 213 1378 1619 1489; baseline -0.002 -31"><span class='ocrx_word' id='word_1_44' title='bbox 213 1384 295 1489; x_wconf 86' lang='lat' dir='ltr'><strong>jam</strong></span> <span class='ocrx_word' id='word_1_45' title='bbox 311 1382 355 1458; x_wconf 92' lang='lat' dir='ltr'><strong>in</strong></span> <span class='ocrx_word' id='word_1_46' title='bbox 369 1381 594 1486; x_wconf 66' lang='lat' dir='ltr'><strong>praefatione</strong></span> <span class='ocrx_word' id='word_1_47' title='bbox 605 1380 690 1457; x_wconf 86' lang='lat' dir='ltr'><strong>Vol.</strong></span> <span class='ocrx_word' id='word_1_48' title='bbox 705 1406 727 1455; x_wconf 79' lang='grc' dir='ltr'>ι</span> <span class='ocrx_word' id='word_1_49' title='bbox 739 1406 822 1484; x_wconf 82' lang='lat' dir='ltr'><strong>pag.</strong></span> <span class='ocrx_word' id='word_1_50' title='bbox 834 1404 894 1454; x_wconf 83' lang='lat' dir='ltr'><strong>xn.</strong></span> <span class='ocrx_word' id='word_1_51' title='bbox 912 1378 1042 1471; x_wconf 90' lang='lat' dir='ltr'><strong>docui;</strong></span> <span class='ocrx_word' id='word_1_52' title='bbox 1079 1406 1247 1481; x_wconf 89' lang='lat' dir='ltr'><strong>quorum</strong></span> <span class='ocrx_word' id='word_1_53' title='bbox 1270 1408 1359 1455; x_wconf 92' lang='lat' dir='ltr'><strong>cum</strong></span> <span class='ocrx_word' id='word_1_54' title='bbox 1380 1380 1512 1456; x_wconf 89' lang='lat' dir='ltr'><strong>nullus</strong></span> <span class='ocrx_word' id='word_1_55' title='bbox 1528 1396 1619 1455; x_wconf 89' lang='lat' dir='ltr'><strong>ante</strong></span> 
     </span>
     <span class='ocr_line' id='line_1_9' title="bbox 213 1494 1622 1603; baseline -0.001 -29"><span class='ocrx_word' id='word_1_56' title='bbox 213 1498 397 1575; x_wconf 81' lang='lat' dir='ltr'><strong>soeculum</strong></span> <span class='ocrx_word' id='word_1_57' title='bbox 412 1524 458 1573; x_wconf 84' lang='lat' dir='ltr'><strong>xl.</strong></span> <span class='ocrx_word' id='word_1_58' title='bbox 480 1498 642 1601; x_wconf 90' lang='lat' dir='ltr'><strong>scriptus</strong></span> <span class='ocrx_word' id='word_1_59' title='bbox 656 1497 723 1586; x_wconf 89' lang='lat' dir='ltr'><strong>sit,</strong></span> <span class='ocrx_word' id='word_1_60' title='bbox 748 1512 876 1570; x_wconf 90' lang='lat' dir='ltr'><strong>tamen</strong></span> <span class='ocrx_word' id='word_1_61' title='bbox 891 1494 1000 1571; x_wconf 90' lang='lat' dir='ltr'><strong>baud</strong></span> <span class='ocrx_word' id='word_1_62' title='bbox 1012 1521 1144 1603; x_wconf 82' lang='lat' dir='ltr'><strong>paucae</strong></span> <span class='ocrx_word' id='word_1_63' title='bbox 1158 1498 1393 1600; x_wconf 86' lang='lat' dir='ltr'><strong>optimarum</strong></span> <span class='ocrx_word' id='word_1_64' title='bbox 1409 1498 1622 1573; x_wconf 88' lang='lat' dir='ltr'><strong>lectionum</strong></span> 
     </span>
     <span class='ocr_line' id='line_1_10' title="bbox 214 1611 1622 1691; baseline 0.001 -2"><span class='ocrx_word' id='word_1_65' title='bbox 214 1614 373 1690; x_wconf 92' lang='lat' dir='ltr'><strong>illorum</strong></span> <span class='ocrx_word' id='word_1_66' title='bbox 403 1614 630 1689; x_wconf 86' lang='lat' dir='ltr'><strong>auctoritate</strong></span> <span class='ocrx_word' id='word_1_67' title='bbox 653 1612 941 1688; x_wconf 77' lang='lat' dir='ltr'><strong>confirmantur.</strong></span> <span class='ocrx_word' id='word_1_68' title='bbox 990 1616 1172 1688; x_wconf 80' lang='lat' dir='ltr'><strong>Praeterea</strong></span> <span class='ocrx_word' id='word_1_69' title='bbox 1198 1611 1258 1689; x_wconf 90' lang='lat' dir='ltr'><strong>bis</strong></span> <span class='ocrx_word' id='word_1_70' title='bbox 1292 1614 1333 1689; x_wconf 92' lang='lat' dir='ltr'><strong>in</strong></span> <span class='ocrx_word' id='word_1_71' title='bbox 1355 1612 1464 1689; x_wconf 91' lang='lat' dir='ltr'><strong>libris</strong></span> <span class='ocrx_word' id='word_1_72' title='bbox 1490 1614 1622 1691; x_wconf 86' lang='lat' dir='ltr'><strong>inveni</strong></span> 
     </span>
     <span class='ocr_line' id='line_1_11' title="bbox 213 1728 1622 1832; baseline 0 -25"><span class='ocrx_word' id='word_1_73' title='bbox 213 1732 423 1823; x_wconf 83' lang='lat' dir='ltr'><strong>variantes,</strong></span> <span class='ocrx_word' id='word_1_74' title='bbox 442 1730 608 1807; x_wconf 89' lang='lat' dir='ltr'><strong>sermoni</strong></span> <span class='ocrx_word' id='word_1_75' title='bbox 634 1728 849 1805; x_wconf 79' lang='lat' dir='ltr'><strong>salustiano</strong></span> <span class='ocrx_word' id='word_1_76' title='bbox 876 1756 996 1832; x_wconf 85' lang='lat' dir='ltr'><strong>quam</strong></span> <span class='ocrx_word' id='word_1_77' title='bbox 1029 1730 1193 1806; x_wconf 80' lang='lat' dir='ltr'><strong>maxime</strong></span> <span class='ocrx_word' id='word_1_78' title='bbox 1218 1747 1514 1825; x_wconf 86' lang='lat' dir='ltr'><strong>consentaneas,</strong></span> <span class='ocrx_word' id='word_1_79' title='bbox 1538 1751 1577 1809; x_wconf 91' lang='lat' dir='ltr'><strong>et</strong></span> <span class='ocrx_word' id='word_1_80' title='bbox 1598 1760 1622 1807; x_wconf 89' lang='lat' dir='ltr'><strong>a</strong></span> 
     </span>
     <span class='ocr_line' id='line_1_12' title="bbox 214 1844 1624 1955; baseline 0 -32"><span class='ocrx_word' id='word_1_81' title='bbox 214 1849 370 1924; x_wconf 88' lang='lat' dir='ltr'><strong>nemine</strong></span> <span class='ocrx_word' id='word_1_82' title='bbox 388 1846 534 1939; x_wconf 90' lang='lat' dir='ltr'><strong>adhuc,</strong></span> <span class='ocrx_word' id='word_1_83' title='bbox 559 1862 752 1949; x_wconf 89' lang='lat' dir='ltr'><strong>quantum</strong></span> <span class='ocrx_word' id='word_1_84' title='bbox 770 1844 950 1948; x_wconf 85' lang='lat' dir='ltr'><strong>equidem</strong></span> <span class='ocrx_word' id='word_1_85' title='bbox 970 1845 1068 1935; x_wconf 91' lang='lat' dir='ltr'><strong>scio,</strong></span> <span class='ocrx_word' id='word_1_86' title='bbox 1090 1846 1272 1923; x_wconf 86' lang='lat' dir='ltr'><strong>laudatas.</strong></span> <span class='ocrx_word' id='word_1_87' title='bbox 1309 1848 1440 1948; x_wconf 86' lang='lat' dir='ltr'><strong>Quare</strong></span> <span class='ocrx_word' id='word_1_88' title='bbox 1461 1850 1519 1927; x_wconf 82' lang='lat' dir='ltr'><strong>vel</strong></span> <span class='ocrx_word' id='word_1_89' title='bbox 1541 1874 1624 1955; x_wconf 85' lang='lat' dir='ltr'><strong>pes-</strong></span> 
     </span>
     <span class='ocr_line' id='line_1_13' title="bbox 136 1962 1622 2068; baseline 0 -29"><span class='ocrx_word' id='word_1_90' title='bbox 136 1994 144 2001; x_wconf 81' lang='lat'>·</span> <span class='ocrx_word' id='word_1_91' title='bbox 213 1965 356 2039; x_wconf 91' lang='lat' dir='ltr'><strong>simum</strong></span> <span class='ocrx_word' id='word_1_92' title='bbox 377 1963 520 2040; x_wconf 90' lang='lat' dir='ltr'><strong>horum</strong></span> <span class='ocrx_word' id='word_1_93' title='bbox 546 1964 735 2038; x_wconf 91' lang='lat' dir='ltr'><strong>librorum</strong></span> <span class='ocrx_word' id='word_1_94' title='bbox 762 1962 977 2037; x_wconf 77' lang='lat' dir='ltr'><strong>accuratius</strong></span> <span class='ocrx_word' id='word_1_95' title='bbox 1011 1962 1214 2037; x_wconf 87' lang='lat' dir='ltr'><strong>contulisse</strong></span> <span class='ocrx_word' id='word_1_96' title='bbox 1239 1990 1378 2068; x_wconf 84' lang='lat' dir='ltr'><strong>magno</strong></span> <span class='ocrx_word' id='word_1_97' title='bbox 1409 1964 1507 2040; x_wconf 91' lang='lat' dir='ltr'><strong>mihi</strong></span> <span class='ocrx_word' id='word_1_98' title='bbox 1534 1965 1622 2041; x_wconf 87' lang='lat' dir='ltr'><strong>usui</strong></span> 
     </span>
     <span class='ocr_line' id='line_1_14' title="bbox 213 2076 1623 2184; baseline 0.002 -29"><span class='ocrx_word' id='word_1_99' title='bbox 213 2079 301 2155; x_wconf 78' lang='lat' dir='ltr'><strong>fuit.</strong></span> <span class='ocrx_word' id='word_1_100' title='bbox 343 2080 461 2184; x_wconf 88' lang='lat' dir='ltr'><strong>Cujus</strong></span> <span class='ocrx_word' id='word_1_101' title='bbox 492 2081 546 2155; x_wconf 93' lang='lat' dir='ltr'><strong>rei</strong></span> <span class='ocrx_word' id='word_1_102' title='bbox 568 2080 677 2184; x_wconf 90' lang='lat' dir='ltr'><strong>copia</strong></span> <span class='ocrx_word' id='word_1_103' title='bbox 709 2076 806 2153; x_wconf 91' lang='lat' dir='ltr'><strong>mihi</strong></span> <span class='ocrx_word' id='word_1_104' title='bbox 835 2078 924 2153; x_wconf 89' lang='lat' dir='ltr'><strong>data</strong></span> <span class='ocrx_word' id='word_1_105' title='bbox 953 2094 1008 2155; x_wconf 89' lang='lat' dir='ltr'><strong>est</strong></span> <span class='ocrx_word' id='word_1_106' title='bbox 1028 2078 1215 2183; x_wconf 87' lang='lat' dir='ltr'><strong>imprimis</strong></span> <span class='ocrx_word' id='word_1_107' title='bbox 1245 2078 1487 2157; x_wconf 80' lang='lat' dir='ltr'><strong>humanitate</strong></span> <span class='ocrx_word' id='word_1_108' title='bbox 1506 2086 1551 2157; x_wconf 89' lang='lat' dir='ltr'><strong>V.</strong></span> <span class='ocrx_word' id='word_1_109' title='bbox 1574 2084 1623 2157; x_wconf 90' lang='lat' dir='ltr'><strong>D.</strong></span> 
     </span>
     <span class='ocr_line' id='line_1_15' title="bbox 215 2193 1623 2301; baseline 0.002 -31"><span class='ocrx_word' id='word_1_110' title='bbox 215 2197 248 2270; x_wconf 89' lang='lat' dir='ltr'>F</span> <span class='ocrx_word' id='word_1_111' title='bbox 248 2197 409 2271; x_wconf 77' lang='lat' dir='ltr'><strong>nancisei</strong></span> <span class='ocrx_word' id='word_1_112' title='bbox 428 2196 681 2301; x_wconf 79' lang='lat' dir='ltr'><strong>Bentivoglio‚</strong></span> <span class='ocrx_word' id='word_1_113' title='bbox 703 2193 948 2270; x_wconf 83' lang='lat' dir='ltr'><strong>Bibliothecae</strong></span> <span class='ocrx_word' id='word_1_114' title='bbox 975 2194 1166 2299; x_wconf 72' lang='lat' dir='ltr'><strong>preelecti,</strong></span> <span class='ocrx_word' id='word_1_115' title='bbox 1199 2197 1267 2299; x_wconf 87' lang='lat' dir='ltr'><strong>qui</strong></span> <span class='ocrx_word' id='word_1_116' title='bbox 1290 2225 1371 2274; x_wconf 92' lang='lat' dir='ltr'><strong>non</strong></span> <span class='ocrx_word' id='word_1_117' title='bbox 1393 2198 1519 2273; x_wconf 89' lang='lat' dir='ltr'><strong>solum</strong></span> <span class='ocrx_word' id='word_1_118' title='bbox 1544 2198 1623 2273; x_wconf 93' lang='lat' dir='ltr'><strong>sin-</strong></span> 
     </span>
     <span class='ocr_line' id='line_1_16' title="bbox 214 2311 1622 2421; baseline 0.003 -34"><span class='ocrx_word' id='word_1_119' title='bbox 214 2312 314 2419; x_wconf 74' lang='lat' dir='ltr'><strong>gulis</strong></span> <span class='ocrx_word' id='word_1_120' title='bbox 338 2313 472 2389; x_wconf 89' lang='lat' dir='ltr'><strong>diebus</strong></span> <span class='ocrx_word' id='word_1_121' title='bbox 488 2340 551 2389; x_wconf 85' lang='lat' dir='ltr'><strong>sex</strong></span> <span class='ocrx_word' id='word_1_122' title='bbox 574 2311 688 2387; x_wconf 91' lang='lat' dir='ltr'><strong>horas</strong></span> <span class='ocrx_word' id='word_1_123' title='bbox 714 2313 917 2388; x_wconf 90' lang='lat' dir='ltr'><strong>continuas</strong></span> <span class='ocrx_word' id='word_1_124' title='bbox 940 2312 1047 2387; x_wconf 83' lang='lat' dir='ltr'><strong>codd.</strong></span> <span class='ocrx_word' id='word_1_125' title='bbox 1072 2312 1300 2417; x_wconf 87' lang='lat' dir='ltr'><strong>inspiciendi</strong></span> <span class='ocrx_word' id='word_1_126' title='bbox 1325 2312 1423 2389; x_wconf 92' lang='lat' dir='ltr'><strong>mihi</strong></span> <span class='ocrx_word' id='word_1_127' title='bbox 1444 2314 1535 2391; x_wconf 81' lang='lat' dir='ltr'><strong>feeit</strong></span> <span class='ocrx_word' id='word_1_128' title='bbox 1554 2342 1622 2421; x_wconf 90' lang='lat' dir='ltr'><strong>po·</strong></span> 
     </span>
     <span class='ocr_line' id='line_1_17' title="bbox 216 2428 1620 2519; baseline 0.001 -14"><span class='ocrx_word' id='word_1_129' title='bbox 216 2446 407 2515; x_wconf 81' lang='lat' dir='ltr'><strong>testatem,</strong></span> <span class='ocrx_word' id='word_1_130' title='bbox 423 2430 490 2505; x_wconf 89' lang='lat' dir='ltr'><strong>sed</strong></span> <span class='ocrx_word' id='word_1_131' title='bbox 506 2432 621 2505; x_wconf 89' lang='lat' dir='ltr'><strong>etiam</strong></span> <span class='ocrx_word' id='word_1_132' title='bbox 640 2431 880 2505; x_wconf 81' lang='lat' dir='ltr'><strong>sermonibus</strong></span> <span class='ocrx_word' id='word_1_133' title='bbox 901 2456 963 2505; x_wconf 87' lang='lat' dir='ltr'><strong>me</strong></span> <span class='ocrx_word' id='word_1_134' title='bbox 980 2428 1104 2503; x_wconf 89' lang='lat' dir='ltr'><strong>multa</strong></span> <span class='ocrx_word' id='word_1_135' title='bbox 1123 2428 1284 2505; x_wconf 89' lang='lat' dir='ltr'><strong>edocuit.</strong></span> <span class='ocrx_word' id='word_1_136' title='bbox 1320 2434 1435 2507; x_wconf 85' lang='lat' dir='ltr'><strong>Parat</strong></span> <span class='ocrx_word' id='word_1_137' title='bbox 1456 2430 1521 2507; x_wconf 91' lang='lat' dir='ltr'><strong>hic</strong></span> <span class='ocrx_word' id='word_1_138' title='bbox 1542 2432 1620 2519; x_wconf 84' lang='lat' dir='ltr'><strong>vir,</strong></span> 
     </span>
     <span class='ocr_line' id='line_1_18' title="bbox 215 2545 1623 2651; baseline 0.001 -28"><span class='ocrx_word' id='word_1_139' title='bbox 215 2545 266 2623; x_wconf 88' lang='lat' dir='ltr'><strong>de</strong></span> <span class='ocrx_word' id='word_1_140' title='bbox 291 2545 422 2620; x_wconf 86' lang='lat' dir='ltr'><strong>multis</strong></span> <span class='ocrx_word' id='word_1_141' title='bbox 447 2546 606 2623; x_wconf 85' lang='lat' dir='ltr'><strong>literatis</strong></span> <span class='ocrx_word' id='word_1_142' title='bbox 627 2545 852 2621; x_wconf 84' lang='lat' dir='ltr'><strong>hominibus</strong></span> <span class='ocrx_word' id='word_1_143' title='bbox 882 2546 1025 2651; x_wconf 91' lang='lat' dir='ltr'><strong>optime</strong></span> <span class='ocrx_word' id='word_1_144' title='bbox 1053 2545 1232 2635; x_wconf 88' lang='lat' dir='ltr'><strong>meritus,</strong></span> <span class='ocrx_word' id='word_1_145' title='bbox 1266 2572 1406 2621; x_wconf 86' lang='lat' dir='ltr'><strong>novam</strong></span> <span class='ocrx_word' id='word_1_146' title='bbox 1431 2548 1623 2627; x_wconf 88' lang='lat' dir='ltr'><strong>Ciceronis</strong></span> 
     </span>
     <span class='ocr_line' id='line_1_19' title="bbox 215 2662 1394 2768; baseline -0.002 -29"><span class='ocrx_word' id='word_1_147' title='bbox 215 2663 437 2739; x_wconf 90' lang='lat' dir='ltr'><strong>orationum</strong></span> <span class='ocrx_word' id='word_1_148' title='bbox 454 2664 684 2756; x_wconf 85' lang='lat' dir='ltr'><strong>editionem,</strong></span> <span class='ocrx_word' id='word_1_149' title='bbox 707 2690 826 2768; x_wconf 89' lang='lat' dir='ltr'><strong>quam</strong></span> <span class='ocrx_word' id='word_1_150' title='bbox 849 2662 1028 2768; x_wconf 88' lang='lat' dir='ltr'><strong>equidem</strong></span> <span class='ocrx_word' id='word_1_151' title='bbox 1051 2662 1191 2766; x_wconf 89' lang='lat' dir='ltr'><strong>cupide</strong></span> <span class='ocrx_word' id='word_1_152' title='bbox 1213 2678 1394 2768; x_wconf 86' lang='lat' dir='ltr'><strong>exspecto.</strong></span> 
     </span>
    </p>
   </div>
   <div class='ocr_carea' id='block_1_5' title="bbox 214 2817 1628 3955">
    <p class='ocr_par' dir='ltr' id='par_1_5' title="bbox 214 2817 1628 3741">
     <span class='ocr_line' id='line_1_20' title="bbox 328 2817 1626 2921; baseline -0.001 -25"><span class='ocrx_word' id='word_1_153' title='bbox 328 2820 420 2896; x_wconf 79' lang='lat' dir='ltr'><strong>Cod.</strong></span> <span class='ocrx_word' id='word_1_154' title='bbox 436 2822 468 2895; x_wconf 92' lang='lat' dir='ltr'><strong>I.</strong></span> <span class='ocrx_word' id='word_1_155' title='bbox 479 2821 521 2911; x_wconf 65' lang='lat'><strong>²¹⁸)</strong></span> <span class='ocrx_word' id='word_1_156' title='bbox 556 2820 625 2918; x_wconf 88' lang='grc' dir='ltr'><strong>(Ο.</strong></span> <span class='ocrx_word' id='word_1_157' title='bbox 651 2821 731 2921; x_wconf 77' lang='lat'><strong>32.)</strong></span> <span class='ocrx_word' id='word_1_158' title='bbox 768 2820 978 2896; x_wconf 88' lang='lat' dir='ltr'><strong>Membran.</strong></span> <span class='ocrx_word' id='word_1_159' title='bbox 1003 2820 1089 2894; x_wconf 87' lang='lat' dir='ltr'><strong>Saec.</strong></span> <span class='ocrx_word' id='word_1_160' title='bbox 1107 2844 1166 2893; x_wconf 85' lang='lat' dir='ltr'><strong>xn.</strong></span> <span class='ocrx_word' id='word_1_161' title='bbox 1191 2817 1345 2895; x_wconf 88' lang='lat' dir='ltr'><strong>scholiis</strong></span> <span class='ocrx_word' id='word_1_162' title='bbox 1371 2820 1626 2897; x_wconf 87' lang='lat' dir='ltr'><strong>interlineari-</strong></span> 
     </span>
     <span class='ocr_line' id='line_1_21' title="bbox 214 2934 1627 3042; baseline 0.002 -32"><span class='ocrx_word' id='word_1_163' title='bbox 214 2934 289 3011; x_wconf 87' lang='lat' dir='ltr'><strong>bus</strong></span> <span class='ocrx_word' id='word_1_164' title='bbox 308 2936 527 3041; x_wconf 80' lang='lat' dir='ltr'><strong>adspersus,</strong></span> <span class='ocrx_word' id='word_1_165' title='bbox 556 2954 595 3013; x_wconf 90' lang='lat' dir='ltr'><strong>et</strong></span> <span class='ocrx_word' id='word_1_166' title='bbox 616 2937 778 3041; x_wconf 86' lang='lat' dir='ltr'><strong>optimas</strong></span> <span class='ocrx_word' id='word_1_167' title='bbox 795 2936 975 3011; x_wconf 89' lang='lat' dir='ltr'><strong>lectiones</strong></span> <span class='ocrx_word' id='word_1_168' title='bbox 995 2936 1168 3011; x_wconf 89' lang='lat' dir='ltr'><strong>continet</strong></span> <span class='ocrx_word' id='word_1_169' title='bbox 1184 2952 1223 3011; x_wconf 90' lang='lat' dir='ltr'><strong>et</strong></span> <span class='ocrx_word' id='word_1_170' title='bbox 1247 2935 1298 3011; x_wconf 91' lang='lat' dir='ltr'><strong>ad</strong></span> <span class='ocrx_word' id='word_1_171' title='bbox 1320 2938 1627 3042; x_wconf 79' lang='lat' dir='ltr'><strong>corruptelarum</strong></span> 
     </span>
     <span class='ocr_line' id='line_1_22' title="bbox 216 3052 1628 3159; baseline 0.003 -32"><span class='ocrx_word' id='word_1_172' title='bbox 216 3077 347 3127; x_wconf 86' lang='lat' dir='ltr'><strong>causas</strong></span> <span class='ocrx_word' id='word_1_173' title='bbox 367 3052 594 3131; x_wconf 87' lang='lat' dir='ltr'><strong>divinandas</strong></span> <span class='ocrx_word' id='word_1_174' title='bbox 617 3053 834 3159; x_wconf 87' lang='lat' dir='ltr'><strong>plurimum</strong></span> <span class='ocrx_word' id='word_1_175' title='bbox 860 3052 1018 3127; x_wconf 84' lang='lat' dir='ltr'><strong>confert</strong></span> <span class='ocrx_word' id='word_1_176' title='bbox 1063 3052 1272 3155; x_wconf 84' lang='lat' dir='ltr'><strong>Aliquoties</strong></span> <span class='ocrx_word' id='word_1_177' title='bbox 1297 3080 1435 3129; x_wconf 89' lang='lat' dir='ltr'><strong>manus</strong></span> <span class='ocrx_word' id='word_1_178' title='bbox 1459 3054 1628 3131; x_wconf 84' lang='lat' dir='ltr'><strong>secunda</strong></span> 
     </span>
     <span class='ocr_line' id='line_1_23' title="bbox 217 3164 1627 3275; baseline 0.003 -32"><span class='ocrx_word' id='word_1_179' title='bbox 217 3182 366 3245; x_wconf 76' lang='lat' dir='ltr'><strong>textum</strong></span> <span class='ocrx_word' id='word_1_180' title='bbox 399 3170 624 3247; x_wconf 85' lang='lat' dir='ltr'><strong>emendavit</strong></span> <span class='ocrx_word' id='word_1_181' title='bbox 683 3164 978 3274; x_wconf 83' lang='lat' dir='ltr'><strong>Ortbographiae</strong></span> <span class='ocrx_word' id='word_1_182' title='bbox 1008 3168 1142 3243; x_wconf 85' lang='lat' dir='ltr'><strong>veteris</strong></span> <span class='ocrx_word' id='word_1_183' title='bbox 1173 3196 1297 3273; x_wconf 88' lang='lat' dir='ltr'><strong>pauca</strong></span> <span class='ocrx_word' id='word_1_184' title='bbox 1321 3170 1497 3275; x_wconf 82' lang='lat' dir='ltr'><strong>vestigia3</strong></span> <span class='ocrx_word' id='word_1_185' title='bbox 1532 3198 1563 3245; x_wconf 84' lang='lat' dir='ltr'><strong>v.</strong></span> <span class='ocrx_word' id='word_1_186' title='bbox 1595 3199 1627 3261; x_wconf 74' lang='lat' dir='ltr'><strong>c,</strong></span> 
     </span>
     <span class='ocr_line' id='line_1_24' title="bbox 214 3284 1624 3388; baseline 0.001 -27"><span class='ocrx_word' id='word_1_187' title='bbox 214 3303 290 3376; x_wconf 86' lang='lat' dir='ltr'><strong>set,</strong></span> <span class='ocrx_word' id='word_1_188' title='bbox 322 3304 429 3385; x_wconf 80' lang='lat' dir='ltr'><strong>aput,</strong></span> <span class='ocrx_word' id='word_1_189' title='bbox 454 3288 707 3372; x_wconf 77' lang='lat' dir='ltr'><strong>vendicemus,</strong></span> <span class='ocrx_word' id='word_1_190' title='bbox 743 3288 952 3388; x_wconf 77' lang='lat' dir='ltr'><strong>neglegere,</strong></span> <span class='ocrx_word' id='word_1_191' title='bbox 977 3284 1236 3386; x_wconf 82' lang='lat' dir='ltr'><strong>Aborigenes,</strong></span> <span class='ocrx_word' id='word_1_192' title='bbox 1271 3287 1471 3371; x_wconf 81' lang='lat' dir='ltr'><strong>condicio,</strong></span> <span class='ocrx_word' id='word_1_193' title='bbox 1508 3290 1624 3373; x_wconf 79' lang='lat' dir='ltr'><strong>taut,</strong></span> 
     </span>
     <span class='ocr_line' id='line_1_25' title="bbox 215 3400 1626 3502; baseline 0.004 -27"><span class='ocrx_word' id='word_1_194' title='bbox 215 3401 456 3502; x_wconf 81' lang='lat' dir='ltr'><strong>locupletum,</strong></span> <span class='ocrx_word' id='word_1_195' title='bbox 482 3404 645 3479; x_wconf 81' lang='lat' dir='ltr'><strong>adiceret</strong></span> <span class='ocrx_word' id='word_1_196' title='bbox 668 3403 774 3501; x_wconf 84' lang='lat' dir='ltr'><strong>(Cat</strong></span> <span class='ocrx_word' id='word_1_197' title='bbox 789 3428 819 3477; x_wconf 91' lang='lat' dir='ltr'><strong>c.</strong></span> <span class='ocrx_word' id='word_1_198' title='bbox 835 3402 910 3499; x_wconf 75' lang='lat' dir='ltr'><strong>aa.)</strong></span> <span class='ocrx_word' id='word_1_199' title='bbox 936 3400 1143 3486; x_wconf 81' lang='lat' dir='ltr'><strong>cotidiano,</strong></span> <span class='ocrx_word' id='word_1_200' title='bbox 1162 3402 1358 3487; x_wconf 82' lang='lat' dir='ltr'><strong>leniunda,</strong></span> <span class='ocrx_word' id='word_1_201' title='bbox 1376 3404 1626 3492; x_wconf 61' lang='lat' dir='ltr'><strong>accersebant</strong></span> 
     </span>
     <span class='ocr_line' id='line_1_26' title="bbox 216 3516 1625 3625; baseline 0.001 -30"><span class='ocrx_word' id='word_1_202' title='bbox 216 3534 255 3595; x_wconf 86' lang='lat' dir='ltr'><strong>et</strong></span> <span class='ocrx_word' id='word_1_203' title='bbox 273 3519 334 3594; x_wconf 82' lang='lat' dir='ltr'><strong>die</strong></span> <span class='ocrx_word' id='word_1_204' title='bbox 355 3546 478 3620; x_wconf 79' lang='lat' dir='ltr'><strong>vesper</strong></span> <span class='ocrx_word' id='word_1_205' title='bbox 503 3518 519 3617; x_wconf 92' lang='lat'>(</span> <span class='ocrx_word' id='word_1_206' title='bbox 526 3525 548 3593; x_wconf 83' lang='lat' dir='ltr'><strong>i.</strong></span> <span class='ocrx_word' id='word_1_207' title='bbox 568 3548 613 3594; x_wconf 88' lang='lat' dir='ltr'><strong>m.</strong></span> <span class='ocrx_word' id='word_1_208' title='bbox 636 3546 705 3595; x_wconf 86' lang='lat' dir='ltr'><strong>sec.</strong></span> <span class='ocrx_word' id='word_1_209' title='bbox 726 3518 949 3619; x_wconf 80' lang='lat' dir='ltr'><strong>apposuit);</strong></span> <span class='ocrx_word' id='word_1_210' title='bbox 984 3516 1186 3592; x_wconf 91' lang='lat' dir='ltr'><strong>nonnullis</strong></span> <span class='ocrx_word' id='word_1_211' title='bbox 1216 3517 1308 3593; x_wconf 89' lang='lat' dir='ltr'><strong>locis</strong></span> <span class='ocrx_word' id='word_1_212' title='bbox 1333 3517 1625 3625; x_wconf 88' lang='lat' dir='ltr'><strong>conjunctiones</strong></span> 
     </span>
     <span class='ocr_line' id='line_1_27' title="bbox 215 3633 1408 3741; baseline -0.002 -32"><span class='ocrx_word' id='word_1_213' title='bbox 215 3633 391 3729; x_wconf 81' lang='lat' dir='ltr'><strong>omissae3</strong></span> <span class='ocrx_word' id='word_1_214' title='bbox 414 3664 447 3711; x_wconf 86' lang='lat' dir='ltr'><strong>v.</strong></span> <span class='ocrx_word' id='word_1_215' title='bbox 465 3662 495 3711; x_wconf 91' lang='lat' dir='ltr'><strong>c.</strong></span> <span class='ocrx_word' id='word_1_216' title='bbox 511 3638 589 3712; x_wconf 84' lang='lat' dir='ltr'><strong>Cat.</strong></span> <span class='ocrx_word' id='word_1_217' title='bbox 610 3663 691 3741; x_wconf 90' lang='lat' dir='ltr'><strong>cap.</strong></span> <span class='ocrx_word' id='word_1_218' title='bbox 711 3664 744 3736; x_wconf 86' lang='lat'><strong>7.</strong></span> <span class='ocrx_word' id='word_1_219' title='bbox 768 3660 908 3734; x_wconf 83' lang='lat' dir='ltr'><strong>semper</strong></span> <span class='ocrx_word' id='word_1_220' title='bbox 929 3636 988 3707; x_wconf 83' lang='lat' dir='ltr'><strong>his</strong></span> <span class='ocrx_word' id='word_1_221' title='bbox 1010 3675 1029 3691; x_wconf 90' lang='lat'>-</span> <span class='ocrx_word' id='word_1_222' title='bbox 1054 3638 1172 3735; x_wconf 67' lang='lat' dir='ltr'><strong>tnagis</strong></span> <span class='ocrx_word' id='word_1_223' title='bbox 1194 3640 1232 3707; x_wconf 86' lang='lat' dir='ltr'><strong>in</strong></span> <span class='ocrx_word' id='word_1_224' title='bbox 1255 3634 1408 3709; x_wconf 74' lang='lat' dir='ltr'><strong>decoris.</strong></span> 
     </span>
    </p>

    <p class='ocr_par' dir='ltr' id='par_1_6' title="bbox 214 3773 1626 3955">
     <span class='ocr_line' id='line_1_28' title="bbox 260 3773 1626 3860; baseline 0.004 -27"><span class='ocrx_word' id='word_1_225' title='bbox 260 3788 265 3801; x_wconf 85' lang='grc'><em>·</em></span> <span class='ocrx_word' id='word_1_226' title='bbox 298 3773 426 3835; x_wconf 84' lang='lat' dir='ltr'><strong>Catilina</strong></span> <span class='ocrx_word' id='word_1_227' title='bbox 444 3798 510 3858; x_wconf 75' lang='lat' dir='ltr'><strong>cap.</strong></span> <span class='ocrx_word' id='word_1_228' title='bbox 531 3799 558 3837; x_wconf 87' lang='lat' dir='ltr'><strong>t.</strong></span> <span class='ocrx_word' id='word_1_229' title='bbox 580 3798 641 3859; x_wconf 90' lang='lat' dir='ltr'><strong>qno</strong></span> <span class='ocrx_word' id='word_1_230' title='bbox 661 3774 735 3835; x_wconf 89' lang='lat' dir='ltr'><strong>mihi</strong></span> <span class='ocrx_word' id='word_1_231' title='bbox 753 3777 860 3835; x_wconf 76' lang='lat' dir='ltr'><strong>rectius</strong></span> <span class='ocrx_word' id='word_1_232' title='bbox 874 3774 991 3837; x_wconf 79' lang='lat' dir='ltr'><strong>ridetur</strong></span> <span class='ocrx_word' id='word_1_233' title='bbox 1011 3774 1087 3855; x_wconf 80' lang='lat' dir='ltr'><strong>(esse</strong></span> <span class='ocrx_word' id='word_1_234' title='bbox 1105 3774 1265 3854; x_wconf 73' lang='lat' dir='ltr'><strong>omissum)</strong></span> <span class='ocrx_word' id='word_1_235' title='bbox 1284 3776 1314 3837; x_wconf 82' lang='lat'><strong>3.</strong></span> <span class='ocrx_word' id='word_1_236' title='bbox 1329 3776 1427 3837; x_wconf 79' lang='lat' dir='ltr'><strong>studio</strong></span> <span class='ocrx_word' id='word_1_237' title='bbox 1446 3774 1485 3837; x_wconf 78' lang='lat' dir='ltr'><strong>ad</strong></span> <span class='ocrx_word' id='word_1_238' title='bbox 1502 3797 1626 3860; x_wconf 86' lang='lat' dir='ltr'><strong>rempu-</strong></span> 
     </span>
     <span class='ocr_line' id='line_1_29' title="bbox 214 3869 1625 3955; baseline 0.003 -24"><span class='ocrx_word' id='word_1_239' title='bbox 214 3869 326 3931; x_wconf 88' lang='lat' dir='ltr'><strong>blicam</strong></span> <span class='ocrx_word' id='word_1_240' title='bbox 337 3875 413 3931; x_wconf 82' lang='lat' dir='ltr'><strong>latus</strong></span> <span class='ocrx_word' id='word_1_241' title='bbox 427 3894 504 3932; x_wconf 80' lang='lat' dir='ltr'><strong>sum.</strong></span> <span class='ocrx_word' id='word_1_242' title='bbox 527 3874 555 3933; x_wconf 87' lang='lat'><strong>5.</strong></span> <span class='ocrx_word' id='word_1_243' title='bbox 568 3872 731 3933; x_wconf 85' lang='lat' dir='ltr'><strong>incitabant</strong></span> <span class='ocrx_word' id='word_1_244' title='bbox 745 3882 890 3954; x_wconf 72' lang='lat' dir='ltr'><strong>preterea.</strong></span> <span class='ocrx_word' id='word_1_245' title='bbox 911 3874 941 3934; x_wconf 88' lang='lat'><strong>8.</strong></span> <span class='ocrx_word' id='word_1_246' title='bbox 968 3884 1113 3955; x_wconf 85' lang='lat' dir='ltr'><strong>qnantum</strong></span> <span class='ocrx_word' id='word_1_247' title='bbox 1135 3870 1230 3933; x_wconf 78' lang='lat' dir='ltr'><strong>verbis</strong></span> <span class='ocrx_word' id='word_1_248' title='bbox 1252 3884 1374 3953; x_wconf 85' lang='lat' dir='ltr'><strong>potuere</strong></span> <span class='ocrx_word' id='word_1_249' title='bbox 1399 3878 1545 3939; x_wconf 82' lang='lat' dir='ltr'><strong>extollere.</strong></span> <span class='ocrx_word' id='word_1_250' title='bbox 1579 3895 1625 3941; x_wconf 83' lang='lat' dir='ltr'><strong>tr.</strong></span> 
     </span>
    </p>
   </div>
   <div class='ocr_carea' id='block_1_6' title="bbox 213 3966 1626 4147">
    <p class='ocr_par' dir='ltr' id='par_1_7' title="bbox 213 3966 1626 4147">
     <span class='ocr_line' id='line_1_30' title="bbox 215 3966 1626 4053; baseline 0.005 -25"><span class='ocrx_word' id='word_1_251' title='bbox 215 3969 250 4028; x_wconf 90' lang='lat' dir='ltr'><strong>in</strong></span> <span class='ocrx_word' id='word_1_252' title='bbox 271 3966 345 4029; x_wconf 79' lang='lat' dir='ltr'><strong>Atia.</strong></span> <span class='ocrx_word' id='word_1_253' title='bbox 376 3982 422 4043; x_wconf 72' lang='lat'><strong>14.</strong></span> <span class='ocrx_word' id='word_1_254' title='bbox 436 3971 480 4029; x_wconf 89' lang='lat' dir='ltr'><strong>nti</strong></span> <span class='ocrx_word' id='word_1_255' title='bbox 500 3976 647 4053; x_wconf 78' lang='lat' dir='ltr'><strong>cujusque.</strong></span> <span class='ocrx_word' id='word_1_256' title='bbox 672 3990 720 4036; x_wconf 70' lang='grc' dir='ltr'><strong>υ.</strong></span> <span class='ocrx_word' id='word_1_257' title='bbox 743 3970 812 4033; x_wconf 84' lang='lat' dir='ltr'><strong>licta</strong></span> <span class='ocrx_word' id='word_1_258' title='bbox 827 3981 857 4031; x_wconf 84' lang='lat' dir='ltr'><strong>et</strong></span> <span class='ocrx_word' id='word_1_259' title='bbox 874 3968 954 4048; x_wconf 73' lang='lat' dir='ltr'><strong>hec,</strong></span> <span class='ocrx_word' id='word_1_260' title='bbox 975 3974 1070 4033; x_wconf 85' lang='lat' dir='ltr'><strong>multa</strong></span> <span class='ocrx_word' id='word_1_261' title='bbox 1087 3978 1169 4053; x_wconf 66' lang='lat' dir='ltr'><strong>prul.</strong></span> <span class='ocrx_word' id='word_1_262' title='bbox 1192 3968 1240 4036; x_wconf 80' lang='lat'><strong>25.</strong></span> <span class='ocrx_word' id='word_1_263' title='bbox 1259 3967 1332 4033; x_wconf 82' lang='lat' dir='ltr'><strong>hsttt</strong></span> <span class='ocrx_word' id='word_1_264' title='bbox 1354 3972 1439 4035; x_wconf 74' lang='lat' dir='ltr'><strong>facile</strong></span> <span class='ocrx_word' id='word_1_265' title='bbox 1460 3991 1589 4035; x_wconf 78' lang='lat' dir='ltr'><strong>comeret</strong></span> <span class='ocrx_word' id='word_1_266' title='bbox 1608 4006 1626 4020; x_wconf 92' lang='lat'><em>-</em></span> 
     </span>
     <span class='ocr_line' id='line_1_31' title="bbox 213 4064 497 4147; baseline -0.004 -21"><span class='ocrx_word' id='word_1_267' title='bbox 213 4084 346 4147; x_wconf 72' lang='lat' dir='ltr'><strong>pmoepe</strong></span> <span class='ocrx_word' id='word_1_268' title='bbox 364 4066 430 4125; x_wconf 83' lang='lat' dir='ltr'><strong>tuit.</strong></span> <span class='ocrx_word' id='word_1_269' title='bbox 444 4064 497 4142; x_wconf 76' lang='grc'><strong>*’)</strong></span> 
     </span>
    </p>
   </div>
   <div class='ocr_carea' id='block_1_7' title="bbox 293 4196 1627 4517">
    <p class='ocr_par' dir='ltr' id='par_1_8' title="bbox 293 4196 1627 4517">
     <span class='ocr_line' id='line_1_32' title="bbox 293 4196 1584 4313; baseline 0.003 -26"><span class='ocrx_word' id='word_1_270' title='bbox 293 4226 323 4306; x_wconf 64' lang='lat' dir='ltr'><strong>a)</strong></span> <span class='ocrx_word' id='word_1_271' title='bbox 343 4227 381 4286; x_wconf 92' lang='lat' dir='ltr'><strong>In</strong></span> <span class='ocrx_word' id='word_1_272' title='bbox 402 4228 608 4289; x_wconf 78' lang='lat' dir='ltr'><strong>enumerandis</strong></span> <span class='ocrx_word' id='word_1_273' title='bbox 628 4228 711 4288; x_wconf 80' lang='lat' dir='ltr'><strong>libris</strong></span> <span class='ocrx_word' id='word_1_274' title='bbox 728 4228 864 4291; x_wconf 88' lang='lat' dir='ltr'><strong>ordinem</strong></span> <span class='ocrx_word' id='word_1_275' title='bbox 885 4231 918 4291; x_wconf 93' lang='lat' dir='ltr'><strong>in</strong></span> <span class='ocrx_word' id='word_1_276' title='bbox 937 4196 1192 4313; x_wconf 73' lang='lat' dir='ltr'><strong>pmiationeVol.</strong></span> <span class='ocrx_word' id='word_1_277' title='bbox 1206 4251 1233 4290; x_wconf 82' lang='grc' dir='ltr'><strong>ι.</strong></span> <span class='ocrx_word' id='word_1_278' title='bbox 1253 4231 1438 4312; x_wconf 81' lang='lat' dir='ltr'><strong>propositum</strong></span> <span class='ocrx_word' id='word_1_279' title='bbox 1456 4228 1584 4295; x_wconf 78' lang='lat' dir='ltr'><strong>servabo.</strong></span> 
     </span>
     <span class='ocr_line' id='line_1_33' title="bbox 297 4328 1627 4419; baseline 0.002 -24"><span class='ocrx_word' id='word_1_280' title='bbox 297 4328 358 4412; x_wconf 79' lang='lat'><strong>”)</strong></span> <span class='ocrx_word' id='word_1_281' title='bbox 378 4330 441 4408; x_wconf 88' lang='lat' dir='ltr'><strong>Qui</strong></span> <span class='ocrx_word' id='word_1_282' title='bbox 461 4334 582 4418; x_wconf 85' lang='lat' dir='ltr'><strong>quidem</strong></span> <span class='ocrx_word' id='word_1_283' title='bbox 609 4336 693 4396; x_wconf 83' lang='lat' dir='ltr'><strong>locus</strong></span> <span class='ocrx_word' id='word_1_284' title='bbox 716 4334 863 4418; x_wconf 84' lang='lat' dir='ltr'><strong>imprimis</strong></span> <span class='ocrx_word' id='word_1_285' title='bbox 889 4334 1058 4413; x_wconf 54' lang='lat' dir='ltr'><strong>notandum</strong></span> <span class='ocrx_word' id='word_1_286' title='bbox 1084 4334 1155 4397; x_wconf 85' lang='lat' dir='ltr'><strong>inde</strong></span> <span class='ocrx_word' id='word_1_287' title='bbox 1177 4336 1257 4399; x_wconf 88' lang='lat' dir='ltr'><strong>enim</strong></span> <span class='ocrx_word' id='word_1_288' title='bbox 1284 4336 1404 4419; x_wconf 73' lang='lat' dir='ltr'><strong>colligas</strong></span> <span class='ocrx_word' id='word_1_289' title='bbox 1430 4338 1522 4419; x_wconf 83' lang='lat' dir='ltr'><strong>paulo</strong></span> <span class='ocrx_word' id='word_1_290' title='bbox 1549 4336 1627 4398; x_wconf 81' lang='lat' dir='ltr'><strong>inim</strong></span> 
     </span>
     <span class='ocr_line' id='line_1_34' title="bbox 1096 4458 1123 4517; baseline 0 0"><span class='ocrx_word' id='word_1_291' title='bbox 1096 4458 1123 4517; x_wconf 62' lang='lat' dir='ltr'><strong>&#39;lt</strong></span> 
     </span>
    </p>
   </div>
   <div class='ocr_carea' id='block_1_8' title="bbox 0 0 2035 5009">
    <p class='ocr_par' dir='ltr' id='par_1_9' title="bbox 0 0 2035 5009">
     <span class='ocr_line' id='line_1_35' title="bbox 0 0 2035 5009; baseline 0 0"><span class='ocrx_word' id='word_1_292' title='bbox 0 0 2035 5009; x_wconf 95' lang='lat' dir='ltr'><strong> </strong></span> 
     </span>
    </p>
   </div>
  </div>
 </body>
</html>
