4050 5009
581 334 652 440 134

457 591 462 601 ,
569 521 712 603 darum
733 518 919 611 infidum,
932 518 1089 626 ingenio,
1103 520 1256 612 mobili„
1271 524 1606 602 novarum'rerum
1625 525 1876 609 avidumesse
1896 536 1969 612 Ita·

569 671 647 751 qne
670 642 809 749 legatos
825 644 947 721 alium
961 645 1011 719 ab
1030 642 1290 722 alio-divorsos
1304 646 1525 753 adgreditur
1531 681 1543 743 ;
1565 677 1612 725 ac
1626 653 1832 755 paullatim
1850 674 1967 764 temp-

571 768 714 859 undo,
731 784 933 872 postquam
951 784 1186 873 opportunos
1201 768 1276 845 sibi
1292 772 1489 877 cognovit,
1505 773 1627 850 multa
1644 776 1864 881 pollicendo
1884 809 1968 887 per·

568 890 727 981 suadet,
749 890 808 966 uti
828 890 1057 996 Iugurtham
1082 894 1433 988 maxumevivum,
1454 897 1515 973 sin
1541 897 1583 973 id
1602 925 1742 1003 parum
1762 904 1970 1008 'procedat,

571 1029 753 1093 necatum
769 1013 842 1091 sibi
865 1014 1090 1091 traderent:
1114 1031 1282 1093 cesenam
1297 1016 1444 1121 palam,
1463 1045 1550 1123 que
1563 1046 1611 1097 ex
1623 1022 1968 1120 voluntateforent,

570 1138 653 1241 regi
681 1138 869 1214 nunciare
899 1137 1015 1213 iubet.
1063 1137 1216 1215 Deinde
1246 1140 1325 1244 ipse
1347 1141 1478 1245 paucis
1502 1143 1659 1236 diebus,
1682 1147 1831 1226 intento
1856 1169 1969 1256 atque

572 1258 709 1336 infesto
726 1259 912 1348 exercitu,
930 1258 971 1333 in
993 1260 1215 1335 Numidiam
1232 1263 1404 1364 procedit
1424 1296 1434 1337 z
1457 1266 1527 1339 ubi
1548 1284 1682 1343 contra
1703 1268 1796 1345 belli
1818 1270 1970 1365 faciem,

566 1383 725 1487 tuguria
742 1381 857 1484 plena
879 1378 1102 1471 hominum,
1121 1408 1258 1485 pecora
1275 1383 1514 1489 cultoresque
1531 1389 1574 1464 in
1588 1390 1686 1493 agris
1704 1409 1831 1469 crantz
1843 1423 1890 1471 ex
1907 1425 1970 1501 op-

569 1503 671 1609 pidis
697 1519 737 1579 et
761 1502 975 1606 mapalibus
991 1502 1158 1606 praefecti
1179 1504 1286 1607 Regis
1313 1506 1416 1581 obvii
1449 1511 1724 1615 procedebant,
1747 1520 1875 1621 parati
1894 1520 1972 1597 sm.

570 1641 746 1703 mentum
761 1625 869 1716 dare,
891 1641 1147 1701 commeatum
1167 1643 1341 1729 portare,
1364 1647 1553 1733 postremo
1577 1636 1727 1728 omnia,
1748 1665 1837 1743 quse
1856 1642 1971 1749 imps-

571 1764 773 1840 rtiantur,
804 1748 937 1825 facere.
986 1748 1117 1850 Neque
1132 1749 1309 1826 Metellus
1332 1752 1474 1831 idcirco
1489 1757 1641 1849 minus,
1668 1761 1734 1836 scd
1761 1764 1906 1869 pariter
1928 1795 1970 1844 ao

570 1871 603 1947 si
625 1870 749 1948 hostes
770 1871 960 1960 adessent,
974 1870 1128 1947 munito
1152 1873 1303 1977 agmine
1322 1875 1510 1971 incedere,
1531 1881 1608 1958 late
1624 1884 1968 1997 exploratu-omnia

572 1994 639 2071 illa
663 1995 868 2071 deditionis
886 1992 991 2099 signa
1012 1995 1177 2069 ostentui
1205 1996 1374 2089 medere,
1399 2015 1439 2076 et
1462 2002 1609 2079 insidiis
1631 2006 1761 2085 locum
1779 2027 1971 2118 temptam.

571 2121 709 2220 Itaque
731 2117 810 2221 ipse
830 2143 919 2191 cum
940 2115 1122 2221 expeditis
1142 2116 1382 2211 cohortibus,
1402 2123 1494 2199 item
1525 2125 1772 2209 fimditorum
1795 2150 1837 2211 et
1864 2140 1971 2243 sagit·

574 2240 762 2317 tariorum
790 2238 934 2314 delecta
964 2266 1085 2313 manu
1104 2239 1208 2343 apud
1225 2240 1366 2343 primos
1386 2260 1485 2340 erat3
1503 2247 1545 2323 in
1565 2266 1756 2354 postremo
1774 2258 1814 2334 C.
1829 2260 1971 2338 Marius

571 2363 718 2468 legatus
743 2388 834 2438 cum
870 2362 1064 2465 equitibus
1097 2362 1256 2437 curabat
1282 2397 1291 2437 ι
1315 2365 1359 2441 in
1383 2384 1593 2474 utrumque
1624 2373 1725 2452 lans
1753 2382 1970 2461 auxiliarios

571 2486 719 2589 equites
747 2484 912 2563 tribunis
944 2484 1139 2587 legionum
1161 2501 1202 2561 et
1229 2486 1413 2589 prefectis
1445 2491 1662 2573 cohortium
1692 2498 1976 2608 dispertiverat,

574 2624 621 2687 ut
634 2633 725 2683 cum
736 2605 797 2681 his
812 2606 989 2711 permixti
1007 2605 1153 2697 velites,
1171 2632 1414 2715 quocumque¹
1431 2618 1664 2712 accederent,
1678 2625 1871 2727 equitatus
1889 2631 1971 2708 bos-

577 2730 677 2805 tium
714 2728 992 2832 propulsarent
1047 2729 1144 2805 Nam
1183 2728 1227 2803 iu
1262 2734 1447 2838 Iugurtha
1472 2752 1603 2819 tantus
1639 2745 1753 2825 dolus
1790 2767 1970 2859 tantaque

575 2848 713 2958 peritia
731 2849 905 2928 locorum
926 2864 965 2926 et
982 2849 1130 2927 militiae
1157 2866 1257 2945 erat,
1286 2869 1332 2932 ut
1352 2857 1483 2936 absens
1501 2890 1552 2939 an
1569 2892 1753 2971 presens,
1773 2901 1908 2980 paoem
1922 2906 1970 2955 an

576 3076 612 3139 iu
629 3073 777 3139 Nantua
795 3078 954 3157 procedere
984 3074 1080 3138 Guell.
1096 3099 1142 3139 10.
1160 3078 1269 3141 deinde
1280 3082 1383 3163 pauct‘s
1396 3085 1458 3149 debs
1476 3088 1538 3151 Bes.
1550 3090 1580 3164 4.
1608 3097 1732 3160 mitom
1750 3102 1831 3180 (sina
1846 3108 1969 3187 copula)

572 3183 655 3244 Vnst.
665 3200 694 3241 a.
713 3178 833 3253 obviiex
843 3178 936 3241 Cottii
946 3176 1037 3240 libris,
1061 3182 1158 3243 Guelf.
1168 3205 1195 3249 1.
1206 3205 1238 3247 2.
1255 3184 1323 3247 Seu.
1334 3208 1361 3257 ι.
1380 3190 1447 3252 Vm.
1460 3215 1491 3257 a.
1503 3194 1565 3259 Bes.
1579 3219 1604 3258 ι.
1614 3200 1698 3261 Rem.
1711 3224 1737 3265 a.
1752 3208 1895 3270 accedunt
1905 3209 1968 3271 tun

573 3286 663 3351 Palat.
678 3307 706 3346 a.
727 3286 978 3367 quatuorWassii.
1009 3284 1091 3346 leid.
1107 3305 1135 3346 a.
1147 3285 1178 3349 b.
1192 3286 1224 3347 b.
1239 3289 1260 3349 i.
1273 3294 1294 3351 l.
1307 3312 1338 3357 n.
1355 3300 1433 3373 ‘quse
1450 3297 1633 3380 imperantur
1658 3308 1725 3369 San.
1745 3332 1771 3377 ι,
1797 3331 1863 3390 qaoe
1881 3313 1965 3392 impc-

573 3399 655 3450 raret
673 3390 758 3448 Rem.
775 3408 801 3447 ι.
830 3386 982 3447 incedebat
1001 3387 1113 3450 Leidl.
1139 3393 1218 3471 opud
1234 3394 1346 3474 primos
1361 3401 1459 3461 Messe
1477 3403 1558 3471 leid.
1570 3405 1598 3467 k.
1617 3430 1694 3472 unua
1707 3412 1823 3475 Wassii.
1841 3416 1923 3478 Bam.
1941 3438 1964 3477 ι.

572 3489 781 3572 dispertiverat
801 3491 904 3551 insert.
924 3512 949 3556 1.
975 3492 1112 3559 Semta.
1132 3494 1271 3557 tuma.
1292 3500 1411 3566 thd.
1431 3504 1528 3571 Guoll.
1544 3532 1573 3591 7.
1595 3531 1640 3573 ιι.
1655 3534 1702 3581 ιι.
1722 3516 1809 3580 Bem.
1820 3542 1847 3582 ι.
1866 3539 1964 3583 mmet

572 3592 659 3655 Rem.
672 3615 698 3653 1.
709 3615 780 3653 noaz
794 3594 946 3673 Ittgurthtt
964 3596 1031 3655 San.
1047 3618 1073 3656 ι.
1093 3597 1162 3658 vin.
1176 3620 1202 3659 1.
1223 3603 1321 3667 Gucll'.
1335 3628 1362 3666 1.
1382 3608 1464 3670 Febr.
1479 3631 1508 3671 a.
1525 3613 1607 3675 Leia.
1624 3619 1653 3678 k.
1665 3639 1696 3679 n.
1717 3632 1751 3683 ut
1762 3642 1832 3685 cum
1847 3625 1965 3700 hisTur.

572 3696 658 3758 Rem.
674 3718 701 3756 ι.
712 3698 742 3757 3.
761 3698 842 3758 Leid.
863 3718 1033 3777 quocunque
1053 3698 1134 3767 Cort.
1148 3716 1249 3766 contm
1262 3728 1363 3769 omnes
1379 3711 1475 3781 Codd.
1496 3718 1594 3780 inerat
1612 3723 1683 3785 vin.
1695 3744 1722 3786 a.
1742 3728 1824 3790 Vrat.
1840 3751 1869 3793 a.
1888 3742 1967 3793 tantu

570 3819 632 3879 per.
652 3800 722 3862 vin.
738 3822 763 3866 1.
784 3800 843 3861 aba.
854 3822 895 3860 an
905 3824 953 3881 pr.
974 3806 1096 3883 plurimi
1118 3806 1197 3875 Cort.
1219 3830 1321 3872 omnes
1334 3814 1417 3881 leid.
1436 3823 1476 3880 ita
1490 3822 1612 3885 Havete.
1631 3826 1694 3895 Bar.
1707 3853 1733 3890 1.
1753 3834 1856 3898 abeam
1871 3856 1908 3898 ac
1919 3860 1964 3920 pr.

454 3968 461 3987 Ι
573 3901 670 3964 Guell.
683 3903 711 3975 4.
732 3913 764 3962 ut
778 3905 878 3965 absens
897 3904 958 3964 Bas.
974 3927 999 3965 1.
1020 3906 1105 3966 Bem.
1117 3911 1180 3975 nt.
1199 3913 1281 3974 Leid.
1301 3916 1361 3978 abs.
1373 3928 1402 3980 ct
1411 3944 1460 4003 pr.
1478 3924 1575 3987 Guell.
1587 3950 1634 3989 to.
1654 3932 1714 3994 ahs.
1729 3943 1782 3996 sot
1791 3960 1841 4019 pr.
1860 3941 1928 4005 Sea.
1940 3962 1964 4003 ι.

572 4006 632 4071 ino.
645 4026 671 4071 a.
691 4006 751 4066 abs.
765 4007 809 4067 cel
815 4030 862 4088 pr.
883 4008 995 4069 Febris.
1015 4011 1099 4071 Rem.
1110 4034 1137 4074 2.
1157 4016 1225 4077 vin.
1242 4039 1269 4078 ι.
1289 4020 1386 4084 Guelf.
1401 4048 1428 4088 ι.
1448 4012 1527 4091 Vral.
1543 4052 1570 4092 1.
1592 4034 1655 4097 Bas.
1666 4038 1696 4109 4.
1715 4038 1788 4105 Tun,
1808 4046 1851 4108 11⁸
1863 4050 1963 4110 mljo.

572 4126 617 4173 tos
632 4108 753 4171 Palatio.
772 4110 805 4171 in
817 4115 916 4173 ceteris
930 4112 1035 4175 eadem
1048 4117 1179 4183 lectionis
1190 4121 1318 4189 varietas.
1337 4125 1371 4188 in
1383 4127 1443 4194 inc.
1462 4154 1586 4220 prepos.
1607 4158 1669 4209 om.
1681 4143 1781 4211 Guoll.
1798 4172 1826 4217 ι.
1838 4156 1867 4217 5.
1879 4176 1909 4238 9.
1922 4174 1962 4216 ιι.
