4050 5009
1605 420 1647 493 61

137 667 147 706 ἢ
248 605 343 674 enim
360 606 427 670 hoo
444 609 505 687 est,
523 596 728 686 raptrices,
748 598 812 663 ubi
827 598 924 663 nulla
942 596 1096 663 hostium
1111 598 1175 671 vis,
1187 600 1246 665 sed
1265 598 1368 687 fraus,
1386 606 1489 671 dolus
1505 618 1540 675 et
1555 614 1656 682 malas

248 723 337 781 artes
348 706 490 799 tyranm
505 714 817 775 commemorantur
826 710 842 771 i’
852 706 981 771 accedit
991 704 1100 793 ipsius
1110 706 1274 790 temporis
1281 709 1380 773 verbi
1390 710 1658 787 inconcinnitas.

250 822 319 888 Cur
345 818 434 883 enim
459 816 616 881 futurum
637 836 702 899 pro
730 820 897 900 praesenk
919 812 1099 898 positum?
1133 801 1393 897 quodquidam
1421 820 1550 887 vitium
1578 825 1659 891 tolli

247 932 377 1011 potest,
398 910 603 989 sitientium
626 921 735 987 secuti
760 928 909 1003 captum
932 914 987 984 ire
1008 922 1248 1000 emendamus3
1267 920 1332 986 ubi
1355 920 1440 991 licet
1460 930 1506 992 ad
1525 930 1659 997 Sullam

248 1031 481 1116 referendum,
502 1030 597 1113 quod
617 1026 702 1091 ferri
719 1032 832 1109 potest
849 1029 992 1109 propter
1013 1024 1208 1109 sequentia,
1229 1034 1263 1091 et
1276 1027 1419 1112 antiquo
1438 1032 1581 1100 dicendi
1597 1031 1680 1123 ge·'

249 1135 327 1203 neri
348 1134 518 1222 congruit.
547 1132 609 1197 cir.
632 1134 678 1195 ad
705 1128 805 1193 Catil.
824 1131 874 1191 36.
898 1128 1035 1192 audeat
1056 1130 1152 1193 haud
1173 1133 1278 1199 dubie
1297 1134 1501 1223 legendum,
1522 1143 1660 1207 audeas

250 1260 359 1305 novas
373 1242 457 1303 huic
475 1239 554 1302 loco
576 1236 731 1302 tenebras
753 1228 921 1315 offundir5
941 1235 1051 1299 multo
1072 1237 1197 1301 melius
1218 1238 1351 1304 audias
1369 1245 1430 1307 sed
1444 1266 1488 1309 ne
1501 1248 1567 1312 hoc
1580 1248 1661 1331 qui·

252 1349 331 1411 clem
353 1345 602 1429 incorruptum.
622 1336 734 1405 rideri
751 1336 903 1431 felicem
923 1342 1028 1407 etiam
1048 1346 1116 1407 hoc
1134 1366 1156 1408 a
1174 1345 1312 1433 vulgari
1330 1348 1472 1415 dicendi
1489 1371 1554 1415 usu
1572 1354 1660 1419 alie·

248 1470 354 1530 num;
375 1448 531 1534 quamvis
552 1447 648 1514 enim
676 1443 789 1513 videri
818 1448 942 1533 saepius
970 1470 1036 1533 pro
1064 1452 1172 1516 verbo
1201 1452 1427 1537 impersonali
1456 1467 1658 1545 usurpetur,

248 1558 298 1623 ita
323 1567 362 1622 ut
381 1556 591 1621 accusativus
613 1574 691 1619 cum
715 1552 891 1617 infinitiv'o
909 1574 973 1638 pro
994 1555 1210 1622 nominativo
1231 1567 1324 1623 recte
1341 1562 1439 1644 acqui
1462 1564 1586 1648 possit,
1607 1574 1660 1628 ta·

187 1650 192 1663 ’
249 1684 330 1729 men
350 1662 439 1727 mihi
454 1662 592 1746 quidem
609 1660 830 1725 durissimum
845 1660 1002 1744 videtur,
1024 1664 1252 1729 accusativum
1271 1686 1418 1752 ponere,
1432 1672 1656 1735 antecedente

251 1771 356 1836 verbo
382 1768 501 1848 finito,
535 1769 591 1833 cui
614 1768 700 1833 inest
722 1768 821 1833 notio
836 1766 999 1853 subjecti,
1019 1767 1183 1854 inprimis
1206 1790 1285 1834 cum
1308 1772 1476 1837 Salustius
1498 1794 1540 1837 ex
1563 1792 1659 1839 more

250 1877 448 1941 Graecorum
472 1876 595 1961 saepius
615 1874 868 1939 nominativum
890 1897 969 1938 cum
993 1874 1168 1940 infinitivo
1198 1896 1263 1961 pro
1292 1878 1485 1942 accusativo
1506 1887 1658 1963 usurpet.

161 1982 163 1987 ’
249 1984 368 2067 Neque
387 2004 464 2065 quae
483 1984 620 2049 Cottius
637 1981 805 2067 congessit
820 1982 914 2065 loca,
935 1981 1059 2044 Catull.
1071 1984 1110 2045 ll.
1127 1989 1210 2047 extr.
1232 1990 1266 2046 et
1284 1983 1417 2048 Gellius
1435 1988 1493 2051 lv.
1513 2006 1560 2046 ιι.
1579 2004 1660 2047 cum

129 2178 133 2189 .
156 2108 158 2111 ·
250 2096 368 2152 nostro
389 2092 636 2171 comparanda;
655 2087 798 2173 propius
817 2090 861 2149 ad
881 2090 972 2149 hanc
990 2087 1177 2151 verborum
1195 2095 1401 2151 structuram
1419 2092 1587 2151 accedunt
1602 2090 1659 2151 lo-

253 2190 433 2253 cutionum
459 2192 634 2269 exempla,
656 2210 733 2266 quae
753 2194 797 2247 ad
826 2194 928 2251 Catil.
953 2216 979 2253 ι.
1007 2193 1230 2271 collegimus3
1248 2192 1409 2252 usitatius
1428 2192 1549 2268 utique
1572 2199 1663 2255 erat:

251 2314 358 2376 quam
383 2296 509 2357 audeat
534 2310 670 2377 sperare
697 2297 827 2353 tantam
857 2286 1065 2351 felicitatem.
1093 2293 1140 2351 Ut
1161 2289 1270 2373 igitur
1290 2292 1402 2355 libere
1421 2292 1551 2375 dicam,
1567 2298 1663 2377 quod

249 2400 378 2483 sentio,
398 2400 473 2463 haec
500 2397 682 2481 periodus,
702 2394 733 2457 si
764 2394 883 2457 omnia
909 2412 992 2456 sana
1020 2402 1117 2475 sunt,
1156 2395 1246 2458 mihi
1280 2396 1422 2478 quidem
1453 2397 1663 2465 inconcinna
1732 2452 1737 2458 .

251 2513 285 2570 et
298 2506 474 2588 incompta
490 2502 648 2583 videtur;
670 2500 885 2565 commodius
903 2497 998 2563 enim
1018 2505 1068 2576 et,
1090 2507 1129 2564 ut
1147 2498 1197 2561 ita
1214 2500 1349 2584 dicam,
1366 2506 1550 2569 rotundius
1565 2505 1664 2571 finiri

248 2618 383 2694 poterat
405 2608 516 2674 oratio
535 2608 591 2673 his
611 2608 737 2701 verbis:
753 2614 1004 2691 exspectantes
1020 2604 1231 2691 capiamini.
1253 2630 1328 2691 qua
1341 2610 1460 2673 addita
1476 2619 1574 2687 sunt,
1589 2612 1663 2677 vim

250 2716 418 2782 orationis
435 2716 616 2803 frangunt,
639 2738 680 2781 eo
705 2716 814 2802 magis
830 2718 942 2799 quod,
959 2736 1037 2798 quaa
1058 2714 1248 2781 arctissime
1264 2715 1385 2797 juncta
1403 2726 1498 2796 sunt,
1519 2718 1663 2805 alienis,

252 2842 329 2904 quae
343 2822 548 2905 immiscuit,
570 2821 825 2907 disjunguntur.
847 2822 1015 2887 Salustius
1029 2822 1155 2907 igitur,
1173 2823 1244 2884 sive
1259 2823 1406 2886 consilio
1425 2823 1522 2905 feeit,
1542 2834 1581 2886 ut
1601 2814 1663 2887 ru0'

253 2928 333 2988 dem
354 2936 388 2991 et
411 2928 625 2990 inconditam
640 2928 764 3006 Lepidi
780 2926 974 2989 orationem
993 2928 1185 2998 mentisque
1206 2921 1444 3004 conlusionem
1460 2925 1664 3013 imitaretur,

254 3028 326 3093 sive
342 3028 416 3091 haec
430 3028 463 3090 ei
477 3025 588 3088 invito
602 3024 799 3087 exciderunt
806 3065 817 3103 ,
842 3031 877 3084 et
900 3040 1082 3085 numerum
1104 3022 1311 3111 oratorium,
1330 3037 1363 3092 et
1373 3030 1558 3093 verborum
1579 3050 1665 3095 con·

253 3131 457 3197 cinnitatem
475 3128 582 3193 nimis
598 3126 760 3213 neglexit.
781 3127 1082 3191 commaculatos.
1098 3128 1223 3192 dixerit
1239 3131 1367 3214 aliquis
1378 3136 1660 3219 praepositionem

251 3240 287 3303 h.
306 3241 332 3303 l.
356 3236 561 3327 primariam
576 3232 868 3322 significationem
888 3231 1054 3316 retinere,
1080 3242 1114 3295 et
1135 3233 1267 3297 Sullam
1285 3236 1389 3299 simul
1407 3237 1579 3324 intelligi,
1599 3246 1661 3309 sed

252 3367 333 3412 usus
351 3344 521 3430 loquendi
547 3342 618 3409 alia
647 3342 776 3409 suadet.
809 3337 870 3402 cfr.
893 3358 997 3423 supra
1019 3339 1098 3425 Jug.
1123 3360 1151 3402 c.
1184 3359 1254 3409 roa.
1275 3342 1346 3410 Cic.
1365 3364 1430 3428 pro
1457 3346 1564 3409 Caelio
1582 3368 1622 3433 c..
1633 3372 1662 3431 7.

255 3456 504 3519 commaculare
527 3470 563 3516 se
583 3448 726 3513 ambitu.
752 3456 785 3511 et
816 3448 841 3509 t
862 3446 923 3530 Ep.
946 3448 989 3509 de
1009 3447 1095 3531 Rep.
1115 3448 1200 3510 Ord.
1221 3451 1265 3511 ad
1284 3450 1450 3515 Cesaram
1473 3472 1502 3515 c.
1520 3468 1559 3533 4,·
1579 3473 1665 3536 quo·

255 3580 333 3624 rum
359 3560 497 3644 flagitiis
516 3556 821 3621 commacularetur
836 3554 1010 3637 bonorum
1031 3554 1140 3637 laus*
1160 3544 1290 3618 similia
1307 3566 1395 3621 sunt·
1408 3553 1573 3641 impurus
1593 3561 1663 3625 Cat.

258 3668 307 3730 15.
325 3663 479 3751 pollutus
498 3664 626 3727 Seneca
653 3664 754 3727 Herc.
775 3662 854 3724 Fur.
879 3663 966 3723 ratis.
988 3658 1061 3722 cic.
1080 3680 1143 3743 pro
1164 3661 1277 3723 Domo
1306 3682 1336 3741 9.
1365 3664 1471 3727 homo
1494 3666 1663 3730 contami·

256 3770 463 3837 natissimus.
491 3770 638 3833 Tarulae
654 3769 873 3856 Scyrtaque,
894 3768 968 3831 hac
988 3782 1070 3828 vera
1089 3763 1264 3830 scribendi
1283 3766 1390 3853 ratio,
1409 3790 1487 3851 quaa
1507 3779 1541 3835 et
1562 3772 1666 3837 Codi-

257 3899 334 3942 cum
349 3874 553 3941 auctoritate
570 3882 603 3937 et
625 3874 778 3939 editione
793 3872 951 3957 principe
972 3879 1006 3935 et
1027 3870 1252 3956 inscriptione
1270 3876 1362 3958 apud
1381 3876 1566 3940 Gruterum
1583 3896 1662 3960 pag.

257 3984 329 4061 ⁶84.
343 4004 377 4046 n.
388 3986 417 4046 5.
438 3980 669 4046 confirmatur.
686 3975 871 4069 Fufidius:
892 3976 953 4042 cir.
963 3996 1065 4062 supra
1078 3998 1156 4063 pag.
1171 3981 1201 4042 6.
1216 3999 1257 4043 co
1274 3989 1412 4045 auctore
1426 3983 1548 4063 (Floro
1567 3984 1597 4042 ³.
1611 3997 1662 4041 ar.
1730 4036 1733 4039 ,

258 4095 294 4155 et
310 4087 433 4150 Orosio
454 4093 482 4153 5.
506 4107 543 4152 ar
579 4083 737 4169 testibus)
759 4086 855 4149 Sulla
878 4084 1141 4169 proscriptionis
1162 4086 1315 4149 tabulam
1335 4093 1578 4173 proposuerat,
1605 4101 1662 4145 ce·

255 4200 371 4259 terum
390 4196 482 4278 apud
510 4202 696 4275 utrumque
720 4212 901 4277 perperam
919 4186 1105 4276 Furfidr'us
1134 4202 1308 4257 exaratum
1335 4202 1402 4277 est,
1431 4193 1525 4272 quod
1550 4204 1662 4251 emen

250 4284 410 4368 ¹claudum
429 4304 501 4369 esae'
515 4300 590 4381 jam
609 4297 720 4371 v.c1.
738 4294 897 4365 Dukerua
914 4299 959 4362 ad
975 4297 1121 4363 Florum
1143 4297 1211 4366 ll.
1230 4300 1363 4383 docuit,
1384 4291 1524 4389 ancilla
1542 4290 1663 4377 turpis
