4050 5009
379 401 453 490 332

381 609 485 676 tnode
511 601 738 670 illustrenlur.
776 597 954 681 Ejusmodi
973 597 1049 666 haec
1068 609 1169 665 sunt:
1195 597 1392 667 Pronomen
1421 598 1460 666 in
1482 617 1589 674 accus.
1611 605 1786 675 Infinitivo

382 716 566 792 omissum,
595 711 690 793 quod
720 716 752 772 ct
782 710 875 793 apud
901 707 1072 792 optimum
1096 727 1269 790 quemque
1297 709 1498 794 scriptorem
1531 713 1700 797 occurrit,
1729 735 1787 781 ne·

382 803 451 903 qne
472 839 514 884 ex
535 818 673 899 Graeeo,
693 816 754 880 sed
773 834 793 877 a
814 811 1027 900 negligentia
1053 813 1201 895 quadam
1229 816 1453 896 repetendum
1482 825 1541 880 est.
1581 819 1710 884 Eadem
1739 831 1788 886 est

381 926 471 990 ratio
483 921 653 987 Infinitivi
672 940 737 1004 pro
757 918 936 1006 gerundiis
956 917 1085 1002 positi;
1106 919 1277 982 diversam
1297 920 1448 984 enimin
1469 921 1524 985 his
1544 923 1657 992 verbis
1677 934 1789 990 struc-

382 1041 497 1096 turum
525 1047 597 1094 esse
625 1029 839 1091 statuendam
868 1043 972 1109 supra
1002 1023 1163 1088 vidimus.
1212 1022 1324 1088 Etiam
1361 1027 1523 1091 adverbia
1551 1045 1615 1112 pro
1647 1031 1788 1110 adjecti·

381 1139 435 1202 ris
465 1153 597 1221 ponere
622 1152 695 1196 non
722 1131 836 1195 minus
862 1133 956 1214 apud
980 1137 1111 1195 veteres
1131 1129 1270 1195 Latinos
1296 1131 1477 1216 scriptores
1502 1133 1662 1199 usitamm
1682 1159 1787 1219 quam

296 1255 303 1267 ·
381 1245 476 1328 apud
495 1243 649 1321 Graecos,
670 1247 704 1302 et
724 1243 901 1330 structure
920 1235 1125 1321 simplicitas
1139 1235 1236 1320 lacit,
1256 1245 1293 1299 ut
1313 1237 1540 1304 imitationem
1561 1249 1709 1307 statuere
1730 1245 1788 1307 vir

379 1351 494 1415 liceat.
525 1348 593 1412 Sed
612 1346 758 1409 varietas
777 1350 953 1407 structurae
975 1342 1014 1405 in
1034 1340 1181 1427 singulis
1201 1342 1370 1426 orationis
1389 1346 1552 1409 membris
1572 1355 1606 1410 ct
1625 1349 1786 1432 inprimis

381 1457 422 1518 in
442 1452 611 1540 oppositis
629 1451 756 1516 rectius
776 1453 821 1513 ad
840 1448 1016 1532 scriptoris
1043 1447 1225 1534 ingenium
1248 1471 1353 1532 quam
1378 1453 1422 1513 ad
1447 1451 1675 1518 imitationem
1697 1455 1788 1519 rele-

382 1581 446 1629 sas.
486 1562 696 1643 Temporum
717 1555 915 1641 endingen,
943 1573 1048 1637 quam
1071 1554 1208 1639 dicunt,
1241 1557 1374 1619 nullam
1394 1575 1483 1640 esse,
1511 1559 1633 1640 saepius
1654 1579 1785 1624 memo-

381 1660 502 1733 ratum.
544 1667 663 1744 Neque
691 1661 795 1740 hujus
822 1661 875 1726 rei
899 1662 1094 1746 exemplum
1123 1681 1143 1725 a
1168 1663 1374 1746 Thucydide
1393 1663 1467 1746 peti
1486 1673 1629 1746 poterat.
1669 1666 1787 1729 Minus

383 1772 487 1837 etiam
507 1768 656 1855 singulis
674 1767 887 1832 dictionibus
906 1768 1130 1832 tribuendum
1152 1776 1217 1851 est,
1238 1785 1314 1850 quse
1335 1769 1373 1830 in
1392 1777 1537 1850 utreque
1550 1770 1672 1856 lingua
1692 1771 1788 1835 simi-

382 1862 436 1943 le's
460 1876 577 1939 multae
605 1883 845 1958 numerantur,
873 1875 1027 1939 sednon
1048 1881 1117 1936 tam
1146 1891 1188 1937 ex
1208 1870 1405 1938 imitatione
1425 1895 1527 1956 quem
1548 1896 1589 1939 ex
1611 1879 1787 1941 communi
1887 1945 1892 1954 ,

382 1982 480 2048 fonte
499 1985 672 2046 fluxerunt
690 2003 723 2043 v.
746 2001 774 2044 e.
785 1974 924 2070 fugam
934 1973 1071 2067 facere
1088 1948 1378 2086 thttigpim
1396 1979 1526 2045 bellum
1540 2001 1681 2046 sumere
1692 1984 1724 2046 l.
1735 1987 1786 2059 43.

383 2064 559 2167 οἵρῑςθῦῑί
580 2087 620 2151 in
640 2083 783 2151 incerto
804 2083 962 2150 habuere
983 2087 1021 2148 G.
1042 2101 1091 2162 4²·
1111 2065 1143 2142 ἰν
1162 2055 1280 2169 &wippo
1300 2095 1422 2160 ειχοπο
1442 2089 1505 2151 Th.
1526 2089 1553 2150 Ῑ.
1574 2091 1625 2150 25.
1647 2089 1685 2150 in
1710 2111 1788 2154 ma·

375 2195 444 2293 jus
465 2193 649 2260 celebrere
670 2196 702 2256 J.
723 2195 773 2275 7⁵·
793 2160 897 2248 ἶπῖτδ
949 2170 1010 2264 ῗζθν
1029 2172 1222 2274 mpsim,
1243 2193 1355 2256 Thuc.
1370 2196 1396 2257 1.
1413 2211 1466 2255 uo.
1488 2209 1538 2260 ur.
1569 2194 1788 2258 documenta

381 2303 459 2366 hoec
478 2299 592 2365 tabeo
614 2301 651 2362 C.
672 2320 702 2380 9.
720 2200 1244 2409 mpipuviiixapoiheypaist
1267 2295 1447 2388 Confecto
1464 2295 1597 2380 proelio
1613 2308 1690 2363 tum
1705 2322 1785 2366 uero

380 2377 545 2464 σ’πελθῶν
563 2434 615 2450 -
632 2379 790 2462 imi-90
807 2380 844 2473 tin
864 2403 927 2467 Th.
947 2406 975 2468 1.
996 2426 1046 2487 9¹·
1082 2403 1148 2468 Sed
1168 2423 1282 2486 neque
1301 2405 1547 2490 particularum
1574 2427 1672 2470 usum
1694 2411 1787 2493 apud

382 2512 571 2577 Salustium
593 2532 635 2576 ex
653 2511 859 2596 Thucydide
878 2509 1088 2594 illustrabis,
1118 2530 1231 2593 neque
1257 2510 1356 2574 illem
1376 2511 1575 2576 brevitatem
1599 2515 1641 2576 ab
1664 2517 1787 2580 eodem

381 2621 526 2704 petitam
541 2617 810 2691 demonstrabis,
829 2619 889 2680 sed
902 2616 1032 2680 similia
1045 2636 1117 2680 esse
1133 2637 1206 2679 non
1222 2617 1427 2700 negaverim.
1447 2621 1498 2679 lta
1513 2619 1738 2682 antithesium
1749 2628 1787 2683 ut
1862 2609 1865 2614 ¹

382 2729 476 2810 apud
495 2725 680 2789 Salustium
699 2723 748 2786 ita
766 2722 861 2804 apud
869 2719 1109 2804 Thucydidem
1130 2719 1300 2797 studium,
1321 2723 1380 2785 sed
1400 2721 1448 2784 ita
1463 2722 1595 2786 ferebat
1608 2723 1788 2807 utriusque

384 2832 565 2919 ingenium
593 2837 697 2913 atque
722 2838 854 2893 natura.
892 2825 1043 2889 Summis
1069 2824 1178 2912 igitur
1201 2825 1364 2890 laudibus
1384 2838 1527 2893 ornetur
1545 2831 1786 2916 Thucydides,

384 2958 430 3004 ne
454 2950 568 3007 tamen
587 2937 801 3005 imitatorum
823 2940 922 3001 servo
943 2932 1063 3019 pecori
1084 2931 1224 2997 Salustii
1248 2953 1376 3000 nomen
1395 2935 1638 3001 adscribamus.
