4050 5009
1492 389 1498 398 ’
1554 408 1626 484 325

221 601 296 665 Vst.
318 617 348 666 s.
368 605 400 668 J·
419 599 468 664 66.
491 619 572 681 quoe
591 594 716 665 anina
738 594 908 689 agitabat
930 603 981 666 tls.
1000 599 1144 664 advorss
1159 608 1256 662 sunt.
1270 603 1306 664 c.
1326 605 1375 667 to.
1397 601 1626 674 tenebantur.

223 716 255 771 J.
273 707 324 768 85.
346 702 472 789 adepti
491 713 579 770 sunt
600 707 649 785 54.
670 725 746 788 quae
764 707 853 770 levia
871 714 967 770 sunt.
990 710 1041 786 76.
1062 703 1193 789 quippe
1213 701 1277 786 qui
1294 703 1428 771 vicerat
1453 713 1521 774 106.
1544 733 1627 795 pro-

224 808 308 872 ditis
328 829 418 891 quos
439 810 594 874 ducebat
615 847 657 864 —
670 810 899 892 quamobrem
909 816 959 875 38.
975 810 1080 876 verba
1098 812 1263 874 clausum
1276 817 1376 874 tenet
1386 832 1451 895 pro
1467 835 1549 879 vera
1559 817 1629 880 lec·

225 913 321 978 tione
344 915 505 978 habenda
525 923 614 982 sunt.
656 915 766 978 Etiam
789 916 926 978 deseret
950 931 1000 988 42.
1022 914 1239 978 hauddubie
1257 933 1377 978 sanum
1400 924 1459 983 est.
1484 919 1534 982 Eo
1556 939 1629 984 ma-

226 1019 279 1103 gis
304 1015 448 1096 mimus,
462 1041 534 1084 uno
553 1021 632 1084 loco
654 1019 750 1098 Conj.
774 1039 839 1102 pro
859 1018 929 1082 ind
948 1019 1100 1104 positum
1119 1039 1191 1084 csse
1214 1022 1250 1082 C.
1275 1035 1326 1102 49.
1349 1042 1431 1104 quae
1456 1021 1628 1092 dicerent.

227 1121 287 1186 cir.
309 1125 440 1208 Zumpt.
457 1123 488 1207 §-
511 1126 560 1204 78.
582 1149 611 1207 7.
635 1145 663 1186 c.
685 1125 784 1190 Δανα.
804 1141 834 1186 2.
849 1145 884 1208 p.
908 1129 979 1206 391.
1001 1126 1062 1187 Ed.
1082 1127 1144 1188 111.
1183 1125 1453 1210 congruentiam
1479 1127 1632 1212 partium

228 1205 396 1292 orationis
416 1231 512 1309 quod
531 1225 670 1306 attinet,
690 1228 814 1312 sepius
834 1248 855 1291 a
876 1229 1012 1314 uulgari
1035 1249 1099 1292 usu
1117 1230 1286 1312 loquendi
1309 1231 1438 1296 recedit
1455 1215 1632 1297 Salustius.

228 1333 304 1394 lam
324 1331 476 1415 primum
492 1353 601 1416 pars,
621 1329 774 1414 reliqui,
798 1330 960 1416 partim,
979 1334 1065 1418 alia,
1082 1332 1278 1418 pars-alii,
1299 1335 1521 1420 pars-multi
1538 1359 1633 1402 com·

229 1457 358 1519 ponere
378 1437 413 1501 ei
436 1438 605 1518 solemne3
637 1437 699 1502 cir.
718 1441 794 1501 Ind.
816 1447 851 1504 et
875 1440 955 1506 add.
985 1451 1085 1520 .1.ι9.
1111 1455 1160 1524 74.
1178 1443 1229 1504 85.
1251 1443 1300 1522 89.
1321 1443 1358 1504 C.
1379 1445 1428 1516 48.
1446 1445 1495 1506 60.
1517 1451 1635 1507 ruunt

225 1561 317 1624 pars
339 1562 474 1630 magna
497 1545 540 1604 H.
565 1559 594 1606 s.
616 1545 665 1616 sl.
689 1544 831 1607 nomina
848 1543 1028 1609 collectiva
1049 1544 1197 1629 pluralis
1217 1545 1389 1628 sequitur:
1407 1569 1500 1629 pars
1514 1555 1635 1612 osten·

231 1653 354 1709 lantes
374 1657 407 1713 J.
430 1651 480 1713 ils.
501 1669 535 1731 μ.
556 1647 682 1727 objecti
706 1651 752 1716 rt.
773 1671 806 1732 p.
829 1649 945 1713 edocti
967 1651 1018 1718 66.
1041 1671 1178 1738 magna
1189 1671 1282 1732 pars
1299 1648 1481 1714 volnerati
1497 1653 1548 1714 58.
1569 1669 1635 1734 po·

132 1789 135 1801 ·
230 1751 316 1833 pulo
336 1753 377 1812 R.
397 1752 524 1816 melius
538 1751 664 1837 uisum,
686 1751 804 1816 tutius
818 1751 899 1818 rati
912 1761 977 1818 etc.
990 1756 1134 1838 proles,
1151 1749 1272 1843 geniti
1289 1757 1332 1822 H.
1349 1758 1376 1822 Ι.
1396 1757 1444 1818 sb.
1465 1758 1525 1819 sed
1540 1755 1635 1838 prio·

232 1855 328 1918 ribus
344 1854 430 1919 locis
444 1857 587 1920 verbum
605 1858 695 1941 plur.
715 1858 922 1942 antecessit‚,
934 1859 1037 1924 tertio
1057 1862 1136 1923 loco
1149 1860 1270 1942 plebes
1283 1861 1520 1944 praepositum,
1542 1861 1638 1941 quod

233 1961 336 2024 etiam
347 1971 379 2027 J.
396 1963 445 2042 78.
457 1981 535 2024 cum
545 1963 652 2026 verbo
661 1963 789 2045 plurali
797 1963 955 2042 junctum
971 1973 1030 2028 est.
1043 1967 1094 2028 lta
1107 1981 1157 2042 4ι.
1172 1986 1318 2048 coepere,
1332 1962 1639 2047 nobilitas,popu-

236 2065 302 2140 Ius,
318 2064 381 2126 ubi
398 2065 557 2128 usitatior
573 2075 645 2128 crat
661 2065 856 2153 singularis,
877 2069 912 2132 C.
921 2089 950 2149 7.
960 2064 1143 2153 juventus,
1160 2078 1252 2142 crat,
1269 2069 1440 2140 discebat,
1455 2069 1641 2144 habebant3

237 2174 284 2230 sl.
303 2168 467 2234 nobilitas
489 2171 652 2234 aestuabat
669 2179 703 2234 et
722 2170 934 2244 credebant,
954 2173 1013 2232 sed
1030 2167 1102 2232 sibi
1118 2167 1268 2252 quisque
1285 2169 1458 2252 sperabat
1468 2179 1527 2234 est.
1540 2173 1576 2232 C.
1586 2176 1637 2249 37.

236 2283 388 2356 uterque
406 2272 596 2339 exercebat
614 2289 664 2353 49.
688 2271 794 2339 collis
808 2294 916 2356 quam
932 2269 1054 2355 campi
1061 2268 1208 2360 suerat.
1231 2284 1264 2340 J.
1284 2275 1332 2335 io.
1353 2274 1488 2337 cariora
1502 2275 1635 2359 omnia,

237 2397 339 2459 quam
352 2379 454 2442 decus
463 2386 565 2458 atquc
575 2373 838 2468 pudicitiafuit3
855 2381 925 2442 duo
934 2377 1145 2442 substantiva
1154 2377 1244 2442 ioem.
1252 2388 1411 2442 neutrum
1422 2378 1512 2463 plur.
1526 2380 1641 2461 scqui-

238 2493 302 2546 tur.
314 2485 372 2548 ira
382 2492 496 2565 atque
505 2484 687 2572 agritudo
694 2482 883 2568 permixta
894 2491 983 2552 sunt.
997 2495 1031 2550 J.
1045 2486 1095 2552 68.
1108 2479 1285 2550 uelocitas
1295 2491 1331 2548 et
1343 2485 1446 2573 regio
1460 2493 1640 2549 —tutata

237 2597 318 2652 sunt
331 2591 381 2652 5².
401 2587 516 2653 virtus
521 2589 689 2677 fidesque
704 2599 821 2656 vestra
836 2599 1003 2676 spectata
1020 2590 1143 2656 forent.
1160 2593 1197 2659 C.
1214 2609 1263 2654 so.
1281 2589 1403 2653 latitia
1416 2598 1520 2671 atque
1540 2589 1640 2654 lasci-

236 2695 293 2757 via
305 2733 347 2748 -
362 2717 442 2776 quoe
455 2709 632 2780 pepererat
646 2701 697 2760 δι.
715 2717 831 2763 aarum
852 2717 967 2762 rerum
974 2739 986 2772 ,
1007 2717 1086 2779 quae
1093 2696 1208 2781 prima
1218 2699 1349 2760 ducunt
1364 2690 1395 2759 J.
1410 2712 1462 2773 4ι.
1472 2697 1641 2760 bumana·

238 2819 315 2862 rum
330 2818 439 2860 rarum
453 2799 591 2860 fortuna
606 2803 769 2880 pleraque
784 2805 873 2882 regit
892 2813 924 2864 J.
939 2819 1006 2860 sor.
1024 2804 1074 2860 ita
1089 2803 1311 2861 confirmatur
1331 2800 1435 2861 lectio
1456 2806 1506 2879 37.
1519 2800 1640 2882 picem

238 2901 412 2982 sulphure
422 2908 457 2962 et
465 2902 561 2962 tarda
573 2897 727 2964 mixtam
736 2898 918 2963 ardentia.
928 2898 1034 2960 Aliud
1042 2900 1235 2980 exemplum
1244 2916 1295 2976 49.
1311 2897 1641 2985 ιμαίαίᾳαοαίμηα...

239 3003 421 3069 obscurati.
434 3003 628 3067 Relativum
640 3007 683 3067 ad
694 3021 831 3068 sensum
842 3001 1053 3066 construitur
1064 3004 1115 3064 66.
1139 3001 1356 3084 Vacemus,
1376 3021 1465 3084 quo;
1484 3006 1519 3065 C.
1538 3007 1586 3066 18.
1599 3043 1641 3057 .-

241 3106 489 3200 Conjuvarere
496 3104 626 3192 pauci,
640 3110 682 3172 de
693 3131 766 3192 qua
776 3119 809 3174 J.
822 3125 867 3183 st.
878 3102 1012 3170 familia
1027 3116 1151 3188 nostra,
1164 3125 1310 3187 quorum
1322 3117 1383 3170 etc.
1396 3111 1447 3186 95.
1462 3109 1643 3194 equitatus,

240 3235 327 3298 quos
344 3234 411 3277 roo.
433 3210 634 3296 diffidentia
645 3209 795 3306 futuri,
817 3233 898 3296 quoe
919 3209 1164 3295 imperavisset
1183 3247 1224 3260 —
1243 3212 1398 3288 servitia3
1421 3211 1516 3291 cujus
1535 3217 1571 3276 C.
1592 3217 1641 3282 56.

107 3383 115 3399 ,
241 3323 286 3385 ad
306 3319 471 3384 remotius
488 3319 578 3399 subj.
598 3321 780 3385 relativum
801 3318 948 3386 refertur
967 3329 1068 3394 1.,94.
1095 3312 1186 3399 quid
1206 3313 1406 3400 reliquum,
1427 3313 1501 3380 nisi
1518 3316 1569 3382 vis
1591 3341 1643 3382 ve·

241 3433 332 3500 stra,
353 3445 423 3508 quo
438 3425 568 3488 morari
581 3425 714 3509 possiti
733 3421 953 3490 nominativi
971 3405 1143 3506 absoluti,
1162 3421 1225 3503 qui
1244 3423 1383 3506 dicitur,
1402 3443 1511 3485 unum
1532 3443 1644 3488 exem·

241 3530 336 3615 plum
359 3533 408 3593 66.
436 3531 656 3606 Vaccenses,
683 3550 754 3611 quo
784 3526 1020 3611 -principes
1041 3524 1201 3590 civitatis
1223 3536 1284 3589 etc.
1323 3529 1391 3590 Sed
1411 3529 1536 3592 rectius
1557 3528 1645 3606 ejus-

242 3635 340 3700 modi
365 3644 533 3699 structura
561 3629 803 3717 Epanalepsis
831 3631 886 3696 vel
914 3629 1078 3694 resumtio
1103 3629 1248 3705 dicitur3
1279 3651 1426 3714 persona
1453 3634 1547 3696 enim
1577 3635 1645 3698 mi·

242 3761 307 3806 uus
326 3739 602 3822 accuratedicta,
622 3736 660 3800 in
680 3736 902 3819 sequentibus
923 3737 1045 3798 eodem
1066 3752 1158 3816 casu,
1176 3735 1237 3797 sed
1258 3725 1461 3820 diligentius
1481 3739 1644 3823 exprimi·

243 3856 318 3929 tur,
340 3845 405 3909 toti
424 3844 517 3908 enim
539 3841 671 3906 civitati
691 3851 823 3925 partem
845 3839 1030 3904 substituit.
1052 3837 1113 3900 clr.
1133 3840 1340 3935 llamsborn.
1360 3839 1386 3925 ς.
1410 3845 1480 3904 206.
1501 3847 1537 3906 B.
1557 3849 1586 3906 6.
1607 3844 1644 3927 θ)
1727 3867 1732 3878 ’

243 3951 403 4015 Ceterum
420 3957 525 4013 totam
541 3946 768 4031 appositionis
783 3947 950 4010 rationem
965 3947 1058 4029 apud
1069 3944 1257 4008 Salustium
1266 3945 1432 4011 latissime
1444 3959 1568 4032 patere,
1572 3948 1645 4025 jam
1748 4017 1755 4024 ,
1775 4014 1785 4030 ,

244 4055 328 4120 inde
348 4053 469 4138 colligi
494 4062 623 4136 potest,
655 4055 750 4133 quod
772 4052 921 4134 plurima
942 4054 1063 4114 cadem
1083 4044 1390 4134 comprehensione
1410 4051 1643 4134 complectis.

245 4179 346 4240 quam
368 4159 514 4222 maxime
534 4157 701 4222 studebat.
722 4155 883 4238 Exempla
904 4155 1046 4218 laudare
1066 4155 1118 4218 nil
1139 4155 1272 4218 attinet.
1302 4159 1342 4217 ln
1365 4153 1522 4220 Genitivi
1539 4164 1647 4218 struc-

246 4273 320 4328 tura
348 4265 520 4330 notandus
549 4261 812 4342 adjectivorum,
843 4261 1048 4341 quibuscum
1070 4259 1129 4324 bic
1147 4279 1246 4324 casus
1261 4260 1436 4345 jungitur,
1465 4281 1643 4342 numerum
