4050 5009
1602 393 1641 442 11

238 555 303 633 sed
323 554 382 631 vel
402 552 519 629 bsrius
535 551 627 629 libri
645 577 784 655 magna
801 550 1057 629 inconstantia
1078 567 1116 627 et
1132 550 1267 657 saepius
1287 548 1486 655 antiquior
1506 547 1641 639 lomna,

237 704 355 782 quam
381 678 536 767 dicunt,
562 705 584 751 a
603 675 770 753 secunda
790 702 912 752 manu
929 675 1092 779 reposita
1111 690 1173 751 est
1209 675 1454 751 Accusativus
1466 671 1642 779 pluralis,

236 802 279 879 in
300 808 332 879 is
358 802 488 892 flexus,
509 800 632 875 rarius
655 800 811 906 legitur,
837 826 956 904 quare
976 797 1080 875 hanc
1109 799 1272 876 formam
1293 799 1438 903 ubique
1457 822 1641 904 reponere

236 954 318 1003 non
338 952 449 1003 ausus
474 950 579 1018 sum;
601 950 727 1029 neque
748 924 963 1029 putaverim
988 924 1119 999 omnia
1143 924 1320 1014 nomina,
1345 950 1513 1029 quorum
1537 922 1640 1029 geni-

236 1053 334 1127 tivus
362 1050 522 1155 pluralis
548 1050 590 1125 in
609 1057 683 1125 ium
707 1049 872 1140 desinat,
897 1049 951 1125 ita
975 1049 1124 1152 ubique
1149 1074 1224 1125 esse
1243 1046 1477 1125 inclinanda.
1527 1050 1641 1123 Recte

235 1176 341 1251 enim
360 1174 434 1249 hac
457 1174 505 1250 de
522 1200 565 1249 re
582 1174 801 1279 praecepisse
823 1172 921 1249 mihi
940 1172 1093 1250 videtur
1111 1170 1286 1249 Valerius
1305 1172 1468 1261 Probus,
1491 1171 1560 1274 qui
1581 1170 1640 1247 in·

237 1316 446 1403 terrogatus
459 1302 575 1375 hasne
590 1298 691 1377 urbis
712 1325 763 1374 an
777 1302 847 1375 lras
866 1298 974 1375 urbes
991 1298 1069 1375 dici
1090 1312 1280 1401 oporteret
1287 1320 1299 1389 3
1325 1296 1375 1387 „si
1397 1312 1466 1372 aut
1479 1320 1639 1385 versum,

238 1423 385 1525 inquit,
408 1422 563 1526 pangis,
588 1438 658 1497 aut
682 1422 894 1498 orationem
909 1422 1076 1499 solutam
1096 1421 1228 1514 struis,
1251 1438 1368 1527 atqm
1386 1447 1429 1497 ea
1454 1420 1567 1497 verba
1582 1420 1640 1495 di-

236 1544 357 1621 cenda
387 1563 508 1637 sunt,
543 1573 624 1620 non
656 1545 847 1623 finitiones
875 1546 960 1621 illas
988 1546 1261 1652 praerancidas,
1294 1572 1418 1650 neque
1442 1544 1639 1620 foecutinas

235 1669 498 1775 grammaticas
516 1669 750 1773 spectaveris,
767 1669 833 1746 sed
845 1694 979 1747 aurem
997 1686 1106 1746 tuam
1118 1670 1326 1777 interroga,
1350 1697 1428 1773 quo
1444 1664 1540 1773 ¹quid
1555 1668 1639 1745 loco

236 1794 440 1869 conveniat
457 1793 603 1886 dicere3
630 1792 736 1895 quod
756 1794 823 1870 illa
842 1794 1018 1884 suaserit,
1041 1794 1082 1871 id
1106 1792 1276 1899 profecto
1295 1794 1554 1870 rectissimum.
1573 1792 1639 1891 4)”

237 1917 350 1993 Unde
367 1932 473 2022 patet
491 1942 572 1993 non
593 1916 709 1993 modo
735 1918 914 2023 antiquos
927 1919 1103 2009 Criticos,
1116 1918 1179 1993 sed
1206 1918 1303 2022 ipsos
1328 1935 1499 1993 auctores
1520 1916 1639 1992 maxi-

237 2070 298 2119 me
311 2042 361 2119 ad
377 2042 531 2117 aurium
543 2041 730 2118 iudicium
742 2040 824 2117 hoec
837 2043 1015 2119 retulisse
1040 2044 1137 2119 Nam
1150 2042 1282 2119 eodem
1296 2042 1381 2117 loco
1396 2042 1546 2145 aliquot
1557 2068 1640 2118 ver·

237 2192 299 2243 sus
323 2195 370 2243 ex
385 2166 537 2269 Virgilii
553 2165 788 2241 carminibus
809 2164 1041 2258 laudantur,
1061 2166 1129 2243 uhi
1151 2182 1189 2243 et
1206 2194 1244 2242 es
1261 2168 1404 2242 atisin
1425 2168 1638 2244 accusativo

237 2290 381 2395 plurali
401 2290 616 2396 promiscue
630 2289 751 2395 posita
763 2306 868 2381 sunt,
884 2290 993 2366 nulla
1011 2291 1086 2366 alia
1108 2290 1242 2367 iudicii
1259 2290 1488 2387 subtilitate,
1504 2292 1577 2369 nisi
1595 2308 1641 2367 ut

237 2416 322 2493 soni
344 2416 568 2491 suavitatem
593 2432 632 2489 et
661 2414 858 2520 propriam
877 2414 919 2491 in
946 2441 1180 2519 quocunque
1197 2414 1299 2491 vocis
1324 2416 1402 2491 situ
1422 2415 1641 2491 iucundita-

240 2558 317 2617 tem
333 2554 592 2643 sequerentur.
636 2540 767 2641 Neque
787 2539 1141 2645 antiquissimarum
1170 2538 1466 2646 inscriptionum
1495 2540 1640 2619 diversa

240 2681 296 2741 est
315 2664 432 2754 ratio,
454 2664 524 2739 ubi
542 2664 694 2753 classes,
716 2664 860 2756 elassis,
875 2667 1027 2740 classeis
1045 2664 1140 2761 (acc
1164 2663 1288 2766 plur.)
1314 2664 1472 2740 variant
1511 2667 1643 2770 Neque
1770 2690 1773 2710 ·

242 2788 457 2895 negaverim
486 2804 615 2863 nostra
631 2804 740 2863 aetate
757 2788 912 2864 aurium
931 2788 1119 2865 iudicium
1137 2815 1277 2893 parum
1297 2806 1440 2865 certam
1461 2814 1535 2865 esse
1552 2817 1642 2866 nor-

240 2941 345 2990 mam
367 2913 565 3017 scripturae
580 2910 823 3009 (nostrorum
844 2912 948 2988 enim
970 2911 1177 2988 hominum
1198 2938 1307 2989 aures
1329 2940 1409 2989 non
1434 2915 1522 2989 satis
1544 2916 1643 2991 tritas

242 3054 359 3142 atque
386 3034 591 3140 religiosae>
617 3032 706 3126 sed,
729 3034 852 3111 donec
876 3020 1006 3141 regula
1031 3036 1185 3141 aliqua,
1231 3037 1280 3113 ad
1313 3066 1431 3141 quam
1456 3039 1642 3117 iudicium

242 3163 447 3269 dirigatur,
474 3160 628 3234 inventa
644 3158 712 3247 sit,
738 3160 940 3235 meliorum
956 3160 1146 3237 librorum
1167 3162 1432 3239 auctoritatem
1448 3190 1579 3240 censeo
1592 3191 1645 3241 es·

242 3314 281 3365 se
300 3284 493 3363 tuendam.
545 3282 668 3357 Aliter
690 3285 735 3357 V.
767 3282 820 3358 Cl.
852 3283 1028 3359 Niebuhr
1054 3286 1194 3362 sentire
1223 3286 1393 3378 ridetur,
1420 3288 1552 3392 quiin
1577 3317 1644 3366 sn-

245 3409 455 3513 tiquissimo
480 3406 668 3483 Vaticano
696 3405 855 3497 Codice,
877 3408 1136 3483 accusativum
1160 3409 1351 3513 pluralem
1379 3438 1534 3506 vocum,
1559 3440 1645 3518 quae

239 3534 454 3639 genitivum
476 3531 518 3605 in
536 3537 608 3604 ium
635 3528 807 3621 flectant,
833 3532 1010 3607 omuibus
1036 3532 1113 3608 fere
1137 3534 1229 3609 locis
1254 3535 1443 3639 (quatuor
1462 3538 1645 3643 exceptis)

247 3657 479 3763 isscriptum
496 3678 571 3729 esse
592 3654 818 3753 ηοῑενίῑ44)
845 3655 917 3730 Sed
927 3656 1121 3733 scribendi
1139 3659 1297 3757 ratione,
1314 3686 1400 3765 quae
1422 3660 1463 3737 in
1480 3689 1560 3737 uno
1578 3666 1647 3739 Co·

242 3780 332 3857 dice
349 3797 422 3870 est,
456 3776 560 3853 hanc
584 3792 801 3853 contortam
826 3777 1139 3883 disceptationem
1161 3781 1212 3875 ad
1233 3782 1407 3860 lucidum
1432 3812 1536 3889 posse
1561 3814 1647 3891 per·

245 3905 340 3983 duci
361 3903 515 3995 dubito,
539 3901 684 3977 nedum
707 3902 956 3981 Cicemniana
983 3904 1255 4011 orthographia
1287 3908 1337 3986 ed
1363 3910 1647 3993 emendandum

245 4130 280 4210 ‘l
308 4131 362 4195 clr.
381 4127 448 4191 Aul.
467 4128 546 4189 ceu.
567 4126 606 4203 3,
629 4147 676 4208 ¹9·

248 4251 297 4331 44)
317 4251 372 4314 alr.
391 4248 519 4312 indicus
539 4250 572 4309 in
595 4246 746 4311 Ciceronis
762 4245 854 4311 libros
872 4248 910 4310 de
929 4248 1092 4333 Republica
1111 4248 1149 4313 ab
1167 4248 1280 4334 angus
1299 4248 1379 4314 Malo
1398 4252 1500 4317 editos.

1155 4370 1181 4428 ’l‘
