4050 5009
1540 455 1546 464 .
1595 383 1669 458 688

297 573 446 664 gloriam
465 589 506 640 66
526 571 627 658 culpa
646 571 843 654 1666661494.
865 589 906 637 06
926 589 995 656 qua
1016 587 1137 639 omnes
1155 571 1337 640 discordie
1356 592 1505 644 accensas
1518 575 1563 640 Η.
1577 580 1603 640 1.
1618 599 1667 662 69.

298 701 376 766 spes
395 682 488 746 bona
508 699 550 746 ex
568 679 668 744 vobis
694 680 738 742 Η.
758 681 814 744 ΠΙ.
838 694 887 740 66.
925 697 1042 759 arcem
1059 680 1190 744 babent
1208 699 1251 744 ex
1270 681 1392 765 spoliis
1410 681 1531 748 vestris
1551 681 1600 748 ib.
1624 703 1667 750 ex

299 786 493 852 concubina
521 792 632 850 ortus·
645 795 678 852 6.
701 787 769 852 608.
797 784 926 849 veritus
957 805 998 850 ex
1025 784 1112 848 anni
1140 791 1295 869 tempore
1316 787 1366 849 60.
1396 787 1602 874 magnificus
1624 809 1667 856 ex

296 890 379 956 Auli
390 891 547 958 socordia
562 891 610 958 66.
623 909 665 956 ex
676 889 948 974 speculatoribus
961 891 1139 973 cognitum
1155 914 1224 973 107.
1239 898 1332 956 ratus
1342 909 1384 957 ex
1395 893 1558 958 omnibus
1567 912 1668 976 eque

298 995 436 1079 aliquos
454 1020 521 1062 ιοι.
542 996 581 1062 in
601 994 857 1060 miserationem
870 1011 912 1056 ex
922 992 974 1056 ira
992 1001 1132 1058 vertunt
1144 995 1189 1059 H.
1207 999 1233 1058 Ι.
1256 1001 1305 1061 66.
1326 1008 1361 1072 4)
1380 1017 1489 1080 pam
1511 1017 1553 1062 ex
1572 1017 1669 1086 mag·

299 1100 356 1166 nis
375 1102 509 1186 rapinis
528 1099 620 1164 nihil
634 1097 764 1180 reliqui
774 1109 809 1166 c.
825 1115 875 1178 69.
895 1117 936 1162 ex
955 1117 1018 1163 suo
1038 1117 1186 1164 numero
1206 1099 1313 1185 legati
1328 1106 1378 1170 66.
1399 1122 1441 1166 ex
1458 1121 1501 1168 eo
1521 1121 1667 1170 numero

299 1206 495 1290 complures
515 1205 566 1279 46.
586 1203 718 1286 aliique
738 1221 779 1268 06
799 1202 1038 1284 conjuratione
1056 1212 1108 1281 48.
1145 1224 1187 1270 ex
1213 1205 1310 1269 omni
1332 1205 1432 1290 copia
1452 1209 1537 1272 duas
1556 1208 1667 1294 legio·

299 1328 363 1375 nes
383 1308 534 1374 instituit
555 1309 604 1376 66.
636 1307 794 1374 exomni
814 1307 915 1394 copia
934 1327 1015 1394 pars
1034 1315 1157 1390 quarta
1176 1309 1226 1373 ib.
1253 1329 1297 1376 ex
1314 1311 1372 1374 his
1397 1312 1616 1398 magistratus
1633 1321 1667 1379 J.

300 1417 330 1478 6.
362 1414 498 1480 medius
517 1432 559 1482 ex
589 1413 699 1478 tribus
721 1423 757 1482 c.
780 1433 828 1478 66.
860 1433 901 1478 ex
922 1413 1024 1500 copia
1045 1414 1242 1481 tubicinum
1261 1421 1312 1498 96.
1332 1436 1422 1482 unus
1440 1437 1484 1484 ex
1503 1417 1668 1484 omuibus

299 1517 429 1598 italicis
450 1521 500 1600 67.
535 1535 577 1586 ex
595 1518 823 1602 praesentibus
842 1519 937 1584 misit
958 1525 1011 1601 96.
1038 1539 1081 1588 ex
1099 1521 1250 1588 faotione
1271 1521 1390 1586 media
1407 1522 1527 1588 consul
1545 1525 1590 1587 Η.
1610 1525 1669 1588 111.

300 1638 351 1688 66.
369 1621 535 1690 nonnulli
554 1640 596 1688 ex
614 1623 766 1688 Sullanis
786 1624 921 1690 colonis
939 1627 975 1689 Ο.
999 1628 1049 1690 68.
1071 1625 1108 1712 6)
1127 1646 1170 1693 ex
1189 1627 1213 1696 i.
1235 1645 1263 1692 e
1283 1630 1490 1708 seeundum
1513 1649 1555 1693 06
1574 1627 1670 1692 lubi·

301 1727 384 1793 dine
404 1727 514 1816 magis
534 1748 638 1812 quam
657 1749 699 1796 ex
718 1747 800 1796 vero
823 1741 858 1798 c.
868 1731 899 1792 8.
920 1749 993 1794 non
1014 1749 1056 1794 06
1075 1751 1115 1796 60
1133 1734 1195 1796 sed
1216 1752 1258 1797 06
1279 1735 1462 1798 commodo
1476 1754 1524 1796 ιο.
1546 1753 1589 1798 ex
1606 1749 1670 1796 vo·

301 1833 434 1902 luntate
456 1843 491 1902 c·
513 1836 563 1900 66.
584 1853 604 1900 0
624 1841 794 1920 precepto
814 1834 906 1922 regis
922 1839 971 1900 66.
992 1855 1035 1902 ex
1053 1845 1191 1902 senatus
1212 1839 1349 1902 decreto
1372 1839 1423 1902 68.
1443 1844 1668 1922 0696600940

302 1939 475 2007 Ciceronis
504 1955 555 2018 44.
586 1959 628 2006 ex
654 1941 827 2028 prodigiis
846 1961 897 2026 47.
932 1961 974 2008 ex
998 1943 1189 2028 improviso
1209 1939 1241 2009 J.
1266 1958 1315 2019 64.
1346 1963 1390 2008 ex
1415 1943 1597 2030 rogatione
1617 1958 1668 2020 46·

301 2044 560 2130 opportunitate
579 2045 714 2124 100148.
733 2065 776 2112 06
795 2047 993 2128 0006614069.
1015 2069 1057 2116 ex
1077 2050 1389 2128 consuetudine71.
1410 2047 1670 2132 opportunitate

301 2153 352 2230 76.
386 2151 570 2214 commodo
591 2149 642 2212 86.
671 2150 849 2216 voluntate
868 2154 921 2215 86.
945 2171 1013 2214 ιιι.
1044 2158 1215 2234 precepto
1237 2167 1288 2234 94.
1325 2168 1366 2215 06
1396 2150 1567 2214 6004066466
1600 2171 1670 2232 609.

301 2255 493 2338 composito
513 2255 559 2318 Η.
578 2256 620 2318 Π.
641 2257 671 2334 6.
692 2251 883 2320 ambitione
902 2255 959 2317 111.
985 2275 1033 2319 ιι.

260 2356 397 2426 Editus
423 2358 465 2436 in
493 2357 698 2428 immensum
729 2378 830 2428 mons
864 2379 912 2444 96.
947 2377 1074 2448 magna
1106 2365 1205 2446 parte
1224 2358 1276 2444 98.
1308 2355 1530 2424 editissumus
1558 2355 1670 2424 collis.

299 2467 343 2530 H.
364 2468 390 2533 1.
409 2467 460 2542 46.
1267 2502 1271 2509 ·

258 2571 428 2664 Ι1864060664
446 2577 525 2640 6046
543 2579 647 2658 atque
665 2573 812 2641 audiunt
831 2585 864 2644 6.
880 2578 930 2642 66.
951 2595 1032 2640 eum
1052 2577 1173 2642 edocet
1193 2574 1244 2655 49.
1263 2576 1388 2640 cuncta
1406 2571 1548 2636 edoctus
1568 2576 1606 2636 c·
1619 2562 1670 2642 45.

230 2689 234 2698 ’
301 2680 351 2752 48.
371 2701 446 2762 quac
465 2680 678 2765 parabantur
698 2685 839 2748 edoctus
857 2689 888 2750 1.
910 2685 960 2748 66.
983 2687 1035 2763 96.

261 2781 429 2848 Educere
448 2783 604 2866 gladium
626 2797 663 2850 c.
685 2787 736 2848 66.
756 2787 933 2868 expeditos
952 2798 985 2852 J.
1008 2789 1059 2848 68.
1576 2851 1580 2859 ,

263 2881 401 2964 Effecit
421 2893 460 2946 ut
488 2898 525 2951 c.
548 2889 597 2947 66.
623 2886 827 2950 memoriam
854 2887 997 2968 longam
1023 2908 1050 2946 1.
1068 2883 1233 2947 hostilem
1254 2891 1382 2946 metum
1405 2887 1473 2948 606.
1494 2883 1672 2963 mandata,

301 2987 398 3066 jussa
421 2991 469 3050 66.
491 2981 612 3052 effecta
630 3005 755 3070 magna
773 2986 827 3050 sis
846 2985 979 3049 utrium
994 3006 1045 3066 96.
1067 2990 1141 3048 6646
1161 2981 1295 3050 efficere
1314 2984 1462 3068 imperio
1481 2985 1525 3047 H.
1545 2987 1602 3048 111.
1623 2999 1674 3050 66.

266 3091 435 3176 Effirens
447 3112 519 3158 sese
530 3091 710 3177 superbia,
721 3090 882 3175 audacia,
896 3089 1025 3156 scelere
1034 3092 1067 3155 J.
1078 3107 1127 3168 64.
1139 3089 1303 3174 pecnnia,
1315 3092 1450 3158 bonore
1459 3089 1611 3173 aliquem
1621 3105 1673 3173 49.

263 3195 479 3282 Effoeminat
499 3198 643 3263 avaritia
665 3215 788 3280 corpus
807 3195 1033 3277 animumque
1051 3194 1192 3260 virilem
1213 3205 1250 3263 c.
1272 3215 1322 3258 66.

224 3287 232 3303 .
264 3303 403 3387 Effoeta
422 3312 605 3388 parentum
626 3304 663 3366 C.
686 3305 735 3366 66.
756 3299 951 3392 gffringere
972 3300 1090 3366 clausa
1108 3311 1141 3368 6.
1157 3309 1213 3364 ia.
1696 3365 1703 3376 ,

170 3483 178 3492 ,
266 3411 393 3494 Effusa
414 3419 448 3475 04
469 3419 595 3474 temere
617 3415 738 3474 cuntes
757 3418 791 3475 6.
805 3413 873 3473 ιο6.
896 3399 1005 3472 effuso
1027 3407 1178 3475 exercitu
1198 3405 1413 3495 9666166156.
1434 3395 1537 3474 effusi
1554 3403 1672 3492 hostes

304 3517 354 3596 87.
375 3513 498 3598 vulgus
517 3513 647 3598 oppido
669 3506 726 3578 eff.
747 3513 797 3596 69.

240 3671 247 3686 .
266 3619 389 3707 Egens
415 3617 575 3682 factiosus
603 3629 639 3686 c.
661 3621 711 3682 68.
739 3617 873 3696 miseri,
894 3625 1033 3704 egentes
1053 3621 1104 3687 66.
1136 3617 1294 3696 omnium
1314 3617 1536 3681 honestarum
1555 3631 1672 3680 rerum

306 3725 337 3790 J,
362 3738 410 3802 64.
430 3722 552 3788 alicua
572 3723 648 3807 opis
667 3725 711 3786 H.
724 3723 792 3788 ine.
810 3745 856 3807 67.
876 3722 1016 3788 homini
1034 3722 1227 3806 potentiam
1247 3721 1416 3804 quaerenti
1435 3719 1674 3808 egentissimus

302 3831 453 3916 quisque
474 3827 786 3912 opportunissimus
807 3831 856 3892 86.
881 3835 1013 3914 egestas
1032 3826 1136 3894 facile
1155 3829 1303 3894 habetur
1322 3826 1397 3892 sine
1418 3829 1548 3896 damno
1569 3836 1606 3896 c·
1621 3830 1672 3911 67.

289 3934 360 4021 'eg.
380 3935 502 4020 pabuli
519 3945 551 4002 6.
572 3947 623 4014 44.
1310 3940 1314 3946 ’

191 4069 194 4076 “
268 4039 421 4129 Egressi
436 4037 538 4104 scalis
558 4038 686 4104 milites
704 4039 736 4102 J.
758 4041 809 4103 60.
830 4045 994 4122 aquatum
1015 4039 1134 4108 castris
1146 4041 1197 4122 98.
1217 4042 1262 4104 ad
1281 4058 1455 4104 summum
1473 4035 1602 4102 montis
1622 4033 1673 4112 96.

308 4149 456 4208 Romam
477 4147 527 4208 66.
548 4153 641 4208 extra
660 4143 780 4210 vincas
800 4161 850 4226 94.
871 4145 1046 4232 augustias
1065 4148 1110 4214 Η.
1129 4150 1188 4210 111.
1208 4151 1260 4214 66.
1282 4143 1363 4209 finis
1381 4147 1408 4206 1.
1429 4162 1480 4224 69.
1513 4154 1676 4227 egressus

310 4249 383 4346 ejus
404 4259 505 4334 atque
525 4250 652 4318 itinera
672 4249 825 4338 explorat
844 4261 878 4320 6.
902 4253 952 4320 66.

1270 4353 1376 4430 ’60
