4050 5009
1592 453 1638 556 57

233 617 392 703 illorum
413 655 502 728 esse3
525 633 591 711 sed
610 631 785 742 plerique
806 635 984 714 mortales
999 651 1188 744 postrema
1201 635 1426 728 meminere,
1449 649 1489 711 et
1508 633 1551 710 in
1568 630 1640 712 ho-

206 811 210 819 .
231 746 403 830 minibus
420 755 547 862 impiis
563 761 709 838 socieris
726 788 859 838 eorum
874 760 984 839 obliti
998 761 1047 839 de
1059 789 1177 868 poena
1192 761 1399 853 disserunt,
1414 760 1446 836 si
1460 785 1504 836 ea
1526 757 1640 865 paul·

230 867 270 946 lo
288 877 454 956 severior
475 881 559 960 tuis
593 887 640 962 D.
659 887 860 980 Silanum,
882 889 1009 964 virum
1034 887 1173 965 fortem
1193 903 1310 991 atque
1327 901 1548 976 sueonum,
1560 909 1640 962 ser

231 1008 270 1070 te
296 1000 398 1092 scio,
423 1031 511 1108 qum
529 1007 689 1104 dixerit,
710 1012 838 1088 studio
865 1013 1089 1117 reipublicae
1122 1012 1275 1103 dixisse,
1301 1035 1428 1116 neque
1455 1008 1569 1086 illum
1597 1008 1641 1088 in
1761 1021 1764 1025 ’

231 1133 341 1201 tanta
378 1155 420 1204 re
455 1133 617 1236 gratiam
645 1151 714 1213 aut
748 1137 968 1214 inimicitias
999 1161 1197 1228 exercem3
1230 1163 1292 1214 eos
1329 1159 1451 1212 mom
1479 1158 1641 1238 eamque

229 1248 455 1330 modestiam
470 1257 543 1334 viri
560 1261 728 1367 cognovi.
779 1265 924 1340 Verum
935 1261 1124 1338 sententia
1141 1262 1222 1338 eius
1238 1259 1337 1337 mihi
1358 1288 1439 1338 non
1453 1259 1640 1352 erudelis,

228 1374 326 1476 quid
343 1379 449 1456 enim
468 1381 509 1457 in
527 1379 611 1461 talis
631 1383 805 1464 homines
833 1387 988 1464 crudele
1012 1387 1093 1464 fieri
1110 1391 1261 1494 potasti
1284 1385 1350 1463 sed
1381 1385 1507 1461 aliena
1535 1410 1558 1460 a
1580 1407 1640 1461 re·

227 1498 384 1600 publice
408 1522 537 1584 nostra
556 1507 717 1586 videtur.
764 1511 861 1588 Nem
888 1512 1060 1616 profecto
1089 1527 1159 1586 aut
1174 1527 1319 1602 metus,
1343 1527 1412 1586 aut
1436 1509 1581 1586 iniuria
1602 1523 1641 1585 te

226 1625 391 1734 subegit,
416 1629 567 1725 Silene,
582 1635 785 1712 Consulem
802 1637 1057 1742 designatum,
1073 1662 1193 1742 genus
1208 1659 1334 1742 poenae
1352 1660 1498 1712 novum
1512 1634 1640 1712 deser·

228 1775 326 1826 nere.
357 1755 433 1831 ·De
452 1756 587 1834 timore
604 1786 931 1866 supervacaneum
951 1778 1007 1838 est
1025 1761 1220 1852 disserere,
1245 1787 1370 1864 quum
1386 1757 1564 1866 presenti
1578 1756 1639 1834 di·

225 1872 382 1980 ligentia
399 1881 610 1960 clarissumi
633 1885 706 1961 viri
732 1885 906 1963 Consulis
935 1901 1042 1962 tanta
1064 1885 1238 1992 praesidia
1255 1885 1334 1961 sint
1356 1883 1543 1960 inarmis.
1577 1885 1640 1958 De

226 2025 343 2104 poena
366 2031 565 2109 possumus
586 2011 765 2114 equidem
785 2011 910 2088 dicere
928 2011 989 2101 id,
1015 2008 1120 2116 quod
1142 2034 1199 2087 res
1220 2010 1336 2086 habet
1357 2041 1365 2084 ε
1393 2009 1434 2084 in
1450 2007 1561 2083 luctu
1580 2023 1638 2084 at·

228 2151 303 2228 que
324 2131 483 2208 miseriis
515 2150 677 2212 mortem
705 2161 966 2212 aerumnarum
992 2134 1164 2237 requiem
1196 2161 1278 2238 non
1305 2132 1520 2209 cruciatum
1540 2155 1636 2222 esse,

227 2277 312 2327 eam
337 2273 480 2332 cuncta
502 2259 726 2336 mortalium
745 2259 847 2336 mala
871 2259 1091 2335 dissolvere:
1115 2258 1218 2333 ultra
1241 2283 1368 2362 neque
1390 2282 1492 2332 cmm
1513 2279 1641 2360 neque

224 2377 366 2480 gaudio
391 2379 520 2456 locum
550 2407 634 2459 esse.
685 2383 778 2475 Sed,
804 2411 873 2488 per
906 2383 994 2458 deos
1024 2383 1280 2458 immortalis!
1317 2381 1567 2486 quamobrem
1595 2378 1638 2454 in

223 2505 453 2580 sententiam
473 2533 554 2582 non
577 2507 777 2598 addidisti,
802 2507 860 2584 uti
877 2507 985 2612 prius
1003 2506 1224 2582 verberibus
1246 2507 1288 2581 in
1311 2531 1373 2582 eos
1395 2504 1639 2581 animadvor·

227 2631 399 2704 teremrt
425 2656 493 2720 an,
518 2631 610 2734 quia
632 2629 693 2706 lex
711 2630 845 2708 Porcia
864 2634 994 2708 vetat?
1010 2645 1052 2705 at
1071 2631 1157 2706 alise
1175 2629 1272 2736 leges
1292 2631 1384 2705 item
1406 2629 1640 2706 condemna·

225 2749 272 2826 tis
298 2751 445 2830 civibus
465 2779 545 2830 non
566 2754 737 2830 animem
757 2755 875 2860 eripi,
897 2753 963 2831 sed
983 2754 1144 2831 exilium
1169 2754 1340 2859 permitti
1361 2754 1505 2830 iubent
1555 2757 1653 2844 An,

222 2875 316 2978 quia
343 2875 495 2981 gravius
523 2893 578 2955 est
595 2877 792 2990 'verberari
816 2907 936 2984 quom
964 2878 1129 2956 macarii
1158 2877 1256 2982 quid
1282 2895 1412 2954 autem
1437 2878 1655 2969 acerbum,-

221 3073 292 3136 nu’e.
307 3073 406 3136 Gnsli.
419 3075 447 3137 5.
460 3076 513 3138 Ae.
532 3095 653 3158 eamque
674 3078 848 3142 modestiam
860 3079 928 3146 viri.
944 3099 999 3160 qtae
1014 3100 1077 3139 om.
1095 3078 1155 3139 ins.
1174 3063 1212 3139 2.
1223 3077 1320 3140 Stmr.
1343 3075 1441 3138 Gueli.
1456 3066 1502 3142 is.
1522 3067 1574 3139 alii
1587 3081 1639 3138 αι’-

221 3199 278 3260 ‹71oe
294 3201 361 3241 com
376 3181 434 3242 Eri.
455 3191 542 3263 atque
555 3186 677 3246 modest.
690 3183 772 3246 Leid.
783 3183 815 3246 h.
836 3185 981 3248 mutantia
991 3183 1052 3246 eries
1064 3183 1143 3244 mihi
1151 3203 1213 3244 non
1224 3183 1361 3248 ammte.
1381 3181 1441 3243 eius
1458 3202 1520 3241 om.
1538 3181 1637 3242 Goell.

222 3307 254 3352 2.
264 3286 330 3353 Ere.
342 3287 412 3349 Vin.
422 3309 450 3350 2.
466 3308 529 3350 non
541 3288 618 3350 milti
630 3289 903 3352 mansionarios.
916 3311 962 3352 ιο.
975 3290 1038 3366 stit,
1051 3289 1114 3349 Bm.
1126 3285 1156 3356 ὅ.
1167 3289 1254 3351 Bern-
1269 3309 1298 3350 2.
1309 3293 1337 3351 3.
1349 3297 1404 3363 ott,
1414 3307 1486 3363 esst,
1497 3286 1639 3348 mitantur

219 3391 337 3454 addunt
352 3393 450 3459 Strur.
466 3398 528 3456 ine.
542 3396 617 3456 Vin.
631 3415 657 3462 ι.
675 3394 798 3457 lierni.
818 3395 881 3456 Bas.
892 3415 919 3456 2.
931 3397 960 3469 l.
981 3395 1079 3456 Guali.
1091 3395 1121 3455 6.
1133 3417 1161 3478 7.
1184 3395 1269 3460 Bern.
1281 3415 1310 3459 2.
1331 3391 1497 3466 usuum,
1517 3392 1638 3473 subegit,

220 3517 302 3559 com.
316 3499 409 3580 desig.
430 3501 492 3562 Bas.
511 3523 537 3562 1.
557 3521 766 3583 samervoeuum
780 3509 822 3564 ost
849 3502 912 3563 Bas.
924 3524 954 3565 2.
972 3502 1044 3565 Vin.
1057 3521 1084 3564 2.
1101 3501 1241 3584 presenti
1256 3499 1412 3580 diligentia
1429 3498 1493 3558 Bm.
1511 3519 1537 3560 s.
1556 3509 1639 3563 vetas

221 3603 350 3666 Putschii
367 3605 445 3667 cod.
461 3609 624 3686 praesertim
640 3611 736 3670 ceteri.
754 3627 904 3690 postrenus
923 3607 1058 3688 oqtddem
1077 3627 1181 3670 omnes
1193 3609 1252 3668 iem
1264 3607 1353 3670 Palat.
1381 3605 1477 3671 Gneli.
1493 3605 1521 3664 5.
1537 3605 1567 3665 6.
1587 3605 1639 3666 alii

220 3712 319 3792 pauci.
341 3711 424 3771 Leid.
438 3712 468 3777 d.
482 3733 507 3774 e.
521 3733 562 3772 m.
576 3735 606 3779 n.
628 3713 689 3773 Bas.
700 3713 729 3775 3.
751 3712 868 3791 quidem
878 3731 1030 3796 pommus
1040 3711 1100 3777 Erl.
1120 3712 1410 3792 eqtddemposmmus
1423 3709 1493 3771 Tur.
1509 3733 1535 3772 ι.
1550 3709 1637 3776 tem.

226 3837 252 3876 ι.
271 3837 387 3896 possum
403 3821 490 3902 longe
504 3822 583 3900 plur.
604 3817 638 3878 in
656 3816 797 3879 sententio
813 3837 875 3879 non
891 3819 943 3878 od.
957 3817 1056 3878 Guelf.
1073 3817 1101 3878 5.
1113 3819 1209 3880 Stmv.
1224 3816 1355 3877 Leidm.
1376 3817 1410 3876 in
1426 3817 1494 3877 eril.
1506 3816 1642 3899 permitti

224 3925 355 4004 quinque
377 3919 505 3991 Gruteri.
526 3923 587 3991 Bes.
601 3943 629 3989 2.
649 3923 719 3990 Vin.
738 3944 765 3984 ι.
786 3923 881 3986 Strut-
912 3924 1011 3985 Guelf.
1034 3946 1059 3990 1.
1077 3937 1108 3995 4.
1128 3947 1157 4006 7.
1172 3925 1201 3984 8.
1222 3924 1283 3985 inc.
1303 3943 1330 3988 2.
1352 3922 1420 3984 Ere.
1441 3943 1548 3990 maer,
1567 3921 1637 4006 Teg.

222 4027 291 4088 Tur.
305 4051 330 4088 1.
346 4049 450 4092 marc.
464 4049 527 4090 non
538 4029 671 4090 animam
684 4029 758 4111 orriri
769 4029 831 4095 Bas.
845 4051 870 4090 ι.
880 4028 910 4091 3.
925 4029 995 4091 Tur.
1012 4051 1038 4090 t.
1053 4049 1080 4090 2.
1096 4029 1182 4094 Bern.
1196 4051 1222 4090 ι.
1232 4028 1261 4091 ὅ.
1273 4028 1354 4089 Leid.
1365 4029 1432 4089 d.e.
1443 4029 1472 4094 k.
1486 4048 1549 4090 non
1559 4049 1639 4112 prm-

225 4145 342 4214 ponunt
359 4137 464 4212 etiem,
483 4135 533 4198 sed
546 4135 641 4196 vitam
658 4138 760 4222 legunt
778 4133 860 4196 Leid.
877 4157 903 4196 c.
924 4137 944 4196 i.
965 4133 1051 4196 Bem.
1063 4153 1089 4194 2.
1117 4133 1179 4194 Bas.
1190 4155 1217 4199 2.
1229 4135 1258 4207 4.
1285 4134 1420 4195 animam
1437 4137 1639 4198 adverteretur

225 4237 309 4302 Rem.
322 4263 350 4302 2.
377 4261 419 4302 m.
432 4261 490 4304 sec.
519 4239 606 4302 ninia
624 4259 717 4323 moos
738 4251 788 4304 ost.
809 4251 849 4303 est
870 4245 969 4304 losum
993 4251 1088 4304 mutat
1107 4243 1139 4300 in
1162 4239 1260 4300 Gueli.
1281 4253 1310 4314 s.
1331 4240 1391 4302 ino.
1407 4260 1434 4301 2.
1451 4241 1571 4322 gravies
1586 4250 1638 4302 est.

1184 4373 1208 4447 8
