4050 5009
1596 405 1623 478 9

219 595 295 674 pus
314 568 426 644 annis
446 565 663 656 infirmnm,
689 561 888 668 ingenium
910 561 1096 670 sapientia
1113 561 1287 638 validum
1309 575 1412 652 erat,
1437 559 1622 668 reipubli-

219 718 274 768 cae
295 691 583 784 consrdtabant5
608 687 651 764 bi
672 687 731 763 vel
757 701 883 776 aetate,
920 669 979 761 vel
1005 711 1107 760 cnrae
1127 685 1378 760 similitudine
1402 698 1527 788 patrea
1553 683 1621 759 ad·

218 815 477 920 pellabantur.
515 817 616 902 Post,
640 810 709 886 ubi
722 809 868 916 regium
889 809 1113 914 imperium,
1137 809 1243 912 quod
1269 807 1380 884 initio
1398 833 1620 885 conservan-

219 938 279 1013 dae
302 937 486 1013 libertatis
511 952 627 1040 atque
654 934 835 1039 augendae
855 933 1075 1036 reipublicae
1097 932 1236 1024 luerat,
1263 933 1306 1008 in
1321 932 1541 1035 superbiam
1552 933 1619 1008 do-

218 1062 550 1164 minationemque
578 1059 646 1158 (se)
672 1057 890 1150 convortit3
923 1057 1124 1132 immutato
1147 1083 1276 1148 more,
1299 1083 1431 1132 annua
1460 1055 1618 1161 imperia

217 1186 407 1289 binosque
428 1185 669 1288 imperatores
694 1181 774 1290 *sibi
799 1181 942 1276 secere3
973 1208 1020 1256 eo
1047 1181 1161 1254 modo
1183 1181 1355 1254 minume
1379 1205 1485 1282 posse
1505 1197 1617 1284 pute·

215 1309 315 1382 bant
332 1334 402 1412 per
423 1306 619 1382 licentiam
637 1306 857 1382 insolescere
883 1303 1058 1378 animum
1081 1302 1306 1379 humanum
1357 1304 1429 1378 ssd
1457 1329 1500 1378 ea
1522 1313 1644 1382 tem-7

215 1447 361 1534 pestate
377 1455 525 1534 coepere
554 1455 592 1504 se
613 1429 774 1532 quisque
800 1426 917 1532 magis
942 1426 1121 1502 extollere
1145 1429 1338 1532 magisque
1354 1429 1552 1536 ingenium
1574 1429 1618 1506 in

215 1569 402 1658 promptu
422 1552 571 1628 habere.
607 1555 705 1627 Nam
725 1550 873 1656 regibus
895 1552 987 1628 boni
1009 1577 1126 1654 quam
1146 1551 1238 1626 mali
1259 1554 1504 1656 suspectiores
1516 1571 1617 1643 sunt,

213 1703 439 1780 semperque
455 1675 514 1752 his
535 1676 659 1752 aliena
676 1675 796 1750 virtus
821 1673 1064 1750 formidolosa
1085 1689 1149 1748 est
1190 1675 1263 1750 Sed
1278 1676 1428 1769 civitas,
1453 1678 1618 1756 incredi-

214 1800 295 1876 bile
310 1815 522 1876 memoratu
539 1815 609 1890 est,
628 1798 764 1903 adepta
786 1796 975 1888 libertate,
997 1814 1189 1901 qnantum
1208 1799 1314 1876 brevi
1333 1802 1508 1877 creverit:
1533 1819 1617 1881 tan·

215 1940 255 1999 te
278 1923 421 2029 cupido
441 1923 569 2030 gloriae
587 1925 794 2000 incesserat
827 1923 913 1996 Jam
928 1911 1098 2026 primuin
1118 1923 1442 2016 iuventus,simul
1461 1953 1506 2002 ao
1524 1927 1616 2003 belli

213 2048 364 2152 patiens
383 2063 480 2139 erat,
506 2048 548 2124 in
572 2046 701 2124 castris
720 2073 789 2151 per
811 2043 982 2122 laborem
1008 2072 1081 2122 usu
1109 2046 1288 2122 militiam
1307 2049 1496 2126 discebat:
1534 2078 1614 2126 ma·

211 2173 345 2276 gisque
368 2171 411 2246 in
433 2171 576 2248 decoris
596 2171 710 2245 armis
730 2185 768 2245 et
789 2170 1019 2246 militaribus
1046 2170 1174 2273 equis,
1199 2199 1317 2274 quam
1343 2172 1384 2247 in
1402 2175 1534 2250 scortis
1557 2191 1614 2249 at-

212 2320 291 2397 que
309 2294 489 2370 conviviis
511 2293 726 2369 lubidinem
744 2292 946 2368 habebant
978 2294 1101 2398 Igitur
1124 2295 1262 2373 talibus
1285 2295 1376 2372 viris
1402 2323 1483 2374 non
1508 2296 1614 2374 labos

212 2416 406 2507 insolitus,
429 2445 509 2494 non
523 2418 628 2492 locus
643 2417 746 2492 ullus
764 2442 873 2521 asper
890 2433 959 2492 aut
973 2417 1116 2494 arduus
1128 2434 1227 2509 erat,
1246 2446 1327 2495 non
1344 2418 1614 2498 armatusbos-

214 2543 262 2614 tis
281 2539 572 2618 formidolosus:
597 2539 716 2616 virtus
735 2539 864 2616 omnia
884 2539 1093 2616 domuerat
1134 2541 1206 2618 Sed
1230 2542 1359 2648 gloriae
1389 2559 1612 2651 maxumum

207 2764 326 2844 pisatiis
342 2783 443 2824 omnes
463 2763 546 2826 Basil.
570 2762 666 2825 Turis.
688 2761 773 2826 Boiu.
793 2761 830 2822 ds
849 2761 928 2826 leid.
948 2783 1009 2822 non
1026 2763 1093 2824 satia
1113 2773 1242 2837 consum
1272 2765 1512 2849 orthographiam
1532 2771 1612 2832 enim

211 2869 335 2932 llorere.
361 2889 421 2926 non
446 2868 511 2926 satis
531 2877 662 2928 accurate
684 2885 863 2947 comparasse
889 2867 1013 2926 ridetur.
1052 2869 1188 2930 validum
1210 2881 1285 2935 wat.
1309 2892 1411 2930 ornnes
1442 2872 1505 2938 Bas.
1531 2873 1611 2939 tsid.

210 2972 271 3037 Erl.
284 2973 352 3054 Teg.
369 2972 438 3036 Tur.
456 2993 481 3036 ι.
498 2991 526 3035 a.
543 2971 626 3034 Rern.
642 2970 670 3030 3.
686 2981 714 3030 et
729 2991 753 3036 ι.
773 2969 851 3030 idem
870 2969 1083 3051 ingeniumque.
1099 2977 1316 3036 conservandae
1335 2974 1516 3054 respublicae.
1531 2977 1614 3058 quod

209 3081 242 3136 in
266 3079 367 3136 multis
380 3074 476 3135 Codd.
496 3076 632 3152 additur,
655 3073 1045 3142 sacramentaneus.
1065 3075 1613 3161 d.1eid.s.c.d.g.i.l.m.n.l¹“a·

208 3182 283 3242 bric.
300 3185 337 3240 r.'
347 3181 444 3240 Gnell.
458 3201 484 3245 a.
496 3181 525 3244 6.
546 3179 739 3244 beminen.
767 3187 853 3256 alque
863 3181 1026 3259 agendas.
1046 3190 1133 3260 mque
1150 3183 1312 3242 omiserunt
1322 3182 1402 3246 Leid.
1418 3204 1445 3244 c.
1459 3185 1481 3243 l.
1497 3203 1611 3263 magsta-

208 3289 321 3364 quus.
333 3285 412 3350 Leid.
428 3305 468 3350 m.
488 3303 517 3344 se
530 3283 769 3348 conuertitbeid.
789 3283 819 3348 b.
841 3305 867 3344 c.
888 3284 918 3349 d.
937 3305 962 3348 e.
985 3304 1013 3366 g.
1030 3281 1052 3343 b
1071 3286 1092 3351 i.
1112 3286 1139 3350 lr.
1159 3290 1180 3350 l.
1196 3305 1301 3347 omnes
1315 3285 1450 3360 Crateri,
1472 3285 1566 3347 Gortii
1581 3299 1611 3348 et

207 3391 313 3450 Wsssii
330 3389 408 3449 libri.
428 3389 490 3454 lias.
504 3409 529 3452 ι.
549 3410 576 3453 2.
599 3389 627 3459 l.
645 3389 702 3452 Eri.
718 3387 785 3469 Teg.
800 3387 896 3448 Turio.
916 3409 942 3447 ι.
964 3409 991 3454 a.
1008 3388 1094 3448 Bern.
1112 3409 1138 3449 ι.
1156 3389 1185 3450 3.
1226 3409 1256 3450 ss
1275 3390 1458 3455 commit.
1479 3389 1564 3451 Bam.
1580 3413 1608 3458 ι.

207 3515 293 3554 cono.
305 3513 335 3555 sc
348 3493 428 3558 laid.
446 3495 466 3553 i.
482 3493 700 3558 conratitsesc.
717 3493 779 3557 Bas.
793 3492 821 3556 3.
835 3513 875 3552 m.
887 3514 943 3552 sec.
963 3513 994 3554 se
1009 3495 1157 3553 omissum.
1179 3492 1259 3558 leid.
1268 3516 1295 3554 a.
1308 3515 1349 3557 ιιι.
1365 3513 1396 3553 ιι.
1407 3495 1440 3554 in
1456 3513 1519 3554 uno
1531 3494 1609 3556 Cod.

207 3600 333 3659 blanutii
345 3608 374 3658 et
385 3598 461 3658 libro
471 3599 592 3663 Merseb.
609 3597 696 3660 nivii.
709 3595 745 3657 de
754 3597 884 3656 Parisinis
900 3616 962 3656 non
973 3599 1073 3678 liquet.
1084 3595 1220 3674 binosque
1235 3597 1374 3658 consules.
1392 3595 1491 3662 Gueli.
1507 3617 1533 3658 1.
1545 3599 1609 3665 oti.

206 3725 267 3770 om.
289 3705 349 3767 inc.
371 3723 395 3761 ι.
425 3701 481 3762 sits·
495 3701 564 3782 imp.
598 3701 716 3760 beidi.
737 3699 974 3761 minimeomnes
1000 3699 1061 3765 Bu.
1088 3699 1168 3764 leid.
1183 3699 1252 3760 Tur.
1277 3700 1362 3765 Rern.
1385 3712 1441 3782 ‘per
1459 3700 1610 3764 lisanum

202 3808 357 3886 pertubant.
377 3805 509 3869 Leidm.

266 3934 340 4016 Cap.
357 3957 385 4016 7.
410 3953 528 4016 capere.
543 3937 652 3994 eradat
668 3935 700 3994 in
729 3936 864 4016 plurimis
885 3932 1035 3994 ciacconii
1062 3943 1091 3992 st
1107 3931 1206 3993 Ursini
1222 3932 1321 3994 Codd.
1341 3934 1429 3995 etism
1447 3933 1607 4001 omunia·

206 4039 341 4102 offendit.
363 4038 457 4119 magis
470 4040 616 4099 extollere.
638 4043 725 4122 longe
739 4037 971 4121 plurimi'Codd.
989 4056 1092 4098 omnes
1106 4036 1187 4097 leid.
1206 4049 1337 4120 excepto.
1351 4059 1393 4098 m.
1411 4038 1473 4099 Bar.
1492 4059 1519 4100 ι.
1532 4062 1560 4102 ι.
1573 4042 1604 4113 4.

207 4145 305 4205 Guell.
327 4164 356 4204 ι.
368 4143 398 4214 d.
414 4145 441 4204 5.
458 4141 486 4204 6.
506 4165 534 4225 7.
548 4144 577 4205 8.
593 4165 622 4225 9.
640 4165 686 4204 ιο.
702 4163 748 4204 ιι.
763 4164 808 4204 ιι.
829 4141 949 4206 Eccard.
964 4141 1051 4202 Heus.
1065 4141 1166 4202 Vmor.
1186 4162 1213 4202 1.
1226 4143 1325 4203 tanae
1340 4153 1436 4226 uterq.
1450 4142 1601 4208 otFabrie.

208 4267 237 4310 a.
254 4249 322 4310 Tur.
340 4269 366 4310 ι.
384 4247 469 4310 bern.
485 4268 513 4309 a.
531 4247 560 4310 3.
573 4247 632 4308 Eri·
647 4247 715 4330 ng.
737 4245 840 4327 magis
856 4247 998 4307 omittunt
1026 4245 1139 4316 Beni.
1162 4245 1244 4308 leid.
1259 4268 1300 4307 m.
1320 4248 1434 4310 Febris.
1458 4268 1485 4309 ι.
1506 4249 1601 4313 Βίων.

1215 4401 1236 4448 2
