4050 5009
403 366 454 456 tt

406 560 539 640 rietate
558 568 732 644 colorum
754 587 794 647 et
812 601 907 650 auro
919 575 1172 663 adumbrate,
1185 572 1240 647 'in
1270 569 1347 647 line
1364 572 1526 679 insignia
1549 572 1671 679 gentis
1687 570 1811 649 Medi-

399 702 483 754 oeae.
509 682 582 756 Sed
607 686 779 786 quamvis
796 690 845 764 sit
867 691 1163 797 elegantissimus
1181 688 1288 777 liber,
1309 704 1435 765 tamen
1459 691 1507 765 ab
1526 690 1811 794 imperitissimo

399 794 591 872 monacho
607 820 779 878 exaratus
797 832 872 881 esse
887 808 1056 896 videtur,
1081 806 1150 909 qui
1176 830 1258 879 non
1279 805 1403 879 solum
1421 833 1552 909 pravas
1571 806 1750 883 lectiones
1764 806 1812 885 in

400 924 549 988 textum
576 918 737 1020 recepit,
759 921 825 996 sed
851 923 968 998 etiam
982 922 1219 998 stultissimas
1239 915 1372 1021 glossas
1392 923 1542 1027 adjecit,

500 1082 593 1161 cod.
608 1086 729 1165 XXX.
759 1094 917 1200 (Suppl.
944 1094 994 1170 ad
1011 1100 1053 1173 P.
1071 1098 1151 1171 Cat.
1172 1096 1218 1169 11.
1243 1098 1326 1170 386.
1350 1100 1482 1183 xurn.)
1522 1096 1683 1170 Membr.
1718 1097 1811 1172 Saec.

399 1221 470 1271 xrv.
495 1202 529 1273 ls
552 1201 651 1279 liber
671 1232 843 1311 quoque,
868 1210 1110 1314 splendorem
1131 1210 1237 1313 quod
1252 1210 1404 1299 attinet,
1425 1238 1470 1285 ex
1487 1211 1709 1286 melioribus
1716 1244 1726 1306 3
1744 1216 1818 1287 ac-'

399 1312 543 1389 cedunt
556 1340 779 1423 argumenta
801 1326 972 1429 capitum
994 1328 1113 1401 rubro
1131 1328 1233 1430 picta
1257 1327 1399 1416 colore,
1423 1328 1488 1401 sed
1508 1344 1564 1400 tot
1582 1327 1812 1433 corruptelis

399 1424 465 1503 hic
496 1430 595 1507 liber
619 1454 755 1529 scatet,
779 1457 848 1532 ut,
864 1442 897 1516 si
937 1443 1007 1545 qui
1026 1442 1074 1517 de
1106 1442 1226 1516 causis
1259 1458 1549 1544 corumptorum
1575 1442 1695 1524 Codd.
1718 1444 1816 1518 scri·

398 1541 488 1621 bere
507 1548 663 1641 volunt,
690 1552 735 1629 iis
755 1554 822 1630 hic
839 1556 938 1632 liber
960 1558 1201 1661 potissimum
1217 1555 1272 1632 sit
1290 1556 1577 1632 examinandus.

500 1720 595 1800 coa
617 1724 763 1804 XXXI.
814 1730 969 1836 (Suppl.
991 1731 1041 1807 ad
1073 1736 1181 1813 Pant.
1213 1734 1460 1829 Cat.1.491.
1494 1755 1656 1805 ccxxxiv.
1683 1732 1721 1825 S.
1742 1734 1812 1818 u.)

398 1836 612 1923 Membran.
647 1844 735 1917 Sacc.
756 1870 829 1921 xur.
868 1846 982 1923 Liber
1004 1848 1151 1924 nitidus
1173 1847 1239 1923 sed
1267 1848 1398 1924 multis
1428 1847 1555 1951 glossis
1585 1861 1814 1948 corruptus,

399 1978 518 2055 quare
536 1971 661 2032 totum
680 1959 826 2035 librum
851 1964 1066 2040 accuratius
1086 1965 1304 2041 examinare
1327 1964 1446 2039 omisi.

499 2127 593 2215 coa,
611 2131 780 2211 XXXII.
817 2137 949 2234 (Pant.
975 2142 1055 2214 Cat
1088 2141 1174 2216 611.
1205 2146 1297 2229 xv.)
1337 2136 1565 2215 Chartaceus
1592 2134 1708 2225 liber,
1738 2134 1813 2237 qui

399 2247 609 2338 cumulis,
635 2266 719 2326 tum
750 2253 870 2329 vitam
897 2253 1050 2329 Salustii
1073 2257 1268 2349 continet,
1294 2280 1380 2359 quae
1404 2254 1453 2327 ab
1485 2253 1630 2326 incerto
1653 2264 1813 2324 auctore

398 2363 624 2468 scriptalest.
660 2371 799 2444 Insunt
817 2386 997 2473 praeterea
1018 2374 1164 2446 Donati
1198 2370 1448 2447 Grammatici
1473 2367 1694 2441 fabularum
1719 2364 1815 2441 Ovi-

399 2475 454 2551 dii
481 2479 640 2556 Nasonis
666 2484 920 2575 abbreviatio,
945 2487 1032 2560 vitae
1056 2488 1192 2579 Persii,
1223 2488 1389 2577 Horatii,
1425 2482 1636 2594 Iuvenalis,
1661 2480 1811 2557 Lucani

399 2593 527 2685 Statii,
551 2599 739 2690 Terentii,
760 2602 926 2692 Senecae,
959 2602 1103 2677 Valerii
1120 2605 1301 2695 Maximi,
1335 2602 1489 2681 Asconii
1512 2597 1670 2673 Pediani
1697 2601 1814 2673 Com-

399 2713 578 2787 mentarii
604 2713 647 2789 in
678 2716 867 2791 Ciceronis
894 2718 1017 2791 Oratt.
1042 2718 1215 2821 Priapeia
1250 2738 1287 2795 et
1302 2718 1520 2795 Fenestella.
1545 2716 1811 2791 Recentiorem

400 2849 475 2899 esse
506 2825 622 2932 hujus
653 2831 740 2905 vita
776 2848 969 2910 auctorem
997 2859 1087 2908 cum
1123 2861 1168 2909 ex
1196 2837 1369 2911 oratione.
1401 2834 1593 2920 barbara,
1632 2846 1716 2904 tum
1762 2857 1813 2907 ex

401 2939 484 3016 aliis
504 2942 616 3021 facile
637 2947 799 3053 colligas,
838 2949 973 3024 Fusius
995 2950 1100 3025 enim
1127 2951 1175 3025 de
1197 2952 1406 3056 majoribus
1433 2966 1471 3025 et
1494 2945 1708 3022 minoribus
1727 2972 1813 3020 ma-

399 3055 614 3160 gistratibus
643 3063 742 3167 agit,
774 3080 813 3139 et
834 3064 972 3140 addit:
997 3067 1040 3139 id
1070 3072 1166 3140 enim
1198 3094 1223 3140 a
1249 3067 1433 3142 ueteribus
1461 3070 1690 3142 constitutum
1716 3082 1812 3138 erat.

401 3173 578 3251 Ceterum
601 3204 687 3280 quae
718 3180 856 3282 passim
879 3182 1030 3283 antiqui
1063 3198 1234 3257 auctores
1261 3182 1308 3257 de
1329 3182 1492 3257 Salustio
1520 3179 1696 3268 tradunt,
1719 3180 1813 3253 satis

399 3287 602 3397 diligenter
620 3296 776 3370 collecta
801 3311 840 3369 et
864 3296 1043 3399 disposita
1065 3314 1168 3373 sunt.
1207 3298 1332 3373 Multa
1350 3326 1395 3373 ex
1420 3296 1620 3383 Ciceronis,
1641 3320 1728 3397 quae
1750 3292 1815 3370 di-

399 3402 521 3497 citur,
554 3408 833 3486 declamatione
864 3412 906 3485 in
931 3411 1148 3503 Salustium,
1181 3439 1297 3513 quam
1327 3413 1534 3519 genuinam
1558 3409 1734 3485 habuisse
1753 3410 1815 3485 ri-

401 3526 524 3611 detur,
555 3526 694 3603 bausit.
738 3530 863 3600 Pauca
887 3543 1066 3629 praeterea
1090 3528 1137 3601 de
1156 3528 1337 3602 sermonis
1350 3527 1553 3601 Salustiani
1577 3525 1813 3629 proprietate

399 3658 438 3717 et
457 3642 506 3717 de
526 3658 606 3717 arte
623 3639 807 3716 historica
831 3643 1000 3732 addidit,
1025 3642 1088 3717 sed
1109 3667 1151 3717 ea
1172 3643 1301 3719 omnia
1326 3643 1379 3717 ita
1403 3658 1639 3745 comparata,
1664 3657 1710 3715 ut
1723 3666 1812 3716 nos-

400 3776 459 3833 tra
478 3774 589 3833 aetate
610 3756 671 3831 edi
695 3785 774 3833 non
796 3756 969 3832 debeant

496 3906 651 4009 Reliqui
662 3922 753 3980 sunt
771 3905 902 3979 decem
914 3904 1031 3979 Codd.
1047 3904 1300 4007 Neapolitani,
1321 3933 1488 4009 quorum
1502 3907 1676 4008 quinque
1684 3904 1808 3982 Mem-

399 4026 597 4114 branaeei,
621 4024 795 4126 quinque
811 4020 1022 4101 Chartacei.
1061 4021 1200 4122 Magna
1219 4018 1360 4095 horum
1386 4022 1576 4095 librorum
1598 4022 1724 4097 fuerat
1746 4018 1814 4097 ex'·

399 4141 602 4247 spectatio,
628 4167 723 4241 quos
755 4166 868 4212 nemo
896 4163 1091 4238 unquam,
1123 4154 1313 4238 quantum
1333 4138 1511 4240 equidem
1541 4139 1635 4226 scio,
1668 4138 1810 4214 exami-

402 4257 519 4333 navit
551 4255 765 4333 Accedebat
784 4255 865 4359 ipsa
887 4252 1090 4327 difficultas
1115 4278 1176 4329 eos
1197 4251 1437 4358 inspiciendi
1466 4253 1546 4330 Nisi
1567 4254 1671 4329 enim
1690 4252 1810 4357 ipsius
