4050 5009
333 403 407 502 ³9⁶

406 609 464 669 ttti
482 616 599 686 antem,
619 600 728 686 quibua
746 601 837 662 nullc
855 621 926 682 opes
950 611 1054 678 erant,
1074 600 1170 682 capud
1196 621 1301 687 suum,
1322 605 1403 686 quod
1417 609 1514 668 selum
1538 609 1738 689 possidebant,

326 714 529 777 ‚censebantur
544 718 574 770 el
592 709 625 768 bi
648 729 751 769 omnes
770 706 843 768 belli
863 719 996 787 tempore
1020 709 1053 768 iu
1074 709 1223 770 moenibus
1241 711 1417 774 residebant.
1457 714 1555 775 Facile
1577 719 1657 776 enim
1676 719 1738 778 exi-

325 833 403 882 stere
424 827 562 900 poterant
578 813 753 896 proditores,
776 815 846 894 quia
865 826 973 896 egestas
995 813 1077 872 haud
1098 817 1183 874 lncile
1201 814 1328 877 habetur
1340 819 1405 878 sine
1425 817 1549 880 damno.
1573 821 1632 882 llos
1645 823 1737 904 igion

217 994 220 1002 Ι
330 928 460 1000 Marius,
482 923 589 1005 quibus
606 941 670 980 non
696 922 791 979 luerat
811 920 1025 979 committenda
1041 921 1129 1000 Resp.
1148 921 1232 982 duxit
1249 923 1288 982 ad
1305 923 1429 990 bellum.
1468 925 1524 984 Sed
1545 929 1619 986 forte
1636 949 1735 988 secum

326 1034 359 1094 L.
376 1033 473 1091 sillam
502 1034 651 1111 legatum,
670 1047 766 1086 unum
793 1027 830 1086 de
849 1026 1004 1096 nobilibus
1029 1028 1063 1087 in
1082 1029 1266 1108 provinciam
1285 1028 1379 1090 duxit.
1421 1031 1515 1112 Atque
1534 1031 1577 1091 ibi
1599 1035 1734 1094 conlecto

329 1139 454 1200 feliciter
474 1135 555 1195 bello
573 1122 602 1194 et
619 1132 768 1215 iugurtha
789 1144 879 1214 eapte
900 1133 939 1191 ud
964 1131 1070 1194 urbem
1092 1132 1203 1193 rediere
1223 1138 1358 1196 victores.
1398 1135 1495 1218 Atque
1511 1141 1610 1198 statim
1629 1141 1737 1200 virtute

329 1249 464 1332 cognita,
494 1243 604 1302 Marius
631 1243 664 1298 in
684 1238 814 1298 Galliam
832 1241 953 1313 missus,
979 1261 1044 1320 quae
1072 1249 1146 1300 tunc
1172 1240 1324 1301 Romanos
1348 1243 1423 1301 fines
1446 1241 1550 1303 hostili
1565 1247 1734 1306 incursione

330 1350 462 1412 vexabat.
498 1345 527 1407 3.
557 1345 668 1406 Eodem
704 1356 837 1426 tempore
865 1343 1051 1406 Mithridates
1080 1367 1149 1406 eum
1175 1350 1290 1428 magnis
1325 1350 1419 1427 copiis
1441 1351 1607 1412 universam
1638 1351 1734 1411 Asiam

328 1455 474 1535 urbesque
494 1454 641 1511 sociorum
663 1452 862 1533 expugnando
880 1463 969 1533 atque
990 1453 1134 1513 vastando
1156 1455 1248 1534 coepit
1268 1450 1406 1536 affligere.
1448 1453 1494 1514 ld
1515 1477 1604 1536 quem
1629 1455 1737 1516 coher-

328 1561 456 1621 cendum
482 1561 516 1620 b.
542 1560 622 1638 Sylla
649 1568 694 1618 est
720 1579 788 1629 cnm
809 1561 945 1618 exercitu
973 1557 1152 1642 destinatus,
1168 1567 1258 1639 nujus
1281 1563 1315 1624 in
1345 1559 1485 1621 sllrieano
1506 1560 1586 1620 bello
1610 1563 1734 1654 probata

328 1678 391 1728 erat
408 1667 539 1746 eorporis
558 1675 647 1746 atque
664 1668 760 1726 animi
776 1664 966 1746 magnitude..
1004 1665 1071 1725 Hoc
1088 1665 1140 1726 ubi
1161 1667 1255 1726 Mario
1274 1678 1461 1749 compertum
1480 1677 1539 1742 est,
1560 1671 1734 1743 terminare,

329 1774 413 1855 quod
436 1773 555 1855 gerebat
580 1772 733 1851 proelium,
755 1772 922 1846 festinavit,
942 1770 1085 1832 ethome
1107 1773 1232 1834 infinitae
1253 1773 1382 1852 cupidus
1410 1775 1528 1855 glorie,
1552 1793 1613 1833 uon
1641 1777 1736 1854 patie-

327 1880 415 1940 batur
431 1882 597 1939 libertatem
619 1877 853 1958 dignitatemque
870 1877 1038 1937 Romanam
1059 1880 1180 1936 alterius
1198 1879 1307 1946 virtute
1326 1876 1456 1938 delendi.
1486 1878 1625 1940 Contusis
1643 1882 1733 1962 igitur

329 1983 423 2048 Gallis
433 1994 601 2062 vastataque
613 1985 734 2041 natione
753 1985 874 2060 penitus
885 1981 1086 2040 Barbarorum
1100 1981 1228 2042 Romam
1247 1987 1357 2050 iterum
1371 1987 1466 2044 victor
1478 1987 1608 2051 intravit.
1628 1986 1732 2069 Itaque

328 2091 472 2152 instinctu
494 2095 557 2167 ejus
578 2085 731 2166 Sulpicius
752 2086 891 2153 tribunus
912 2086 1010 2167 plebis
1035 2090 1130 2170 legem
1151 2091 1238 2164 tulit,
1266 2100 1301 2150 ut
1320 2092 1486 2164 auferretur
1505 2095 1582 2172 sylla
1608 2095 1731 2174 provin-

329 2203 369 2258 tia
388 2217 424 2256 ae
449 2197 545 2256 Mario
573 2193 703 2253 daretur.
743 2191 809 2252 lloe
831 2194 912 2274 syllae
938 2192 992 2253 ubi
1017 2195 1196 2255 nunciatum
1216 2205 1276 2270 est,
1301 2195 1463 2256 Mnraeuam
1488 2199 1619 2278 legatum
1644 2219 1730 2260 sunm

325 2304 485 2384 provinciae
500 2299 724 2378 Valerianisque
745 2299 875 2378 praelecit
896 2298 1063 2377 militibus,
1082 2319 1156 2381 quos
1175 2299 1285 2375 infidos
1302 2300 1387 2362 bellis
1405 2302 1588 2388 existimabat
1601 2307 1665 2364 ¹esse
1687 2306 1733 2364 ei-

326 2407 455 2482 v-ilibus3
476 2415 592 2467 etcum
613 2416 698 2484 parte
715 2405 873 2480 exereitus,
894 2405 1011 2484 injuriae
1030 2403 1134 2466 dolere
1152 2418 1320 2480 commotus
1331 2448 1342 2481 ,
1362 2407 1401 2466 ad
1422 2407 1652 2490 extinguendam
1668 2411 1733 2470 Ma-

325 2516 441 2576 rianam
461 2513 542 2574 venit
559 2511 731 2578 factionem.
750 2509 857 2570 Statim
884 2521 920 2570 ut
941 2511 1069 2572 Romam
1094 2508 1192 2587 venit,
1213 2513 1397 2574 resistentem
1422 2512 1480 2573 sibi
1501 2515 1672 2596 Suspieium
1703 2529 1733 2582 et

224 2668 251 2688 ,
325 2620 473 2680 seditiosis
490 2616 688 2681 concionibus
705 2616 742 2678 ll.
758 2616 788 2684 P.
809 2617 1023 2679 disturbantem
1032 2660 1043 2694 ,
1062 2639 1132 2679 eum
1149 2621 1268 2702 multis,
1278 2638 1353 2700 quos
1371 2617 1430 2680 sibi
1446 2621 1542 2680 socios
1560 2621 1731 2698 adsciverat,

326 2725 503 2800 tnaeidavit,
522 2724 751 2806 atqnelllarium
772 2725 871 2805 ipsum
895 2720 1133 2784 machinatorem
1156 2730 1245 2784 tantae
1265 2725 1452 2784 contumeliae
1471 2727 1505 2784 in
1524 2726 1647 2788 exilium
1672 2731 1734 2790 im-

324 2842 397 2913 petn
417 2830 543 2894 detrusit
559 2849 733 2908 armornm,
752 2843 844 2913 atque
864 2831 928 2906 ille,
949 2829 1090 2912 quotiens
1107 2831 1220 2904 vietor,
1239 2847 1293 2911 per
1312 2827 1470 2891 Gallorum
1489 2841 1579 2913 atque
1600 2837 1730 2896 altorum

324 2957 412 3014 rura,
432 2959 497 3019 quae
515 2937 580 3019 lpse
598 2949 776 3013 vastaverat,
796 2937 958 3018 naufragus
973 2945 1065 3017 etque
1076 2955 1187 3020 egenus
1208 2937 1324 2996 erravit.
1346 2935 1397 3016 (4)
1419 2936 1498 3012 Dum
1520 2937 1582 3000 luce
1602 2953 1731 3024 aguntur

323 3042 422 3104 Cinna
444 3055 475 3103 et
492 3046 624 3106 ectauus
639 3045 725 3122 (anus
745 3039 836 3118 Cod.)
858 3042 927 3100 lacti
940 3051 1013 3100 suut
1025 3039 1188 3115 Consulem
1210 3061 1339 3122 quorum
1356 3040 1454 3104 Cinna
1467 3043 1505 3104 de
1520 3046 1653 3125 partibus
1667 3049 1731 3110 Ma-

324 3152 415 3211 runis
435 3151 503 3208 luit.
524 3149 582 3210 Hie
597 3152 691 3232 legem
706 3148 776 3207 tulit
793 3156 828 3206 ut
847 3148 920 3208 novi
940 3149 1038 3216 cives,
1058 3147 1111 3228 qni
1126 3148 1226 3230 alique
1241 3150 1357 3210 ratione
1369 3147 1538 3211 Romanam
1557 3165 1731 3236 acceperant

324 3258 492 3336 civitatem,
510 3276 580 3319 cum
606 3253 765 3324 veteribus,
792 3255 877 3312 nulla
899 3251 1078 3312 discretione
1095 3251 1268 3335 sull'ragium
1292 3256 1430 3317 lacerent.
1453 3256 1518 3318 Hoc
1535 3259 1675 3320 videlicet
1696 3263 1729 3322 in

323 3382 428 3422 eorum
450 3364 574 3446 gratiam
597 3359 741 3432 faciebat,
760 3360 813 3438 qui
831 3355 961 3418 Marium
980 3355 1130 3438 suffragiis
1152 3361 1211 3420 suis
1230 3363 1394 3422 extulerant
1414 3373 1444 3424 et
1461 3365 1653 3446 amplissimis
1669 3364 1729 3428 bo-

322 3470 445 3529 noribus
461 3468 646 3529 decorarant.

401 3575 460 3636 Sed
478 3573 539 3636 haee
564 3577 609 3634 lex
632 3571 849 3650 injuriosaerat
868 3575 902 3634 iu
922 3584 1032 3643 veteres
1053 3577 1150 3658 cives,
1173 3575 1226 3656 qni
1250 3576 1390 3654 meritum
1413 3577 1566 3660 dignitatis
1583 3578 1729 3642 videbun,

321 3695 371 3743 tur
393 3682 547 3757 amittere,
572 3682 598 3742 si
625 3700 693 3742 eum
720 3661 805 3741 novis
826 3680 958 3762 indignis
981 3681 1014 3738 in
1044 3681 1165 3744 serendo
1182 3679 1325 3763 suffragio
1343 3690 1549 3766 jungerentur.
1593 3685 1643 3748 Ob
1669 3685 1728 3748 bec

319 3793 421 3870 itaque
450 3787 589 3848 Octavius
611 3790 726 3867 collega
748 3797 932 3858 commotus,
964 3796 998 3845 ut
1027 3787 1223 3848 seditionibus
1250 3788 1432 3868 privaretur,
1461 3795 1606 3874 collegam
1638 3813 1725 3852 suum

319 3896 468 3976 Cinnam,
487 3892 691 3952 adnitentibus
709 3889 865 3952 veneribus
887 3891 1022 3973 civibus,
1043 3894 1209 3954 inexilium
1222 3894 1303 3954 misit
1322 3906 1467 3970 armatus,
1489 3899 1624 3957 munitus
1645 3897 1728 3958 vide·
1785 3933 1791 3944 ι

320 4005 391 4063 licet
410 4003 504 4081 copiis
521 4000 616 4079 Syllze.
659 3995 735 4069 Quae
753 4016 822 4055 eum
842 4009 1016 4078 agerentur,
1032 4001 1177 4060 maximus
1198 4021 1231 4060 ex
1250 4001 1382 4082 utrisque
1400 4003 1532 4082 partibus
1544 4003 1654 4063 civium
1671 4023 1727 4063 nu·

320 4127 418 4169 merus
437 4110 632 4182 interemptus
652 4109 706 4162 est.
745 4099 891 4181 Expulsus
919 4105 1011 4186 igitur
1041 4105 1141 4166 Cinna
1161 4126 1230 4166 cum
1257 4117 1411 4190 vagaretur
1436 4107 1475 4167 ad
1493 4106 1641 4191 Africam,
1671 4107 1724 4172 ubi

319 4214 428 4278 Marius
450 4215 538 4294 inops
557 4221 638 4286 erat,
671 4210 747 4287 forte
770 4213 920 4290 pervenit:
945 4218 1040 4292 atque
1060 4211 1105 4272 ibi
1124 4214 1346 4277 communicato
1372 4201 1535 4290 consilius
1557 4215 1724 4286 sollicitatis
