4050 5009
261 628 266 635 ’
360 678 952 761 ursronrlnuu
1001 677 1524 769 FRAGMENM

839 848 1032 923 Lini

299 1014 438 1087 ,Totius
459 1012 574 1101 operis
597 1012 738 1076 titulum
762 1012 859 1093 quod
882 1010 1023 1095 attinet,
1052 1010 1190 1077 nullum
1211 1018 1263 1081 est
1280 1012 1649 1087 dubium'Hr'storius

237 1120 332 1184 buno
351 1120 486 1185 librum
512 1118 618 1185 luisse
647 1116 871 1201 inscriptum,
896 1116 935 1179 id
959 1117 1056 1199 quod
1076 1137 1119 1183 ex
1137 1118 1331 1187 innumeris
1354 1130 1510 1189 veterum
1527 1126 1652 1191 Gram-

167 1293 173 1301 ,
238 1226 445 1290 maticorum
465 1226 553 1291 locis
569 1222 788 1289 menifestum
807 1230 873 1303 est;
892 1222 1024 1310 quippe
1038 1224 1212 1306 quiidem
1234 1245 1363 1292 nomen
1384 1229 1543 1297 catilina
1561 1234 1651 1299 adeo

239 1338 274 1396 et
290 1332 469 1417 Jugurtbae
484 1330 678 1416 imponunt.
699 1328 761 1395 cfr.
776 1330 911 1397 Indices
926 1330 1018 1399 vett.
1038 1332 1191 1398 Gramm.
1206 1332 1247 1397 in
1265 1333 1419 1400 Fabricii
1435 1336 1650 1403 Bibliotheca

240 1436 362 1499 latina
371 1435 450 1503 Vol.
461 1436 608 1501 llI.-I.-
628 1436 701 1503 Res
713 1435 849 1523 populi
860 1433 1033 1505 Romani.
1051 1442 1150 1515 ,Hoc
1160 1448 1275 1505 autem
1284 1440 1653 1527 primolocobistoriae

237 1540 352 1627 posui,
379 1544 475 1625 quod
504 1542 661 1609 Tiberius
689 1546 846 1610 Donatus
872 1546 936 1610 sub
967 1544 1111 1611 initium
1137 1547 1329 1628 Aeneidos,
1359 1546 1568 1635 Virgilium,
1585 1547 1652 1632 qui

238 1648 335 1733 prius
355 1667 449 1735 rem,
468 1649 595 1717 deinde
615 1652 771 1737 posuerit
788 1672 991 1740 personam,
1016 1654 1067 1732 ita
1086 1663 1240 1741 tueatur,
1258 1662 1299 1719 ut
1315 1654 1524 1735 Salustium,
1555 1653 1654 1720 omni

237 1752 428 1819 metrorum
445 1756 577 1823 ratione
594 1757 764 1847 liberum,
784 1760 834 1827 sic
857 1760 1039 1828 historiam
1061 1761 1204 1848 coepisse
1223 1761 1360 1836 scribit,
1378 1760 1496 1846 primo
1513 1768 1654 1845 utrem,

237 1878 319 1923 mor
335 1862 460 1949 populi
477 1866 628 1929 Romani
645 1886 829 1952 personam
848 1877 1026 1953 poneret.»
1046 1866 1195 1937 Carrio.
1211 1868 1344 1935 eremit
1357 1864 1478 1931 Rufini
1495 1864 1654 1931 testimo·

235 1964 337 2047 nium
366 1968 427 2035 cfr.
452 1972 496 2036 de
520 1990 669 2059 compos.
691 1983 727 2041 et
746 1974 865 2041 metris
885 1976 980 2040 Orat.
998 1994 1034 2061 p·
1051 1976 1122 2040 ³56.
1153 1976 1216 2041 Ed.
1232 1975 1452 2060 Caperroner.
1483 1974 1605 2047 ,Nunc
1620 1970 1653 2035 si

236 2070 389 2157 videtur,
407 2076 609 2145 Sslustianae
628 2080 768 2164 periodi
784 2100 946 2147 numeros
962 2079 1203 2166 inspiciamus:
1222 2084 1295 2149 Res
1302 2102 1409 2164 popu
1424 2078 1602 2163 dactylus,
1624 2073 1656 2141 1⁸⁶

239 2174 419 2257 Romani,
433 2180 568 2240 Murco
581 2190 650 2243 tres
662 2187 834 2262 spondet,
849 2181 986 2265 Lepido
1002 2198 1202 2267 anapaestus.
1214 2181 1378 2263 Quincto
1394 2182 1533 2247 Catulo
1548 2198 1656 2260 spon·

240 2280 337 2343 daus
356 2286 390 2343 ct
406 2288 609 2366 anapestus,
633 2280 856 2351 Consulibus
872 2302 972 2369 paean
989 2284 1142 2371 primus3
1163 2297 1209 2345 uo
1227 2278 1354 2344 deinde
1374 2280 1566 2347 dichoraeus
1582 2282 1656 2347 sive

240 2382 464 2465 ditrochaeum
484 2382 602 2450 militi
619 2390 792 2473 dactylus3
814 2397 851 2451 et
869 2384 971 2453 domi
980 2386 1141 2469 creticus,
1151 2390 1275 2473 gestus
1290 2388 1487 2471 spondeus,
1508 2407 1655 2473 compo-

239 2485 302 2552 sui
318 2490 572 2557 choriambus.»
599 2493 648 2556 Er
663 2492 720 2557 his
741 2492 857 2559 verbis
875 2491 1102 2579 intelligitur,
1122 2487 1309 2554 Salustium
1335 2490 1441 2555 initio
1463 2492 1551 2557 libri
1567 2513 1658 2559 non-

243 2597 327 2660 dum
349 2606 480 2664 certum
498 2600 672 2684 quendam
693 2600 817 2687 finem,
837 2604 881 2665 ad
898 2619 1002 2683 quem
1018 2594 1088 2663 sibi
1101 2594 1396 2683 progrediendum
1417 2616 1490 2664 esse
1505 2600 1654 2685 putavit,

246 2704 475 2771 constituisse.
500 2707 566 2772 sed
591 2707 625 2774 ei
644 2708 831 2773 consilium
849 2706 973 2793 luisse,
992 2724 1103 2789 usque
1124 2708 1170 2769 ad
1188 2704 1391 2772 Ciceronem
1411 2712 1446 2771 ct
1462 2706 1657 2783 Antonium

242 2811 399 2875 eonsules
415 2816 484 2876 Res
504 2835 538 2897 p.
561 2816 603 2877 R.
622 2816 852 2899 perscribere,
872 2814 1048 2899 plerisque
1066 2812 1250 2897 probabile
1268 2812 1383 2876 visum
1402 2820 1471 2894 est,
1490 2814 1587 2893 quod
1603 2814 1653 2876 ita

242 2912 384 2980 libellus
415 2920 459 2981 de
485 2918 724 2995 conjuratione
747 2920 950 2982 Catilinaria
969 2925 1049 2996 apte
1067 2914 1293 2973 historiarum
1317 2911 1420 2973 libris
1442 2914 1658 2978 continuare-

245 3024 311 3081 tur.
330 3018 397 3081 Sed
417 3020 584 3101 hocopus
603 3035 623 3078 a
638 3018 786 3079 Salustio
801 3016 997 3077 absolutum
1010 3011 1117 3079 fuisse
1127 3014 1229 3081 valde
1242 3016 1382 3098 dubito;
1402 3016 1442 3081 in
1455 3016 1658 3105 fragmentis

244 3123 339 3190 enim
362 3123 517 3205 quinque
533 3122 724 3204 librorum,
744 3138 820 3201 quae
839 3116 1102 3202 ascriptoribus
1118 3120 1319 3207 laudantur,
1338 3143 1447 3208 pauca
1461 3134 1558 3210 sunt,
1577 3144 1656 3209 quar

244 3232 363 3293 adres
386 3248 407 3291 a
427 3226 591 3314 Pompejo
610 3229 648 3291 iu
671 3226 751 3290 Asia
772 3231 882 3313 gestas
905 3226 1087 3289 commode
1105 3224 1229 3291 referri
1251 3226 1393 3311 possint.
1412 3232 1579 3296 Praeterea
1588 3233 1657 3294 Au·

244 3333 337 3402 sonii
355 3354 472 3399 versus
496 3334 555 3399 cir.
574 3336 764 3399 comment.
786 3333 823 3394 P.
840 3332 866 3393 I.
884 3352 918 3417 p.
942 3346 990 3409 14.
1004 3328 1201 3417 siguificare
1220 3332 1396 3418 ridentur,
1416 3331 1505 3397 belli
1521 3334 1659 3397 Mithri·

247 3441 352 3506 datici
375 3439 481 3506 finem
508 3441 563 3505 his
589 3440 628 3503 iu
648 3440 749 3504 libris
768 3458 840 3503 non
866 3435 970 3503 fuisse
997 3438 1241 3523 perscriptum
1269 3456 1353 3502 nam
1374 3436 1502 3503 iudea
1523 3438 1658 3525 Lepido

249 3546 442 3630 crudoque
472 3550 566 3611 Coss.
589 3555 724 3611 tanturn
754 3544 936 3609 duodecim
964 3563 1137 3608 annorum
1163 3564 1217 3609 res
1249 3562 1271 3605 a
1292 3544 1441 3610 Salustio
1469 3544 1658 3613 illustratas

247 3651 353 3717 fuisse
375 3651 506 3729 inuuit3
529 3653 577 3715 ita
600 3662 639 3717 ut
654 3650 858 3717 Debrossius
873 3652 967 3716 haud
982 3650 1159 3715 immerito
1177 3650 1403 3714 historiarum
1422 3652 1534 3717 libros
1548 3672 1657 3737 usque

214 3755 217 3761 ’
248 3761 294 3826 ad
312 3756 470 3843 Pompeji
490 3765 524 3821 et
544 3758 682 3824 Luculli
696 3767 901 3825 conuentum
920 3758 959 3822 in
976 3755 1131 3842 Phrygia
1148 3757 1312 3822 deductos
1330 3756 1453 3845 fuisse,
1473 3760 1659 3843 conjecisse
1682 3807 1687 3813 -

249 3866 416 3934 rideatur.
442 3864 626 3928 Salustium
645 3866 753 3954 igitur
770 3875 829 3931 aut
848 3866 919 3929 alia
941 3882 1041 3929 causa
1061 3864 1279 3950 prohibitum
1299 3873 1359 3930 aut
1376 3874 1487 3932 morte
1501 3886 1659 3953 praven-

250 3982 325 4039 tum
342 3971 445 4037 fuisse
462 3970 634 4057 existimo,
657 3974 860 4055 quominus
878 3992 980 4058 opus,
1001 3976 1096 4055 quod
1116 3971 1325 4051 instituerat,
1345 3973 1390 4034 ad
1408 3972 1513 4036 finem
1531 3972 1658 4055 perdu-

252 4084 360 4156 ceret,
381 4078 462 4143 odio
484 4078 578 4143 enim
599 4080 754 4183 Pompeji
768 4080 976 4168 impulsum,
996 4100 1052 4145 res
1069 4081 1114 4144 ab
1131 4100 1173 4146 eo
1188 4080 1352 4167 praeclare
1366 4087 1476 4165 gestas
1496 4090 1657 4140 enamre

252 4183 423 4269 noluisse,
442 4184 587 4272 indigna
607 4193 703 4250 tanto
724 4188 869 4254 homine
888 4186 1038 4273 suspicio
1058 4196 1119 4254 cst.
1138 4186 1214 4251 Nisi
1235 4186 1325 4251 forte
1341 4184 1493 4265 judicas,
1512 4176 1658 4242 Salusti-

224 4290 240 4309 “
251 4312 326 4377 um,
346 4292 442 4374 quod
457 4291 619 4357 historias
632 4291 671 4357 in
680 4293 818 4359 Lumrlli
825 4292 964 4374 juvenis
983 4292 1131 4381 gratiam
1141 4290 1395 4391 conscripserit,
1414 4286 1526 4372 (quod
1540 4282 1658 4353 nescio
