4050 5009
379 402 429 453 111

382 557 768 637 Salustinmvaluerit.
794 563 877 638 lmo
894 558 1041 639 exilitas
1055 562 1156 654 soni,
1182 588 1299 668 quam
1319 563 1393 639 iam
1416 565 1569 669 antiqui
1585 558 1715 643 Critici
1736 563 1777 639 in

381 681 456 759 bac
470 712 610 760 vocum
631 686 900 762 terminatione
925 704 1136 777 notarunt,
1163 689 1384 763 Salustianae
1405 690 1585 765 orationis
1607 688 1780 794 gravitati

381 834 523 913 parum
539 826 790 887 consentanea
810 837 886 887 esse
906 810 1065 886 ridetur.
1096 811 1168 887 Sed
1188 839 1277 887 cum
1297 812 1381 888 baec
1399 839 1456 888 res
1477 814 1527 888 sit
1552 813 1783 917 impeditior,
1859 806 1862 811 ’

383 959 502 1036 quam
523 960 609 1037 quae
633 935 765 1039 paucis
782 935 901 1039 'possit
919 935 1079 1025 absolvi,
1106 936 1154 1011 de
1169 934 1440 1042 orthographia
1462 937 1673 1011 Salustiana
1693 936 1783 1011 fusi-

384 1083 429 1132 us
448 1058 489 1132 in
509 1059 790 1134 commentariis
809 1086 928 1165 agam.
969 1061 1052 1135 Hoc
1070 1088 1196 1136 unum
1215 1063 1409 1137 monitum
1430 1062 1562 1153 velim,
1585 1062 1784 1167 superlati·

384 1182 421 1256 vi
453 1181 598 1257 exitum
619 1182 662 1257 in
680 1210 837 1271 sumum,
863 1210 979 1286 quem
1005 1186 1165 1276 retinui,
1192 1186 1233 1260 in
1267 1187 1377 1263 nullo
1403 1212 1576 1261 meorum
1607 1186 1784 1262 codicum

385 1305 476 1410 legi,
510 1333 559 1381 ne
585 1307 735 1381 Cortius
764 1305 921 1409 quidem
954 1309 1145 1412 ceterique
1176 1309 1348 1385 Editores
1379 1325 1586 1401 testantur,
1609 1334 1647 1385 se
1675 1310 1784 1383 istam

386 1430 696 1505 terminationem
712 1430 755 1504 in
772 1430 879 1505 libris
897 1432 981 1505 Mss.
1003 1432 1195 1507 invenisse.
1228 1433 1408 1509 Occurrit
1424 1433 1580 1536 quidem
1601 1433 1639 1506 in
1659 1431 1783 1509 Plauti

388 1554 521 1645 Codd.,
545 1555 660 1629 etiam
677 1555 719 1629 in
739 1554 927 1630 Vaticano
944 1556 1136 1631 Ciceronis
1158 1555 1307 1647 Codice,
1326 1572 1441 1660 atque
1460 1557 1600 1661 passim
1624 1558 1665 1631 in
1687 1556 1785 1631 anti-

327 1690 331 1695 ’
385 1678 472 1780 quis
491 1679 749 1753 monumentis
768 1705 799 1752 v.
820 1705 849 1752 c.
870 1679 910 1752 in
926 1677 1155 1783 cenotaphio
1167 1680 1309 1755 Caiano
1333 1696 1449 1783 atque
1467 1680 1509 1755 in
1530 1680 1786 1785 inscriptioni-

386 1803 458 1877 bus
472 1802 639 1905 antiquis
655 1829 677 1877 a
697 1802 865 1877 Gmtero
882 1801 1066 1896 collectis;
1090 1802 1155 1877 sed
1174 1802 1337 1878 Salustio
1353 1804 1473 1879 solam
1487 1802 1590 1881 banc
1608 1804 1787 1880 termina-

387 1925 531 2001 tionem
545 1927 725 2001 usitatam
743 1926 871 2016 fuisse,
888 1926 1064 2002 nondum
1089 1925 1260 2001 adducor
1279 1942 1325 2001 ut
1352 1927 1512 2003 credam.
1557 1930 1655 2004 Nam
1683 1928 1787 2032 quod

386 2070 566 2151 optumus,
592 2075 801 2135 maranus,
821 2077 1028 2151 promens
1046 2049 1247 2139 scribitur,
1265 2050 1355 2125 inde
1371 2078 1452 2125 non
1470 2051 1647 2143 efficitur,
1672 2060 1788 2128 iusn's-

385 2203 524 2261 sumus,
548 2177 778 2261 sinullumns,
797 2178 988 2275 plurumos
1008 2198 1084 2249 esse
1100 2174 1355 2249 scribendum.
1399 2174 1471 2250 Sed
1490 2176 1559 2250 ista
1580 2176 1789 2279 antiquita-

386 2301 432 2375 tis
455 2299 608 2404 vestigia
631 2298 756 2375 delere
781 2298 912 2404 religio
933 2299 1025 2391 fuit,
1050 2325 1140 2373 cum
1160 2314 1319 2387 certam,
1342 2324 1459 2401 quam
1485 2324 1660 2403 aequem
1680 2326 1788 2405 regu·

388 2424 482 2516 lam,
511 2451 592 2498 non
613 2422 802 2499 haberem.

487 2550 548 2623 De
573 2548 795 2641 Codicibus,
825 2576 847 2624 a
873 2544 1065 2653 prioribus
1088 2546 1240 2623 Salustii
1270 2546 1479 2624 editoribus
1496 2547 1667 2638 collatis,
1693 2573 1787 2650 quos

387 2673 526 2775 passim
548 2672 717 2764 laudari,
741 2673 873 2776 paucis
891 2699 1009 2778 agam.
1044 2673 1130 2748 Non
1156 2672 1261 2747 enim
1279 2688 1335 2747 est
1355 2672 1559 2748 consilium
1578 2698 1707 2747 omnes
1724 2671 1788 2746 Sa-

388 2796 494 2872 lustii
506 2797 676 2888 Codices,
699 2798 770 2901 qui
790 2796 832 2871 in
854 2793 1097 2871 bibliothecis
1115 2812 1368 2887 asservantur,
1391 2822 1601 2885 recensere,
1625 2795 1787 2871 sedeatis

389 2919 512 2997 habeo
529 2947 590 2998 eos
609 2920 797 3010 indicare,
822 2946 990 3023 quorum
1010 2919 1052 2993 in
1070 2920 1169 2994 notis
1192 2920 1429 2995 mentionem
1450 2920 1531 2995 feci.
1555 2921 1595 3018 ’'r')

393 3044 583 3122 Gloreono
596 3045 685 3121 Aldi
699 3062 736 3120 et
756 3046 844 3119 Iulii
863 3043 982 3119 Gothi
1002 3046 1157 3118 Codices
1171 3042 1339 3118 subsidio
1357 3024 1539 3139 luerunt3
1565 3070 1659 3147 quos
1680 3045 1790 3118 raris·

389 3170 482 3244 sime
506 3170 654 3259 laudat,
681 3194 817 3270 quare,
832 3169 969 3270 quanti
988 3166 1261 3257 sintfaciendi,
1275 3166 1464 3241 incertum
1475 3182 1537 3241 est
1577 3169 1790 3271 Interpre-

390 3272 587 3371 stantiores
621 3294 841 3371 refertmtur
863 3294 960 3368 Rivis·
983 3289 1087 3378 libri,
1115 3290 1430 3393 Merseburgensis
1458 3305 1496 3363 et
1523 3290 1555 3363 F
1555 3290 1788 3382 abricianus,

392 3437 507 3522 quem
529 3418 641 3509 dicit,
666 3417 772 3523 quod
799 3446 821 3493 a
852 3415 1028 3492 Fabricio
1051 3414 1129 3489 eius
1156 3411 1382 3517 inspiciendi
1405 3412 1514 3515 copia
1533 3412 1568 3488 ei
1598 3412 1697 3488 facta
1727 3430 1788 3490 est„

432 3620 460 3696 ⁸)
481 3618 656 3677 incredibile
673 3628 715 3678 est
729 3612 909 3691 memoratu,
931 3624 1041 3696 quanta
1053 3614 1089 3673 sit
1103 3612 1331 3673 Salustianorum
1352 3609 1447 3671 Codd.
1462 3612 1557 3691 copia.
1592 3609 1677 3693 Apud
1694 3614 1790 3671 solum

392 3724 658 3796 blouteialconem,
679 3722 770 3800 (Dior.
786 3718 883 3785 ltalia.
900 3732 928 3780 et
944 3719 1076 3800 Catalog.
1087 3718 1172 3795 Mes.)
1193 3717 1320 3797 amplius
1333 3726 1451 3775 centum
1470 3715 1574 3797 viginti
1591 3727 1791 3775 numerantur.

392 3828 551 3888 Mediolani
566 3825 783 3887 inbibliotheca
802 3824 991 3885 Ambrosiam
1012 3823 1079 3882 x11.
1092 3820 1215 3883 Codices
1232 3831 1415 3894 asservantur,
1435 3820 1472 3880 de
1490 3820 1595 3900 quibus
1612 3818 1672 3881 haee
1693 3820 1731 3878 ad
1750 3824 1790 3881 V.

392 3933 430 3993 D.
449 3932 594 3994 Omllium
609 3934 767 4012 perscripta
786 3940 872 4004 sunt,
893 3949 975 4009 quae,
998 3940 1055 4007 qua
1073 3929 1175 3987 assolet
1186 3924 1385 3999 humanitate,
1408 3944 1524 3983 mecum
1541 3926 1790 3987 communicaritr

398 4039 437 4116 r.)
459 4037 534 4097 Cod.
555 4035 716 4096 membran.
733 4054 795 4096 saee.
810 4034 876 4093 ΧΗ.
895 4031 1002 4092 scholis
1018 4028 1250 4091 interlinearibus
1266 4028 1432 4108 adsparsusr
1452 4027 1499 4087 Dc
1513 4027 1716 4089 coniuratione
1728 4026 1791 4087 Co·

394 4142 515 4215 relinet,
537 4153 599 4201 tum
615 4142 759 4200 mcundus
779 4138 851 4198 liber
867 4139 904 4197 de
923 4136 1090 4214 belingario
1116 4132 1195 4193 inter
1212 4154 1279 4213 pop.
1301 4133 1388 4193 Rom.
1406 4152 1444 4192 cx
1460 4153 1522 4193 uno
1537 4142 1623 4212 parte
1643 4142 1671 4191 ct
1692 4152 1789 4212 regem

394 4248 572 4326 Iugurtham
588 4264 625 4305 cx
640 4244 744 4303 altero.
765 4242 880 4303 ridetur
897 4242 1021 4321 scriptus
1037 4240 1068 4299 in
1089 4238 1235 4319 Hispaniis
1250 4248 1301 4297 aut
1312 4236 1423 4297 Galliis.
1446 4238 1486 4315 a.)
1501 4237 1577 4297 Cod.
1590 4236 1713 4298 blembr.
1726 4258 1789 4299 saec.

394 4352 476 4413 xul.
497 4349 612 4411 duobos
627 4346 839 4411 characteribus
861 4356 1008 4418 exaratru3
1021 4348 1155 4425 *qnorum
1174 4343 1246 4403 alter
1262 4326 1375 4416 recens}
1395 4343 1491 4403 saculi
1510 4362 1617 4423 nempe
1637 4341 1704 4406 XV.
1727 4338 1790 4402 Co-
