4050 5009
379 402 534 453 -xvtn

453 561 986 654 Chartaceus‚recentissimus
1001 580 1040 641 et
1056 565 1371 672 negligentissime
1389 566 1551 671 scriptus
1577 582 1639 643 est
1674 572 1852 645 Ceterum

453 714 583 763 omnes
594 688 644 762 ad
654 686 1055 764 meliomm'tibrorum
1068 691 1332 766 auctoritatem
1342 691 1569 768 firmandam
1579 693 1707 786 utiles3
1719 710 1854 798 praete·

453 839 517 886 rea
536 812 669 913 quade
679 838 791 886 causa
801 813 869 887 alii
881 814 972 887 libri
993 813 1124 888 multis
1138 815 1179 888 in
1201 814 1291 888 locis
1304 816 1475 917 corrupti
1491 814 1588 904 siut,
1613 818 1720 891 exiis
1741 818 1856 891 intel-

454 935 555 1040 ligas.
579 938 840 1038 Ber-gerimus,
865 964 910 1013 ex
923 936 1156 1013 bibliotheca
1181 938 1401 1027 Misenensi,
1425 938 1562 1013 saeculo
1578 941 1678 1015 XIV.
1692 944 1857 1044 scriptus

455 1085 530 1133 esse
559 1060 717 1134 videtur.
765 1062 822 1133 Ex
846 1088 890 1134 eo
910 1086 1050 1164 paucas
1069 1060 1246 1135 lectiones
1261 1058 1416 1135 Co'rtius
1448 1063 1614 1152 notavit,
1640 1066 1750 1165 quia,
1775 1092 1856 1165 quo

456 1187 624 1287 tempore
656 1211 745 1258 eum
765 1184 950 1288 inspexit.
976 1210 1071 1289 opus
1104 1210 1212 1287 paene
1237 1184 1454 1259 absolverat
1507 1186 1702 1262 Gudianus
1726 1188 1854 1285 (bibl.

456 1308 557 1382 Gutb
575 1309 671 1406 181.)
685 1309 843 1383 Membr.
862 1308 1046 1404 cumalia
1060 1309 1250 1384 Ciceronis
1271 1308 1474 1412 opuscula,
1500 1326 1583 1385 tum
1613 1310 1857 1385 declamatio-

456 1460 545 1522 nes,
576 1458 669 1535 quae⁴
683 1434 813 1537 Crispo
842 1431 1001 1536 adiungi
1035 1431 1178 1520 solent,
1204 1434 1399 1507 continet.
1425 1433 1514 1507 Haec
1540 1434 1588 1509 de
1604 1435 1686 1509 Mss.
1709 1436 1856 1510 Curtia-

458 1558 526 1631 nis.
552 1558 650 1631 Nam
671 1556 786 1631 Editt
805 1572 962 1646 veteres,
984 1580 1078 1656 quas
1094 1552 1280 1645 laudavit,
1306 1556 1460 1647 omitto,
1485 1584 1610 1660 neque
1634 1556 1678 1633 iis
1688 1558 1858 1632 multum

457 1680 571 1783 pretii
595 1680 840 1755 statuendum
864 1706 939 1754 esse
960 1678 1111 1771 censeo'5
1143 1706 1232 1753 oum
1254 1680 1358 1753 enim
1376 1706 1444 1755 nos
1464 1680 1600 1785 fugiat,
1626 1680 1859 1783 adquorum

459 1803 575 1880 Codd.
597 1803 711 1881 iidem
736 1803 815 1877 istae
836 1804 918 1878 sint'
934 1803 1032 1907 typis
1050 1803 1243 1907 exscriptae
1250 1835 1261 1899 3
1283 1802 1364 1877 fieri
1385 1820 1521 1909 potest,
1541 1819 1586 1878 ut
1606 1804 1741 1909 saepius
1760 1805 1859 1881 eius-

460 1927 546 2004 dem
568 1928 658 2003 libri
679 1926 855 2002 lection‘es
873 1942 930 2001 ter
958 1943 1137 2028 quaterue
1157 1925 1382 2023 laudentur,
1408 1927 1472 2002 sed
1491 1926 1566 2002 alio
1597 1929 1761 2003 nomine.
1859 1966 1861 1975 ·

535 2052 625 2127 Cod.
642 2052 937 2153 Tegernseensis,
961 2050 1004 2124 in
1020 2047 1259 2124 bibliotheca
1269 2050 1486 2125 monasterii
1500 2050 1667 2126 bavarici
1691 2052 1784 2127 olim
1802 2079 1859 2129 as·
1931 2050 1933 2055 ’

456 2192 643 2266 servatus,
671 2176 753 2250 iam
783 2175 887 2249 haud
921 2174 1038 2248 dubie
1062 2173 1269 2248 Monacum
1290 2173 1493 2259 translatus
1513 2230 1538 2265 ,v
1555 2175 1710 2249 membr.
1735 2176 1859 2250 forma

459 2317 589 2375 octava
601 2298 919 2401 „antiquissimus
938 2314 976 2371 et
1000 2296 1126 2371 nitore
1145 2296 1317 2401 insignis,
1342 2297 1514 2372 continet
1530 2298 1681 2374 Saltutii
1698 2318 1735 2374 et
1756 2301 1859 2374 Cice·

459 2431 561 2499 ratiis
587 2429 792 2507 invectivas,
824 2430 981 2525 quatuor
1010 2420 1196 2495 Ciceronis
1216 2424 1399 2496 orationes
1415 2426 1460 2493 *in
1485 2420 1699 2512 Catilinam,
1725 2423 1860 2498 bellam

462 2548 715 2622 Caulinarium
742 2564 778 2621 et
801 2547 1065 2645 Iugurthinum.
1115 2543 1346 2619 Litterarum
1370 2543 1506 2618 ductus
1534 2536 1626 2619 sunt
1654 2547 1802 2621 venusti
1817 2564 1858 2621 et

460 2671 670 2760 crassiores,
693 2696 833 2773 pauca,
857 2693 944 2770 quae
965 2666 1077 2743 facile
1091 2666 1297 2772 intelligas,
1320 2684 1529 2743 occurrunt
1546 2668 1735 2744 scribendi
1756 2696 1858 2745 com-

459 2794 625 2900 pendia,
650 2792 691 2868 id
720 2793 825 2896 quod
852 2789 942 2866 libri
970 2791 1239 2894 antiquitatem
1266 2807 1381 2893 atque
1408 2792 1677 2867 auctoritatem
1690 2794 1777 2868 satis
1802 2820 1864 2870 os-.

460 2918 592 2993 tendit
630 2917 746 2992 Pauci
767 2932 919 2990 tantum
935 2924 1062 2991 versus
1082 2914 1371 3017 antiquitataet
1388 2940 1460 2989 usu
1480 2914 1723 3017 aliquantum
1746 2918 1861 2992 oblit-

460 3042 579 3117 terati.
613 3044 658 3117 In
681 3040 807 3113 fronte
827 3039 974 3124 Codicis
995 3037 1310 3119 Bibliotbeoarius
1334 3039 1499 3129 notarit,
1519 3065 1608 3113 eum
1626 3066 1655 3112 a
1676 3043 1860 3117 Comerco

459 3168 490 3241 F
492 3164 692 3255 ramundo,
711 3164 929 3265 presbytero
941 3179 980 3235 et
990 3164 1181 3238 monacho
1193 3162 1466 3265 Tegernseensi,
1486 3160 1586 3235 circa
1606 3162 1764 3238 initium
1780 3191 1870 3253 sae

459 3292 523 3365 XL
539 3289 724 3392 scriptum
746 3285 866 3362 fuisse.
903 3285 975 3395 Setl
991 3285 1144 3360 Salustii
1162 3283 1328 3359 historiae
1352 3283 1459 3360 baud
1478 3283 1609 3360 eadem
1627 3314 1756 3377 manu,
1782 3316 1858 3391 qua

462 3412 652 3491 Ciceronis
664 3411 868 3501 orationes,
880 3410 1030 3514 scriptae
1049 3432 1123 3483 esse
1135 3408 1321 3483 videntur.
1340 3407 1429 3482 Coit
1445 3410 1682 3509 Erlaugensis
1704 3412 1782 3506 (Ac.
1794 3416 1864 3487 vl.-

463 3538 627 3633 3‚241.)
653 3536 754 3609 circa
773 3534 917 3608 exitum
943 3530 1071 3607 saeculi
1093 3531 1174 3605 Xlt
1196 3530 1386 3634 eleganter
1408 3531 1591 3633 scriptus,
1612 3530 1733 3608 forma
1764 3563 1859 3638 qua·

461 3660 589 3748 drata,
614 3659 760 3735 bellum
780 3656 1048 3757 catilinarium
1061 3671 1100 3729 et
1112 3650 1385 3759 Iugurthinum
1407 3654 1597 3743 continet,
1616 3672 1654 3729 et
1668 3657 1862 3760 antiquio-

462 3812 543 3861 rem
567 3783 712 3859 librum
730 3784 841 3857 bonae
857 3772 957 3857 notae
984 3779 1193 3884 exprimere
1207 3776 1366 3853 videtur.
1404 3776 1518 3852 Plura
1536 3776 1653 3853 habet
1665 3782 1855 3857 scribendi

463 3908 708 4012 compendia,
739 3908 778 3981 et
803 3931 892 3981 cum
914 3905 956 3978 in
974 3903 1143 3980 versibus
1164 3900 1490 3989 interlinearibus,
1521 3916 1603 3975 tum
1623 3902 1664 3975 in
1680 3906 1860 4009 *margine

350 4127 354 4135 ³
462 4032 605 4117 scholia
629 4030 850 4134 permulta,
875 4028 1015 4129 quibus
1044 4024 1102 4101 vel
1123 4048 1181 4099 res
1196 4024 1256 4099 vel
1283 4023 1396 4099 verba
1423 4048 1527 4099 more
1547 4038 1716 4101 veterum
1735 4056 1860 4131 gram-

464 4157 690 4232 maticorum
715 4170 755 4229 et
776 4152 1023 4256 glossatorum
1044 4146 1293 4252 explicantur.
1328 4145 1478 4221 Litterae
1503 4145 1665 4221 initiales
1695 4151 1856 4253 picturis

429 4291 433 4298 ’
461 4297 554 4358 sunt
576 4294 728 4355 ornatae.
776 4276 855 4351 Sub
876 4272 992 4350 finem
1015 4268 1209 4377 Iugurthae
1229 4268 1303 4347 boc
1321 4266 1511 4347 distichon
1530 4269 1683 4376 legitur:
