4050 5009
388 412 457 469 m

385 595 532 654 mortem
560 606 632 652 non
658 586 854 673 deprecari,
879 587 1009 674 quippe
1031 610 1130 673 quam
1156 589 1213 655 vel
1239 586 1429 654 honestam
1459 606 1531 659 esse
1562 595 1698 677 docest3
1721 599 1797 679 jam

386 698 479 779 quod
497 714 621 781 corpus
641 690 838 785 ingenuum
860 705 927 781 est,
947 697 984 759 id
1006 696 1140 759 nullam
1155 696 1228 759 vim
1243 696 1421 762 sententie
1439 698 1553 785 addit,
1574 705 1633 766 sed
1639 748 1649 781 ,
1671 704 1701 768 si
1722 726 1798 770 cor·

386 820 452 885 pus
464 800 537 879 jam
561 799 740 863 infirmum
762 810 799 867 et
817 801 1011 867 coniectum
1030 810 1123 886 erut,
1144 802 1253 888 magis
1271 805 1460 889 expetenda
1482 826 1547 890 pro
1566 810 1678 893 petria
1697 830 1796 879 mors.

386 906 458 972 vita
476 906 569 971 enim
587 926 779 971 erumnose
793 917 959 974 eternum
978 912 1082 973 decus
1096 909 1250 973 mutavit.
1271 908 1331 972 cfr.
1342 910 1421 995 Jug.
1431 907 1654 977 moriturum
1670 911 1800 998 potius

388 1033 494 1096 quam
518 1050 561 1065 -
584 1009 735 1078 incertos
767 1036 813 1078 oc
838 1010 1007 1103 forsitan
1033 1020 1122 1098 post
1149 1017 1269 1098 paulo
1304 1016 1432 1081 morbo
1467 1012 1673 1084 interituros
1716 1018 1799 1086 vitos

381 1128 568 1202 parceret.
589 1120 707 1201 Itaque
733 1119 859 1183 vitium
883 1120 991 1187 latere
1022 1120 1217 1205 putaverim
1243 1120 1408 1203 locusque
1433 1122 1627 1202 conjectura
1660 1124 1798 1189 videtur

390 1246 462 1290 esse
484 1226 665 1288 sanandus.
685 1224 776 1289 Mihi
803 1229 876 1291 haec
901 1227 1155 1291 succurrebant.
1184 1227 1327 1310 Neque,
1355 1224 1492 1291 morbis
1517 1249 1618 1318 oegro
1645 1249 1799 1312 corpore

389 1340 452 1397 etc.
472 1351 548 1413 quae
567 1332 763 1410 conjectura
778 1353 820 1397 eo
840 1333 1037 1398 confirmari
1050 1333 1205 1417 videtur,
1226 1335 1321 1416 quod
1337 1332 1456 1396 Cicero
1473 1336 1564 1400 Brut.
1581 1336 1629 1398 55.
1651 1334 1799 1398 laterum

391 1437 626 1501 infirmi-tatem
645 1448 678 1502 et
691 1438 821 1502 virium
836 1438 1116 1505 imbecillitatem
1133 1439 1173 1502 in
1191 1440 1290 1502 Cotta
1305 1447 1417 1517 notat3
1437 1458 1542 1525 penes
1563 1438 1798 1524 intelligentes

390 1543 436 1609 sit
448 1543 631 1623 judicium.
658 1554 748 1610 certe
780 1541 932 1628 corpori
943 1544 1063 1632 finem
1077 1540 1212 1634 facere
1236 1545 1382 1609 barbare
1405 1543 1552 1627 dictum,
1573 1564 1685 1626 neque
1705 1548 1800 1626 quod

392 1648 474 1714 vitoe
492 1649 663 1728 adjectum
687 1658 755 1735 est,
777 1670 819 1715 eo
843 1659 1016 1715 structura
1037 1651 1077 1714 fit
1099 1650 1314 1715 concinnior.
1335 1650 1476 1718 Adsum
1495 1656 1555 1715 err!
1580 1650 1646 1717 Cn.
1667 1652 1799 1737 Cotto,

391 1775 455 1840 pro
478 1755 544 1822 Cn.
576 1759 830 1821 emendandum
853 1757 893 1824 C.
914 1758 1005 1821 illud
1027 1756 1203 1842 scripture
1221 1752 1387 1822 mendum
1405 1764 1464 1821 est.
1483 1775 1550 1832 ..en
1565 1758 1799 1841 postponitur,

393 1868 433 1923 ut
451 1860 536 1923 alibi
560 1882 656 1939 ecce,
676 1882 783 1939 sone,
805 1862 1008 1929 mehercule
1022 1864 1167 1946 aliaeque
1182 1862 1370 1949 particule.
1386 1862 1586 1927 confirmavi
1600 1864 1643 1925 ad
1657 1864 1756 1926 Catil.
1773 1884 1800 1927 c.

393 1968 466 2031 LII.
486 1990 519 2029 n.
540 1970 591 2031 35.
611 1968 684 2030 Liv.
699 1972 729 2032 3.
752 1989 780 2030 c.
812 1968 1021 2051 173primus
1044 1988 1088 2033 en
1114 1988 1179 2055 ego
1202 1970 1322 2034 consul
1341 1977 1506 2052 quantum
1529 1970 1682 2033 mortalis
1697 1972 1801 2032 deum

394 2092 550 2158 possum,
572 2081 605 2137 te
626 2092 665 2137 ac
683 2082 741 2136 tue
760 2074 906 2160 vestigia
925 2082 1081 2158 sequar.>2
1102 2076 1137 2137 C.
1160 2094 1263 2140 voveo
1282 2076 1442 2158 dedoque
1460 2074 1519 2138 cfr.
1538 2075 1628 2139 Flor.
1650 2098 1676 2138 s.
1700 2090 1748 2151 rs.
1768 2082 1803 2141 et

398 2201 446 2261 ¹7·
467 2180 535 2242 Cic.
558 2200 623 2265 pro
652 2182 737 2243 Rab.
763 2182 853 2245 Post.
885 2202 912 2244 1.
943 2183 1033 2245 udde
1061 2181 1211 2247 Brisson.
1237 2182 1349 2244 Form.
1383 2203 1410 2244 s.
1437 2203 1471 2265 p.
1496 2182 1561 2245 sod.
1580 2189 1613 2247 et
1639 2178 1801 2261 109.»id.

387 2281 562 2374 sortunae
584 2293 619 2350 et
639 2280 754 2349 moris
776 2322 819 2337 -
849 2307 927 2369 quse
950 2296 1052 2351 antea
1076 2289 1116 2352 in
1151 2286 1365 2353 editionibus
1392 2305 1549 2370 expressa
1578 2293 1652 2349 erat
1677 2284 1801 2359 lectio,

399 2410 438 2455 ea
473 2392 603 2455 nullius
632 2391 717 2455 libri
742 2392 945 2457 auctoritate
973 2393 1196 2475 confirmata,
1221 2390 1289 2454 soli
1315 2390 1617 2476 grammaticorum
1639 2389 1803 2455 socordiae
1913 2430 1918 2435 -

399 2497 554 2563 debetur.
576 2492 663 2559 belli
685 2491 833 2559 eduliis
856 2494 936 2561 acti
959 2536 1003 2552 -
1026 2498 1077 2561 ita
1097 2496 1221 2581 saepius
1244 2496 1313 2558 Sel.
1336 2516 1446 2584 ogere
1469 2496 1513 2558 de
1535 2496 1639 2558 rebus
1657 2494 1803 2558 bellicis.

400 2602 458 2664 cfr.
472 2604 549 2685 lug.
566 2604 615 2665 53.
629 2610 663 2666 et
676 2607 726 2666 3ο.
738 2602 805 2666 Sed
820 2622 893 2668 non
905 2608 1026 2669 eadem
1037 2611 1135 2681 sunt;
1154 2602 1286 2665 bellum
1307 2600 1401 2664 enim
1416 2598 1487 2664 sive
1505 2618 1558 2663 res
1567 2598 1641 2684 geri
1659 2600 1806 2683 dicitur,

400 2707 464 2770 ubi
492 2708 590 2770 nulla
609 2730 722 2792 neque
744 2710 851 2774 studii
875 2729 989 2794 neque
1009 2706 1198 2774 voluntatis
1221 2704 1494 2792 significatione,
1513 2702 1719 2789 simpliciter
1751 2724 1807 2768 res

401 2812 519 2895 aliqua
537 2831 688 2901 suscepta
702 2826 735 2882 et
748 2816 898 2905 perfectu
916 2796 1064 2896 dicitur3
1083 2822 1117 2879 et
1137 2834 1198 2879 res
1210 2820 1326 2902 gestos
1341 2810 1432 2876 nihil
1449 2810 1547 2875 eliud
1562 2817 1611 2877 est
1630 2828 1734 2892 quam
1754 2828 1808 2874 res

400 2918 508 3005 facte,
531 2920 599 3001 nisi
626 2927 720 3006 quod
746 2928 789 2989 ad
809 2925 943 2991 bellum
962 2921 1182 3009 potissimum
1200 2919 1366 2999 refertum
1389 2940 1499 3009 ogere
1517 2925 1632 2982 autem
1650 2915 1809 2981 homines

403 3026 566 3111 consilio,
587 3029 658 3092 sive
682 3032 823 3116 negotio
851 3031 1004 3095 intentos
1021 3028 1202 3106 ostendit3
1225 3046 1333 3110 quare
1358 3035 1449 3091 recte
1469 3024 1656 3107 Salustius,
1682 3021 1745 3087 ubi
1767 3024 1810 3085 de

404 3128 556 3192 militum
577 3136 807 3201 sermonibus:
828 3145 916 3201 octo
940 3137 1092 3200 edocent
1111 3142 1224 3227 (etque
1247 3124 1428 3212 audiunt,
1453 3138 1487 3194 et
1504 3150 1531 3191 c.
1547 3132 1596 3190 3ο.
1617 3147 1676 3190 res
1687 3133 1811 3217 gestos

405 3241 645 3321 ecquomodo
672 3251 768 3306 octae
782 3238 919 3333 forent
946 3239 1100 3303 militum
1126 3236 1221 3300 enim
1241 3244 1317 3298 acta
1342 3242 1439 3318 sunt,
1468 3236 1537 3295 dux
1554 3231 1686 3295 bellum
1711 3231 1811 3316 gerit.

404 3348 502 3411 Cotta
523 3348 557 3409 h.
576 3346 600 3408 1.
615 3348 746 3410 bellum
767 3346 851 3410 dicit
874 3354 1005 3432 actum,
1026 3346 1121 3429 quod
1141 3342 1226 3406 vitiu
1243 3343 1369 3403 ducum
1391 3334 1577 3425 significat,
1597 3334 1661 3417 qui
1681 3334 1813 3420 impru-

405 3456 528 3517 denter
548 3454 682 3536 agendo
703 3453 835 3517 bellum
855 3453 945 3517 male
967 3460 1155 3539 gesserunt.
1172 3448 1281 3534 igitur
1301 3448 1433 3511 bellum
1452 3449 1486 3511 ct
1495 3446 1575 3529 prix
1594 3450 1633 3505 ut
1652 3440 1724 3506 vita
1738 3442 1814 3528 agi-

406 3568 480 3634 tur3
501 3559 623 3623 eodem
642 3561 742 3622 modo
760 3552 944 3644 differunt,
964 3578 1065 3645 agere
1081 3567 1113 3622 et
1130 3574 1249 3643 gerere
1262 3570 1462 3639 personam,
1482 3568 1584 3635 agere
1598 3554 1632 3613 et
1645 3566 1681 3613 se
1695 3565 1813 3633 gerere

406 3684 534 3749 regem.
555 3664 621 3728 Sed
647 3665 792 3730 seriores
817 3665 1001 3749 scriptores
1029 3667 1103 3728 haee
1129 3660 1347 3726 confundunt
1371 3654 1432 3719 cfr.
1463 3656 1603 3719 Sueton.
1625 3652 1744 3716 Claud.
1764 3652 1813 3713 sb.

408 3772 669 3852 ApudTucitum
679 3772 714 3833 in
724 3772 945 3856 dictionibus,
953 3764 1125 3841 amicum,
1130 3760 1334 3851 principem
1343 3780 1454 3846 egere,
1465 3754 1814 3843 simulationissigui·

350 3890 366 3900 ·
409 3873 525 3939 ficatio
544 3874 655 3941 inesse
675 3877 822 3941 videtur.
841 3878 918 3942 Per
934 3897 996 3942 ros
1017 3872 1135 3964 igitur
1156 3865 1320 3954 Quirites
1338 3902 1381 3919 -
1402 3862 1521 3959 igitur
1534 3866 1628 3949 quod
1642 3872 1744 3927 antee
1758 3880 1815 3927 re·

409 3999 584 4065 ceperam,
601 3984 675 4064 J'sm
690 3982 878 4047 delendum
896 4002 969 4049 esse
987 3999 1120 4048 censeo.
1142 3982 1185 4042 de
1200 3984 1250 4041 est
1273 3974 1369 4040 enim
1386 3972 1426 4037 in
1443 3971 1605 4039 omnibus
1624 3968 1726 4034 libris
1744 3972 1778 4032 et
1795 3984 1817 4029 u

412 4087 568 4154 librariis
588 4090 758 4170 adJ'ectum
777 4108 849 4154 esse
868 4090 1025 4174 videtur,
1045 4088 1108 4171 qui
1127 4084 1231 4150 etiam
1247 4102 1385 4169 precor
1402 4080 1626 4154 addiderant,
1646 4074 1745 4159 quasi
1762 4070 1818 4136 his

410 4195 546 4262 omissis
565 4197 668 4261 nimis
692 4216 809 4283 aspera
827 4204 913 4263 esset
932 4196 1118 4260 verborum
1137 4200 1316 4256 structura.
1338 4188 1399 4254 cfr.
1418 4188 1496 4273 Jug.
1518 4198 1567 4262 ¹4.
1586 4190 1671 4251 extr.
1694 4189 1728 4246 et
1746 4180 1818 4241 Cat.

412 4302 463 4366 ³³.
484 4300 716 4385 nequiquam.
740 4306 815 4378 Vnt.
838 4325 866 4373 r.
892 4300 1038 4389 Aspero
1058 4292 1242 4393 autsesso
1262 4293 1366 4365 bellis
1388 4295 1414 4363 i.
1434 4314 1463 4365 e·
1481 4291 1606 4361 intesta
1625 4288 1682 4357 vel
1704 4284 1819 4394 bellog-
