4050 5009
1549 483 1555 497 x
1587 383 1661 480 ⁵49

245 599 289 634 a..
300 578 367 642 riue
386 572 492 640 deeora
511 573 614 660 pavidi
625 569 673 642 be·
691 575 803 638 tamam
822 578 951 642 avaritia
969 576 1059 639 Rom.
1080 578 1184 640 falsam
1204 576 1237 640 b.
1256 575 1298 640 ob
1318 577 1438 642 munifi.
1459 577 1557 642 uillam
1579 581 1658 644 inter

242 704 276 745 re
295 705 357 746 rm.
376 684 435 746 rati
453 694 527 745 runt
544 682 578 746 Β.
606 703 667 767 qua
686 703 718 744 re
737 694 769 746 et
787 685 859 746 sam.
880 705 908 746 e.
937 703 1028 746 nemo
1048 685 1210 746 munitione
1230 683 1260 744 b.
1292 685 1373 746 lavor
1392 689 1605 770 consultorque
1626 688 1657 753 b.
1731 755 1738 774 ,

241 790 337 852 elmul
362 792 409 852 uti
436 791 584 852 fautore.
611 811 676 872 qun
705 799 758 852 aut
772 792 858 872 'vilia
885 790 914 854 b.
943 790 1152 856 benevolentia
1180 812 1208 852 e.
1240 787 1353 854 dehine
1383 795 1450 856 ailla
1475 791 1508 856 b.
1535 796 1657 878 opperi-

169 963 178 978 ‚
242 904 338 956 untur
357 893 473 956 ibidem
492 896 524 958 Β.
564 895 686 968 nod.-
705 897 842 956 eonfeeto
861 904 1042 977 postquam,
1063 917 1125 980 quo
1145 897 1333 974 intenderat,
1362 901 1483 982 negotio
1504 921 1530 962 e.
1561 901 1656 967 laetnr

241 1011 302 1077 ert,
321 1006 371 1064 be.
396 1022 506 1087 eoaque
525 1013 557 1064 et
574 1003 624 1064 ril.
644 1001 674 1062 b.
701 1000 740 1062 ad
759 1020 790 1062 re
809 1001 922 1062 utiearn
942 1001 974 1062 b.
994 1001 1033 1062 ab
1054 1005 1135 1064 atioa
1156 1022 1184 1064 e.
1202 1005 1387 1086 belleginnru
1408 1005 1440 1066 Β.
1464 1015 1528 1068 tum
1550 1020 1655 1090 prate-

240 1125 292 1168 rea
310 1109 410 1170 ornnia
423 1131 451 1176 e.
472 1130 543 1170 enm
564 1107 674 1192 quibua
695 1106 836 1168 mandata
849 1126 878 1168 o.
898 1107 1052 1190 cognorit.
1071 1105 1181 1189 quibua
1197 1107 1346 1171 mandatis
1366 1111 1470 1192 legatia
1491 1131 1569 1174 rom.
1590 1125 1655 1194 pot.

242 1213 334 1276 eundi
354 1225 386 1278 et
404 1234 423 1276 a
443 1219 567 1280 eonsule
585 1214 619 1282 Β.
650 1215 688 1278 In
707 1215 775 1299 quir
793 1223 861 1298 pot.
880 1217 937 1298 leg.
958 1234 1035 1275 rom.
1055 1215 1148 1276 eundi
1169 1217 1204 1276 fit
1224 1225 1291 1277 ete
1311 1236 1339 1278 e.
1360 1219 1540 1298 placuerunt
1559 1241 1586 1289 e.
1609 1222 1656 1280 le-

241 1321 341 1382 roeiur
361 1326 565 1385 reeeruuutb.
585 1325 738 1405 impetrat.
759 1321 878 1384 omnib.
896 1319 985 1384 rebur
998 1342 1028 1386 e.
1051 1319 1177 1384 mobiles
1197 1324 1231 1384 in
1252 1321 1369 1389 advora.
1391 1334 1466 1386 naut.
1489 1345 1606 1406 semper
1626 1347 1653 1388 e.

239 1428 346 1488 rulone
365 1449 394 1490 e.
413 1438 503 1492 otavo
522 1439 647 1492 ruetano
665 1429 697 1494 b.
725 1429 781 1512 qui
800 1437 927 1513 anrator
945 1427 994 1490 be.
1023 1431 1056 1490 in
1078 1427 1131 1490 ali'.
1151 1441 1320 1511 portaverat
1339 1431 1369 1492 b.
1390 1429 1469 1492 rtud.
1491 1451 1525 1492 ae
1547 1430 1655 1515 benig-

239 1533 364 1595 nitatem
385 1536 458 1595 rillar
476 1538 593 1618 aocepit
612 1535 644 1598 b.
671 1554 769 1618 regam
790 1555 915 1598 oeream
934 1534 967 1598 Β.
995 1535 1144 1617 deplorati
1164 1549 1235 1600 runt
1253 1537 1286 1601 b.
1312 1540 1366 1620 qui
1386 1539 1502 1621 penitet
1523 1537 1553 1598 b.
1582 1558 1654 1620 pro-

238 1639 380 1700 meruerit
399 1637 431 1700 b.
448 1640 573 1703 -105.-
592 1662 610 1702 a
631 1642 727 1703 mario
745 1645 891 1724 petiverat
910 1641 941 1704 Β.
963 1641 1110 1706 arbitratu
1131 1642 1342 1704 communibus
1363 1643 1409 1706 bo.
1428 1645 1475 1703 uti
1496 1643 1533 1702 ad
1554 1663 1585 1704 ra
1604 1645 1653 1707 eil.

236 1741 269 1804 Β.
289 1745 362 1804 item
383 1744 570 1809 funditorum
592 1747 777 1810 buleutarum
798 1748 829 1812 Β.
858 1759 940 1830 prat.
960 1767 1029 1812 vero
1050 1769 1111 1832 rag.
1132 1771 1159 1810 o.
1188 1769 1275 1810 oauaa
1306 1749 1388 1831 qnod
1415 1771 1448 1812 ea
1469 1750 1544 1812 levia
1564 1759 1651 1827 runt,

237 1869 336 1932 neque
355 1849 403 1912 hir
423 1872 506 1916 reone
526 1873 554 1919 o.
580 1857 757 1938 ampliorem
779 1866 809 1916 et
830 1852 971 1922 hostilem
995 1861 1026 1918 Β.
1055 1856 1187 1920 vicerant
1206 1857 1371 1938 pugnantia
1391 1861 1420 1918 Β.
1454 1865 1505 1918 ute
1526 1867 1598 1916 erat.
1621 1877 1651 1936 q.

176 2037 194 2046 -
237 1975 263 2022 r.
285 1955 316 2016 Β.
354 1960 479 2022 -ιο6.-
498 1971 528 2022 et
547 1961 716 2041 presidium
738 1963 820 2026 miae.
842 1961 872 2020 b.
899 1983 954 2038 por
973 1983 1043 2018 eum
1065 1960 1096 2020 Β.
1127 1962 1220 2022 currit
1239 1962 1271 2025 Β.
1290 1962 1348 2024 ribi
1370 1984 1387 2023 a
1407 1983 1488 2044 rpee.
1510 1963 1541 2024 Β.
1562 1965 1650 2028 olam.
1770 1997 1773 2004 ι

236 2074 325 2123 noete
344 2061 373 2121 Β.
396 2063 508 2122 toeiena
527 2083 554 2122 e.
584 2065 692 2124 totiena
713 2061 841 2124 ellurum
863 2060 895 2123 Β.
915 2059 1044 2123 ducebat
1062 2064 1182 2122 incerte
1201 2065 1233 2122 Β.
1253 2075 1322 2142 poet
1340 2071 1500 2144 paululum
1524 2089 1551 2128 o.
1577 2087 1653 2148 pro-

235 2171 417 2230 lioireeretnr
429 2190 457 2229 e.
478 2188 561 2230 oona.
581 2168 690 2250 probat
703 2167 734 2226 Β.
753 2168 894 2249 ignesque
914 2166 963 2237 be,
983 2164 1094 2225 dehine
1114 2167 1212 2246 prima
1227 2165 1259 2226 Β.
1280 2169 1421 2228 οιιιιιὶΒιιι
1440 2171 1520 2232 leaaie
1532 2171 1565 2230 be
1586 2191 1651 2231 me-

235 2280 354 2337 tebatur
373 2296 400 2336 e.
429 2275 586 2339 intervalla
605 2278 637 2335 Β.
676 2275 885 2354 ·107.·rilla
905 2274 1067 2334 extimebat
1087 2270 1190 2332 eadem
1211 2274 1244 2332 b.
1270 2291 1321 2333 an.
1350 2274 1418 2333 sort.
1445 2286 1580 2358 gererent
1601 2275 1650 2338 bo.

233 2377 338 2462 pauoir
358 2390 444 2442 antea
463 2380 591 2442 attenuie
611 2399 638 2448 e.
666 2359 780 2462 quanto
800 2380 834 2439 in
854 2380 962 2460 proelio
982 2377 1015 2442 b.
1041 2379 1168 2440 tuciorea
1189 2398 1250 2440 eree
1271 2399 1298 2440 e.
1319 2375 1431 2440 dehine
1451 2380 1596 2443 Volnoem
1617 2387 1650 2442 Β.

233 2485 319 2564 lubet
338 2489 420 2546 abire
429 2485 457 2546 Β.
478 2506 518 2548 ue
538 2486 714 2548 eaerederet
733 2504 818 2550 orare
832 2505 858 2547 e.
879 2485 1023 2568 qnoniam
1038 2486 1154 2569 ingent.
1175 2504 1239 2546 non
1260 2485 1488 2548 multitudinem
1502 2489 1533 2553 Β.
1554 2507 1648 2569 quon.

233 2596 297 2676 ing.
319 2595 405 2654 mult.
426 2612 501 2677 non.
521 2592 592 2660 hab.
614 2614 642 2660 e.
670 2613 802 2676 opesque
822 2613 857 2654 er
877 2604 962 2676 patre
980 2611 1036 2654 ruo
1058 2594 1187 2675 pendere
1207 2591 1239 2654 Β.
1266 2595 1354 2654 illurn
1375 2613 1460 2674 porra
1481 2595 1527 2655 nil
1549 2597 1648 2676 palam

233 2703 265 2760 Β.
286 2700 417 2762 erederet
436 2721 464 2762 c.
496 2700 600 2777 (quum
618 2733 661 2751 -
680 2702 792 2763 aderrat
810 2722 838 2762 o.
859 2701 981 2780 omisit.)
1010 2700 1183 2783 permedia
1204 2697 1349 2762 omtrab.
1384 2701 1485 2781 palam
1508 2703 1650 2774 nuntiare

232 2802 265 2864 Β.
285 2822 354 2863 curn
374 2804 441 2862 ailla
460 2803 559 2862 solum
580 2805 616 2860 it.
635 2808 667 2865 b.
688 2807 816 2880 prolaeti
835 2816 922 2870 aaut,
951 2807 1005 2879 qni
1032 2809 1178 2880 quoniam
1206 2801 1362 2863 aecurrunt
1383 2804 1414 2862 b.
1454 2805 1601 2867 aoeiderat
1621 2827 1650 2870 e.

233 2905 346 2968 dehine
371 2909 476 2986 paneis
495 2905 526 2964 Β.
567 2905 695 2964 -108.-
719 2906 817 2964 rillam
839 2905 967 2963 aeeitnm
989 2902 1020 2968 Β.
1049 2936 1092 2954 -
1120 2905 1243 2964 consilia
1264 2913 1328 2964 erat
1346 2904 1376 2962 Β.
1409 2907 1595 2988 maerigradae
1614 2914 1646 2969 Β.

232 3030 340 3095 genere
361 3011 474 3088 impare
494 3029 521 3070 e.
549 3010 672 3090 ingenia
693 3029 798 3068 mauro
817 3008 848 3069 b.
878 3017 1070 3089 exportaret
1090 3007 1121 3068 b.
1142 3007 1290 3090 delegaret
1309 3028 1335 3070 o.
1356 3009 1470 3092 integre
1491 3008 1600 3072 babere
1616 3013 1646 3073 b.

233 3119 373 3181 oourulto
392 3149 439 3166 -J
453 3115 558 3175 omnia
577 3111 687 3176 babere
713 3115 830 3197 integra
850 3135 878 3175 e.
908 3115 952 3173 rei
971 3113 1125 3196 Jugnrthn
1145 3113 1178 3174 b.
1207 3133 1268 3198 qno
1289 3115 1459 3176 communie
1479 3135 1524 3176 rer
1546 3115 1576 3177 Β.
1608 3137 1647 3180 ne

231 3226 303 3308 Jug.
324 3246 352 3286 e.
372 3223 468 3284 careri
481 3242 509 3283 c.
529 3222 620 3282 etiam
643 3221 682 3281 ab
703 3218 861 3283 inridiiab.
881 3223 1039 3280 attenuisse
1047 3219 1079 3280 b.
1099 3221 1229 3280 multum
1252 3238 1321 3281 oum
1333 3220 1364 3281 Β.
1384 3220 1597 3303 jugurthamne
1614 3223 1645 3285 Β.

232 3333 293 3393 illis
311 3331 426 3392 Sullam
446 3334 479 3390 Β.
520 3347 641 3410 -ιο9.-
660 3327 690 3388 8.
712 3325 871 3412 respondit
884 3347 920 3397 ¹re
933 3361 976 3378 -
989 3346 1017 3388 o.
1039 3337 1134 3389 cetera
1154 3329 1248 3396 nullia
1268 3338 1321 3390 aut
1342 3347 1433 3410 quam
1454 3349 1480 3388 e.
1502 3349 1566 3410 qna
1586 3327 1646 3390 eibi

232 3437 484 3521 responderentur
505 3456 533 3502 e.
553 3438 597 3498 rio
618 3436 754 3499 valuerat
774 3456 802 3495 e.
822 3434 900 3496 dicit
917 3456 949 3497 ae
968 3437 1036 3497 ailla
1057 3437 1178 3496 missum
1200 3433 1230 3494 Β.
1254 3435 1407 3517 quaesitum
1427 3438 1466 3494 ab
1488 3454 1524 3494 eo
1543 3433 1645 3497 venie-

231 3564 264 3606 re
284 3564 310 3606 o.
331 3563 350 3603 a
370 3541 501 3604 Consule
522 3545 677 3624 quaesitum
699 3541 813 3603 reniree
832 3540 863 3601 b.
883 3541 970 3619 jubet
988 3541 1085 3604 redita
1106 3540 1137 3600 Β.
1158 3539 1211 3602 red
1231 3543 1285 3603 illa
1307 3539 1406 3602 dieb.
1428 3541 1460 3600 in
1480 3560 1532 3600 eua
1552 3549 1646 3602 matra

233 3654 324 3710 ambo
343 3649 466 3730 digressi
487 3669 514 3709 e.
533 3627 611 3730 digr.
630 3658 701 3711 runt
719 3651 752 3710 Β.
777 3647 846 3708 ailla
864 3666 883 3704 a
903 3643 1003 3706 boebo
1023 3645 1182 3710 accersitur
1202 3654 1232 3706 et
1251 3643 1282 3705 b.
1301 3655 1420 3706 sanetur
1439 3653 1525 3726 juvat
1542 3650 1574 3706 Β.
1596 3664 1646 3709 ιιι

232 3756 277 3816 aie
294 3775 319 3816 c.
359 3773 482 3814 -ιιο.-
501 3765 581 3815 ratur
602 3755 665 3815 lore
684 3753 715 3814 b.
744 3756 861 3814 nulline
879 3752 999 3835 indigui
1019 3750 1051 3810 b.
1082 3771 1115 3810 n.
1135 3749 1258 3833 indigue
1277 3770 1323 3812 ox.
1344 3749 1376 3812 id
1397 3753 1591 3816 immutatum
1613 3751 1644 3816 Β.

232 3862 421 3922 inminutum
442 3881 470 3922 r.
495 3860 586 3921 inerit
604 3859 683 3921 mihi
703 3863 818 3944 aguirre
836 3855 1001 3941 aliquando
1022 3857 1152 3938 pretium
1174 3875 1218 3916 ex.
1239 3857 1336 3917 luerat
1357 3879 1395 3918 m.
1416 3859 1546 3938 pretium
1568 3859 1639 3937 aliq.

233 3987 278 4049 eg.
299 3967 331 4032 b.
352 3972 498 4049 qnoniam
517 3966 600 4049 apud
619 3969 757 4026 animum
778 3965 809 4025 b.
832 3965 929 4026 carius
948 3974 993 4026 ert
1012 3983 1039 4024 c.
1060 3982 1216 4045 nunquam
1239 3962 1386 4024 redditam
1407 3967 1531 4048 gratiam
1552 3972 1643 4041 puta-

232 4075 273 4132 rir
292 4091 321 4134 x.
339 4074 375 4132 in
394 4075 497 4134 animo
517 4072 602 4135 lubet
616 4072 648 4133 Β.
670 4071 854 4154 flagitiorum
876 4068 1027 4151 (esrom.)
1048 4066 1079 4129 Β.
1099 4075 1185 4150 eujus
1205 4078 1325 4132 curator
1345 4090 1383 4144 er.
1397 4069 1427 4134 Β.
1449 4069 1562 4128 bellum
1584 4085 1641 4125 ne·

233 4196 293 4258 que
312 4179 413 4258 parari
430 4200 529 4261 neque
550 4181 661 4240 laetum
681 4178 765 4243 volui
785 4177 817 4240 b.
855 4175 893 4237 At
913 4177 987 4238 finer
1007 4197 1035 4237 c.
1055 4177 1102 4237 uti
1119 4179 1210 4242 vultis
1232 4175 1262 4237 Β.
1283 4176 1365 4258 quod
1384 4175 1473 4248 vulda
1490 4193 1519 4239 x.
1542 4175 1642 4232 maln-

232 4301 300 4342 eam
319 4282 351 4343 b.
380 4283 573 4346 mulneebarn
595 4307 621 4348 e.
647 4284 679 4347 id
700 4287 811 4346 intrare
828 4289 893 4367 jug.
913 4304 940 4344 o.
981 4302 1102 4347 -ιιι.-
1131 4302 1196 4366 quae
1216 4282 1394 4364 polliceatur
1413 4279 1443 4340 b.
1465 4281 1554 4346 armis
1574 4299 1642 4338 arn-
1697 4347 1702 4352 ,
