4050 5009
1583 407 1657 490 555

323 599 360 661 C.
384 596 453 661 nd.
473 611 539 681 qnae
556 597 671 662 seilicet
687 598 731 670 ita
751 605 868 662 tacente
886 600 953 680 ipro
973 601 1123 662 occultam
1143 601 1203 662 orie
1224 587 1436 684 immutatione
1456 605 1658 686 patefecim-

241 705 342 768 aillam
365 705 475 766 aooemi
491 703 575 784 jubet
586 735 604 752 ·
624 705 708 786 qaut
728 705 835 770 obriur
855 704 980 768 honorio
999 705 1136 788 procedit
1157 726 1244 769 caure
1266 739 1282 754 ·
1317 727 1383 770 roa.
1404 719 1436 772 et
1453 711 1484 774 ri
1503 718 1653 798 jugurtam
1741 733 1747 750 ·

246 823 313 885 art.
334 809 472 874 dannerii
491 843 509 858 -
526 811 588 872 rite
605 821 686 874 runt.

244 1067 335 1137 Cod.
357 1072 446 1153 ¹7⁵⁰·
468 1065 546 1159 fol.
575 1070 664 1134 Soee.
693 1009 861 1153 Kaine
881 1069 938 1132 vel
958 1061 1067 1132 initio
1088 1066 1183 1134 XII.
1217 1071 1404 1158 eleganter
1430 1081 1467 1136 et
1498 1095 1655 1144 accuru-

285 1182 321 1237 te
339 1169 510 1256 scriptur.
526 1171 639 1240 Catil.
653 1180 690 1238 et
701 1175 795 1264 Jug.
815 1173 997 1238 accedunt
1013 1173 1148 1262 gloeeoe
1169 1167 1208 1237 in
1223 1171 1390 1265 margine
1411 1184 1448 1241 et
1468 1173 1566 1244 inter
1587 1177 1653 1248 lin.

283 1279 389 1344 nulla
406 1273 604 1362 accipturoe
617 1279 783 1364 antiqva
797 1276 968 1368 remigio,
990 1279 1082 1345 ordo
1103 1279 1291 1346 verborum
1313 1281 1495 1354 turbatur.
1517 1285 1655 1354 Oratio

806 1380 898 1478 Gaji
914 1381 1085 1452 Caeenrie.

292 1548 401 1611 Omnia
419 1577 438 1598 ·
456 1548 598 1611 officiunt
614 1583 634 1599 ·
653 1561 728 1613 tunc
747 1551 865 1616 animur
885 1584 901 1596 -
920 1549 1076 1612 mdiorum
1096 1581 1115 1598 ·
1134 1551 1232 1618 iuerat
1251 1586 1267 1599 -
1294 1552 1387 1614 rodiir
1405 1585 1424 1604 ·
1452 1575 1537 1617 crura
1556 1589 1575 1606 -
1602 1559 1655 1618 iit·

242 1655 365 1736 punitor
387 1672 436 1715 eoo
455 1651 591 1729 dimitere
610 1688 629 1705 -
653 1638 882 1740 Kartagincnr'ea
901 1687 922 1704 -
941 1653 1000 1716 hoc
1022 1655 1093 1715 item
1114 1688 1131 1702 -
1150 1677 1199 1738 up.
1221 1677 1273 1718 roa
1293 1659 1387 1720 valeat
1406 1692 1425 1708 -
1451 1661 1618 1744 repperitur
1638 1697 1655 1710 ·

243 1779 316 1842 opp.
336 1792 355 1808 ·
374 1768 527 1842 exnrperet
546 1792 566 1810 ·
584 1759 631 1821 hia
651 1761 798 1825 utendum
819 1783 924 1823 oonaco
944 1759 1071 1844 legibue,
1092 1781 1155 1844 quae
1175 1753 1351 1845 comparatae
1370 1777 1471 1828 runt·
1489 1751 1611 1848 spoliari
1633 1800 1652 1817 ·

235 1849 390 1946 ‘pertinuit
409 1868 505 1928 oratio
534 1898 554 1914 ·
584 1879 615 1929 et
635 1879 695 1928 tam
716 1879 801 1930 atrox
829 1900 848 1916 -
878 1887 974 1948 prorae
991 1867 1133 1933 ridentur
1157 1900 1177 1918 -
1206 1871 1285 1930 alioa
1302 1871 1383 1952 apud
1403 1869 1541 1932 homiues
1561 1904 1580 1920 ·
1611 1875 1656 1936 elo

242 1972 377 2032 erietimo
396 2006 416 2020 -
434 1975 528 2035 terior
547 2005 567 2021 -
585 1974 729 2033 aillanum
749 2006 766 2020 -
794 1994 860 2052 quac
880 1971 992 2031 dixerat
1010 2005 1031 2023 -
1058 1975 1163 2035 sillano
1183 2005 1202 2024 -
1227 1995 1478 2058 supervacaneum
1507 1975 1574 2062 (aad
1602 1998 1654 2038 ru-

241 2094 422 2156 perrnounm
442 2077 647 2156 emendatum)
668 2097 738 2136 cnm
759 2077 919 2158 presertim
940 2110 956 2124 ·
983 2083 1046 2135 tuta
1067 2075 1200 2158 presidia
1220 2106 1239 2123 ·
1265 2097 1386 2157 porrum
1406 2111 1425 2127 -
1451 2083 1484 2139 in
1505 2085 1653 2144 contentia

176 2224 185 2250 χ
242 2200 307 2241 non
326 2213 346 2231 -
365 2183 561 2266 condepnatie
579 2217 596 2229 -
616 2183 710 2244 lerina
730 2191 774 2248 eet
792 2213 812 2227 -
832 2180 907 2261 quid
927 2181 1068 2242 conuenit
1087 2214 1103 2226 -
1123 2199 1158 2240 cx
1177 2177 1238 2240 reb.
1260 2179 1349 2242 ironis
1367 2216 1383 2228 -
1403 2186 1521 2266 ignaror
1542 2186 1620 2246 cirea
1634 2217 1655 2239 a
1780 2252 1783 2262 ,

242 2288 399 2370 inposuere
419 2302 486 2351 -et
505 2288 818 2370 hoih;,iudapnutnm
831 2314 848 2335 ο
868 2287 961 2349 eavit
980 2287 1127 2368 paulatim
1149 2319 1165 2332 -
1183 2285 1249 2345 rille
1268 2319 1285 2332 ·
1304 2284 1519 2369 damuryppum
1541 2320 1560 2337 ·
1579 2291 1654 2352 elion

242 2393 392 2470 cimmodi
412 2431 428 2442 -
448 2397 560 2458 fectum
579 2393 722 2455 laudabat
739 2425 759 2441 ·
784 2405 935 2476 poatrcmo
955 2413 1006 2454 rar
1024 2423 1041 2440 -
1062 2391 1107 2452 uti
1125 2390 1149 2452 ie
1169 2422 1188 2439 ·
1214 2391 1388 2475 damueyppi
1408 2395 1519 2455 leticie
1539 2415 1619 2458 more
1638 2431 1655 2444 ·

240 2497 274 2557 in
296 2495 343 2558 hia
364 2511 457 2582 temp.
478 2537 494 2549 ·
513 2521 618 2586 aguero
638 2520 772 2582 unquam
793 2533 810 2546 -
828 2520 847 2559 a
866 2496 1035 2560 munilibus
1053 2490 1129 2560 -de
1149 2497 1442 2565 condemmusaumo
1461 2521 1612 2563 summum
1633 2535 1653 2552 -

241 2607 419 2685 permissum
441 2629 468 2669 e.
490 2607 660 2690 dampnatio
680 2642 697 2655 ·
725 2607 788 2690 Ego
807 2604 889 2667 hanc
908 2625 1026 2668 cunum
1048 2639 1065 2653 ·
1085 2612 1183 2687 maior
1202 2607 1263 2668 illia
1283 2641 1299 2653 -
1319 2607 1431 2688 nequir.
1481 2635 1484 2644 ·
1610 2609 1614 2617 '

320 2711 357 2774 C.
377 2712 423 2772 ia.
444 2719 542 2774 aliena
564 2735 648 2775 mene
668 2725 733 2774 -ct
753 2717 888 2796 pericula
907 2745 926 2762 ·
952 2713 1108 2774 malefacta
1130 2724 1194 2773 turn
1215 2731 1390 2795 persequare
1410 2743 1428 2761 -
1447 2714 1493 2772 nil
1513 2713 1621 2796 reliqui
1636 2745 1655 2762 -

241 2819 446 2894 cujuscunque
466 2815 550 2874 modi
570 2817 711 2874 videnlur
724 2844 742 2859 -
760 2835 824 2871 non
845 2815 884 2870 de
902 2816 1051 2869 sociorum
1065 2824 1131 2869 -at
1151 2817 1274 2872 auaritia
1294 2845 1312 2860 -
1332 2817 1544 2894 negligentiam
1563 2848 1582 2864 -
1601 2817 1654 2877 red

241 2919 304 2975 lum
324 2923 529 2997 cujuscunque
554 2949 573 2965 ·
603 2919 664 2975 aint
684 2935 735 2995 qm
756 2933 825 2974 sane
848 2933 870 2963 ’-
897 2915 991 2993 paulo
1012 2923 1081 2973 ente
1102 2914 1135 2972 in
1156 2912 1261 2975 ordine
1287 2945 1305 2960 -
1334 2917 1460 2975 infernis
1480 2951 1496 2964 -
1525 2921 1558 2977 in
1579 2919 1654 2980 urbe

241 3019 479 3081 tantummodo·
500 3024 631 3082 minoret
650 3030 721 3081 runt
739 3051 757 3066 ·
775 3022 800 3078 ai
820 3021 854 3080 in
871 2997 960 3079 ¹tanto
980 3053 997 3066 -
1016 3017 1271 3080 refert-mehercle
1284 3051 1303 3068 -
1324 3019 1361 3080 de
1382 3020 1523 3082 omnibus
1544 3032 1655 3104 conju-¹

192 3139 195 3142 ’
240 3126 367 3186 rationis
394 3161 410 3172 -
441 3103 583 3186 attentior
602 3145 637 3188 ee
656 3117 808 3206 exegitntir
835 3157 852 3172 ·
880 3123 975 3186 nolite
994 3145 1069 3190 orne.
1098 3133 1224 3205 majorca
1249 3135 1365 3186 nostroe
1393 3128 1556 3189 existimare
1583 3162 1602 3179 ·
1629 3133 1653 3190 ei

168 3233 172 3239 ’
241 3233 284 3292 ila
303 3239 376 3292 meet
395 3252 439 3294 rer
466 3264 484 3279 -
513 3239 609 3312 major
629 3231 715 3312 eopia
736 3229 826 3292 nobie
847 3250 937 3313 quem
958 3231 1019 3290 illia
1041 3241 1083 3290 est
1110 3262 1129 3278 -
1158 3221 1278 3290 nullum
1300 3229 1389 3294 diser.
1416 3263 1434 3278 -
1462 3254 1496 3293 eo
1517 3236 1616 3314 gratim
1635 3269 1652 3282 -
1753 3241 1757 3248 “

241 3337 296 3400 aed
315 3335 378 3398 hmo
397 3359 452 3420 ego
472 3371 488 3385 -
513 3337 551 3400 ad
572 3339 644 3402 hell.
667 3356 770 3400 orooro.
788 3372 806 3384 -
831 3333 964 3397 hortium
986 3357 1056 3398 cum
1077 3337 1205 3398 exercitu
1224 3371 1241 3383 -
1267 3334 1458 3419 apprehensio
1477 3336 1612 3400 hostibur
1633 3371 1652 3388 ·

242 3441 424 3524 dereliquere
444 3441 582 3505 homines
602 3441 683 3502 adol.
703 3475 723 3491 ·
747 3454 836 3523 atque
862 3452 991 3505 armatoa
1021 3443 1178 3505 dimittatis
1198 3478 1214 3489 -
1242 3431 1375 3524 ceperint
1404 3461 1486 3503 orma
1506 3476 1526 3492 -
1555 3455 1657 3506 uertu-

242 3559 292 3609 tnr
312 3580 331 3597 ·
351 3549 484 3608 mollicie
504 3550 599 3610 animi
619 3575 636 3597 υ
657 3547 716 3610 diia
736 3546 946 3608 inmortalibus
964 3577 983 3596 -
1010 3567 1085 3628 repe
1105 3551 1139 3607 in
1160 3550 1296 3608 maximis
1317 3583 1333 3597 -
1353 3550 1456 3609 omniu
1475 3567 1614 3631 prospero
1633 3582 1653 3602 -

240 3654 365 3735 ignavie
385 3664 414 3715 te
433 3664 523 3736 atque
542 3653 684 3715 aooordire
702 3685 722 3703 -
741 3653 824 3735 quod
845 3655 871 3712 ia
889 3663 1022 3713 ooutru-
1035 3662 1129 3712 celem
1140 3633 1208 3714 'rita
1229 3671 1356 3714 eornm·
1375 3652 1432 3715 aliia
1454 3665 1484 3715 el
1502 3653 1652 3718 hominib.

241 3777 377 3841 unquam
397 3761 530 3840 pepercit
548 3793 568 3808 ·
586 3763 619 3820 ui
641 3764 767 3821 alterum
787 3766 850 3839 jam
869 3792 888 3808 -
917 3758 954 3819 dc
973 3758 1085 3842 gabino
1104 3792 1121 3805 -
1146 3760 1231 3840 peuri
1247 3777 1382 3840 unquam
1402 3792 1421 3809 ·
1441 3759 1609 3824 mehercule
1628 3763 1654 3822 ai

241 3873 366 3945 peceato
385 3893 405 3910 -
424 3885 493 3924 cum
515 3868 643 3926 exercitu
666 3869 762 3927 lancea
782 3875 868 3947 urget
887 3896 907 3912 ·
925 3885 1030 3924 censeo
1052 3885 1106 3947 ego
1126 3895 1145 3912 -
1164 3865 1318 3928 volturcic.

282 3968 353 4050 Jng.
367 3991 394 4036 c.
407 3968 459 4031 85.
480 3967 596 4030 hiadem
608 3969 843 4053 artibus-et(eo
853 3991 918 4052 sup.
933 3971 1000 4049 lin.)
1011 3975 1124 4049 majore
1137 3990 1207 4030 curu
1218 4004 1236 4019 -
1251 3991 1304 4033 vro
1317 3969 1464 4034 Beneficio
1474 4005 1492 4020 -
1513 3972 1649 4031 factiosos

242 4075 373 4155 asperius
394 4085 438 4135 eet
457 4109 473 4123 -
492 4087 626 4136 amunt-
644 4076 836 4137 adnitendum
857 4086 901 4136 cal
915 4109 934 4125 -
953 4087 983 4136 et
1002 4078 1055 4135 illa
1075 4077 1181 4136 smrtaa
1201 4077 1262 4136 rint
1281 4111 1297 4124 -
1317 4079 1342 4139 ia
1361 4081 1569 4158 imperatorem
1590 4075 1649 4135 uli-

241 4198 294 4238 um
315 4211 335 4234 ι·
354 4182 526 4262 generosior.
547 4203 609 4245 erro
626 4218 643 4232 -
662 4185 772 4246 facient
791 4181 873 4244 idem
885 4215 905 4231 -
924 4179 1022 4244 labori
1042 4201 1110 4243 meo
1131 4192 1161 4245 et
1180 4183 1360 4250 innocentiae
1379 4216 1395 4228 -
1416 4183 1468 4264 qui
1488 4179 1653 4248 diremiari·

1297 4285 1366 4382 45‘
