4050 5009
437 387 510 479 ²¹4

437 578 476 639 ta
493 576 593 639 sunt
630 563 728 637 Nam
745 557 898 636 iniuriae
918 556 1170 651 validiorum,
1193 573 1233 634 et
1255 560 1380 635 abeas
1400 556 1570 637 dnoessio
1586 557 1708 665 plebia
1728 578 1837 661 apa·

434 687 557 765 tribus
582 686 742 790 aliaque
772 682 1018 761 dissensiones
1047 680 1153 758 domi
1185 681 1292 760 fuere
1324 683 1403 759 iam
1437 680 1529 759 inde
1562 710 1586 759 a
1612 679 1838 788 principior

436 836 562 916 neque
579 810 745 915 amplius
773 835 891 910 quam
916 806 1066 911 regibus
1087 806 1242 897 exactis,
1266 806 1363 883 dum
1380 824 1502 884 metus
1522 833 1546 882 a
1561 804 1774 911 Tarquinio
1801 819 1841 883 et

434 935 582 1011 bellum
592 960 713 1039 ,grave
733 958 824 1007 cum
839 930 995 1007 Etruria
1018 930 1187 1034 positum
1204 946 1274 1019 est,
1302 957 1412 1036 aequo
1428 947 1467 1007 et
1477 930 1645 1009 modesto
1658 933 1745 1010 iure
1760 930 1840 1039 agi·

436 1074 586 1135 tatum:
612 1056 703 1133 dein
735 1054 860 1132 servili
887 1053 1048 1158 imperio
1071 1071 1194 1159 patres
1216 1055 1367 1160 plebem
1391 1080 1583 1151 exercere3
1606 1053 1655 1133 de
1677 1054 1755 1131 vita
1783 1068 1840 1131 at-

433 1208 510 1287 que
532 1196 637 1287 tergo
663 1178 766 1287 regio
792 1203 898 1253 more
927 1176 1152 1254 consulere:
1185 1203 1276 1284 agro
1296 1176 1437 1283 pellere
1461 1194 1500 1255 et
1519 1179 1651 1255 ceteris
1674 1176 1841 1285 e'xp‘erti·

431 1307 524 1398 bus,
557 1306 628 1382 soli
652 1304 694 1381 in
720 1301 880 1409 imperio
902 1324 1019 1407 agere
1059 1301 1212 1401 Quibus
1231 1302 1398 1394 sevitia,
1422 1319 1461 1379 et
1480 1328 1658 1381 maxume
1682 1290 1839 1381 foeneris

431 1456 546 1509 onere
577 1453 751 1535 oppressa
782 1425 933 1533 plebes,
966 1450 1057 1500 oum
1091 1421 1248 1501 assiduis
1281 1425 1390 1501 bellis
1429 1426 1620 1503 tributum
1649 1426 1769 1505 simul
1799 1441 1839 1506 et

435 1552 617 1632 militiam
643 1548 839 1639 toleraret,
865 1562 1010 1625 armata
1032 1561 1202 1625 montem
1223 1570 1374 1626 sacrum
1395 1564 1511 1655 atque
1528 1550 1765 1629 Aventinum
1781 1551 1841 1629 in·

429 1675 536 1753 sedit
571 1678 748 1779 Tumque
776 1670 952 1748 tribunos
976 1668 1099 1774 plebis
1120 1685 1159 1748 et
1180 1668 1255 1747 alia
1274 1670 1348 1747 sibi
1370 1670 1454 1748 iura
1481 1673 1639 1779 pararit
1685 1674 1839 1753 Discor

430 1798 585 1893 diarum
607 1814 646 1874 et
669 1794 886 1873 certaminis
912 1794 1110 1898 utrimque
1129 1792 1216 1870 finis
1239 1792 1314 1869 fuit
1329 1794 1542 1873 secundum
1556 1796 1702 1875 bellum
1720 1799 1839 1877 Puni·

429 1949 532 2001 cum.

509 2110 546 2185 9.
569 2089 793 2188 Postquam,
817 2095 962 2159 remoto
986 2094 1093 2156 metu
1116 2079 1282 2175 Punico,
1305 2081 1515 2161 simultates
1535 2060 1707 2167 exercere
1723 2116 1837 2167 racu.

426 2240 495 2287 um
527 2210 619 2301 fuit3
643 2208 821 2313 plurimae
843 2206 985 2296 turbae,
1012 2206 1213 2284 seditiones
1248 2224 1287 2283 et
1316 2207 1365 2284 ad
1394 2223 1631 2315 postremum
1651 2211 1756 2290 bella
1786 2215 1837 2289 ci·

425 2336 515 2411 vilia
543 2349 627 2409 orta
647 2346 761 2407 sunt:
787 2329 883 2406 dum
903 2330 1017 2432 pauci
1038 2345 1230 2433 potentes,
1255 2357 1423 2433 quorum
1445 2332 1488 2409 in
1511 2335 1634 2438 gratia
1658 2337 1835 2443 plerique
1939 2349 1941 2482 p

426 2454 707 2545 concesserant,
730 2455 803 2529 sub
823 2451 983 2528 honesto
1003 2467 1161 2555 patrum
1187 2469 1256 2528 aut
1275 2454 1396 2558 plebis
1418 2455 1576 2555 nomine
1605 2459 1835 2540 dominatio·

425 2608 492 2660 nes
516 2579 778 2667 adfectabant,
802 2576 973 2678 bonique
998 2591 1038 2649 et
1060 2575 1153 2649 mali
1178 2575 1275 2650 cives
1298 2573 1496 2681 adpellati,
1520 2607 1603 2659 non
1626 2586 1676 2659 ob
1697 2589 1833 2687 merita
1938 2609 1940 2752 p

425 2708 471 2793 in
488 2703 789 2807 rempublicam,
815 2700 993 2775 omnibus
1017 2697 1160 2804 pariter
1190 2701 1399 2803 corruptis,
1422 2702 1488 2810 sed
1509 2706 1752 2813 aliquisque
1779 2713 1830 2787 10.

427 2827 718 2933 cupletissumus
738 2838 777 2900 et
798 2823 941 2899 iniuria
963 2820 1147 2915 validior,
1172 2822 1261 2925 quia
1279 2825 1477 2927 praesentia
1497 2826 1747 2925 defendebat,
1764 2862 1831 2940 pro
1937 2877 1938 2954 l

426 2944 530 3029 bono
551 2951 773 3027 ducebatur.
810 2949 868 3023 Ex
889 2973 968 3049 quo
988 2959 1157 3049 tempore
1174 2944 1365 3023 maiorum
1378 2966 1499 3026 mores
1519 2979 1601 3033 non
1627 2958 1830 3060 paullatim
1937 3009 1938 3024 ,

426 3094 472 3153 ut
487 3092 617 3166 antea,
641 3072 707 3150 sed
733 3069 910 3146 torrentis
936 3066 1050 3143 modo
1073 3066 1326 3172 praecipitati:
1352 3070 1446 3150 adeo
1466 3074 1643 3155 iuventus
1662 3074 1761 3159 tu'xu
1777 3100 1829 3159 at·
1936 3083 1937 3154 l

424 3227 500 3313 que
524 3197 682 3315 araritia
706 3208 886 3298 corrupta
916 3206 993 3282 est,
1018 3190 1078 3266 uti
1099 3190 1236 3266 merito
1262 3190 1433 3290 dicatttr,
1465 3200 1611 3303 genitos
1643 3229 1738 3298 esse,
1763 3207 1826 3313 qui

423 3350 549 3428 neque
569 3321 641 3425 ipsi
662 3317 805 3394 habere
825 3331 975 3421 possent
996 3340 1053 3390 res
1072 3312 1292 3407 familiaris,
1315 3345 1442 3425 neque
1468 3322 1562 3401 alios
1581 3327 1674 3433 pati.
1733 3422 1738 3429 ι

421 3541 534 3604 iniant
558 3540 740 3602 editionum
768 3538 847 3599 Serv,
873 3537 944 3619 legit
966 3534 1004 3595 ad
1025 3532 1130 3615 Gaorg.
1152 3533 1187 3611 4,
1209 3536 1284 3610 2383
1306 3538 1359 3599 cfr.
1380 3538 1472 3603 Corn.
1491 3548 1604 3609 Fronto
1622 3569 1646 3611 s.
1667 3570 1695 3611 r.
1721 3550 1823 3613 imario

421 3646 639 3727 Diomedpag.
656 3644 726 3725 439.
754 3642 834 3703 Serv.
848 3628 887 3700 ad
901 3638 972 3705 den.
986 3640 1024 3713 8,
1041 3638 1111 3723 ⁴79·
1138 3639 1246 3701 Donat.
1266 3640 1306 3701 ad
1329 3641 1470 3709 Andriam
1493 3670 1506 3711 ι
1514 3690 1526 3726 ,
1549 3673 1585 3729 1,
1611 3676 1641 3737 9,
1663 3658 1716 3740 qui
1733 3674 1822 3740 pm

420 3751 508 3815 rerba
521 3748 610 3811 huius
627 3750 687 3810 loei
706 3746 839 3809 laudant.

513 3900 544 3961 9,
563 3874 630 3937 dal.
644 3874 720 3941 Gell.
736 3896 773 3955 9,
790 3894 837 3937 ra.
854 3872 972 3955 August.
988 3868 1024 3929 G.
1040 3870 1077 3932 D.
1092 3890 1131 3947 a,
1149 3836 1201 3945 l83
1221 3884 1251 3937 et
1264 3874 1304 3950 Ξ,
1327 3896 1373 3958 17.
1394 3875 1487 3940 Gom.
1501 3880 1612 3945 Fronto
1627 3906 1650 3946 r.
1664 3911 1694 3951 r.
1708 3908 1819 3951 conass-

419 3992 581 4047 seram.-
604 4000 650 4043 ro.
666 3976 945 4052 lut.Gstt15,13;
968 3975 1053 4042 Prisc.
1067 3977 1105 4052 8,
1120 3974 1239 4061 ΜΠ.
1255 3980 1430 4069 -ssdul
1446 3982 1570 4070 Gellp,
1590 4010 1638 4052 sa.
1658 3993 1816 4056 Adtolhm

419 4089 498 4149 llam
514 4087 642 4151 Marcell.
669 4104 704 4152 a.
727 4083 796 4155 554.
825 4114 868 4131 -
901 4099 950 4153 ra.
970 4080 1080 4142 Donat.
1103 4081 1154 4143 ad.
1175 4080 1295 4146 Phorm.
1314 4105 1348 4160 a,
1372 4086 1411 4162 4,
1432 4088 1481 4160 ²4·
1511 4090 1603 4159 Com.
1621 4095 1732 4159 Fronto
1749 4118 1771 4164 s.
1789 4120 1814 4161 r·
1933 4079 1934 4112 ¹

419 4193 453 4252 in
473 4201 607 4273 temporo.
619 4220 661 4239 -ι
684 4188 730 4249 13.
751 4184 864 4246 Charis.
879 4184 951 4243 luat.
966 4181 1098 4256 Grsmm,
1116 4206 1150 4269 p.
1163 4186 1212 4251 58.
1231 4186 1450 4259 dominun,
1463 4192 1499 4273 ⁴,
1521 4194 1570 4259 52,
1586 4198 1655 4276 ubi,
1673 4201 1813 4266 mm,

420 4300 524 4371 rlone,
543 4306 625 4362 retus
646 4291 748 4355 Codex
770 4289 804 4351 in
821 4288 901 4350 ἀίω
915 4290 994 4372 legit.
