4050 5009
430 411 485 492 70

428 569 554 660 ditus,
578 567 623 646 in
643 567 734 675 luga
754 584 984 674 sequeretur.
1022 569 1095 650 Sed
1119 569 1303 662 Catilina,
1333 587 1535 676 postquam
1561 567 1663 645 ridet
1691 563 1829 644 monti-

431 695 504 774 bus
520 711 637 800 atque
655 692 774 799 copiis
793 693 963 772 hostium
981 720 1058 772 sese
1082 695 1277 789 clausum,
1302 696 1350 772 in·
1367 696 1464 772 urbe
1482 720 1539 770 res
1560 692 1753 783 advorsos,
1768 715 1830 766 ne·

430 844 508 924 que
531 817 647 925 fugae,
680 819 992 929 nequepraesidii
1012 819 1136 924 ullam
1157 845 1280 925 spem3
1313 836 1517 926 optumum
1539 817 1685 894 factum
1704 831 1829 902 ratus,

172 1013 176 1020 .
295 1029 300 1037 ,
430 942 476 1019 in
503 941 571 1018 tali
599 968 641 1018 re
661 939 860 1018 fortunam
882 943 975 1018 belli
1009 959 1214 1049 temptare,
1247 944 1382 1020 statuit
1411 971 1502 1019 cum
1525 940 1695 1042 Antonio
1716 966 1831 1044 quam

434 1065 605 1170 primum
618 1065 828 1171 confligere.
871 1070 1023 1170 Itaque,
1043 1067 1228 1144 concione
1245 1068 1442 1159 advocata,
1467 1063 1731 1144 huiuscemodi
1753 1091 1833 1140 ora·
1949 1085 1950 1102 ¹

434 1188 580 1264 tionem
596 1186 747 1262 habuit.

389 1314 426 1376 58
538 1314 814 1416 „Compertum
833 1337 900 1416 ego
928 1310 1075 1404 habeo,
1100 1312 1258 1403 milites,
1283 1314 1397 1390 verba
1421 1313 1602 1390 virtutem
1621 1338 1702 1388 non
1724 1310 1837 1388 adde·

298 1469 309 1484 ·
439 1461 500 1529 re3
523 1461 648 1537 neque
669 1461 715 1510 ex
743 1435 878 1540 ignavo
900 1452 1120 1527 strenuum,
1151 1463 1275 1540 neque
1308 1437 1445 1513 fortem
1466 1463 1512 1513 ex
1535 1436 1670 1512 timido
1699 1435 1838 1513 exerci-
1950 1475 1951 1478 ¹

440 1575 527 1634 tum
548 1558 720 1635 oratione
741 1559 980 1663 imperatoris
1009 1559 1102 1635 lieri
1139 1560 1295 1658 Quanta
1321 1561 1505 1664 cuius'qu'e
1526 1562 1656 1637 animo
1680 1560 1838 1668 audacia

440 1697 600 1772 natura,
629 1698 697 1757 aut
712 1684 882 1758 moribus
907 1683 1024 1773 inest,
1048 1698 1155 1758 tanta
1178 1684 1222 1758 in
1237 1683 1338 1759 bello
1352 1700 1482 1788 patere
1502 1685 1613 1779 solet3
1638 1711 1756 1788 quem
1776 1709 1839 1759 ne-

435 1832 512 1911 que
535 1807 673 1912 gloria,
697 1833 823 1910 neque
841 1805 1012 1911 pericula
1037 1806 1223 1897 excitant,
1248 1807 1505 1910 nequicquam
1523 1806 1699 1884 hortere:
1727 1810 1840 1884 timor

436 1930 557 2006 animi
579 1929 737 2005 auribus
762 1928 902 2005 obficit.
955 1927 1029 2004 Sed
1049 1955 1214 2036 egomt,
1240 1956 1317 2032 quo
1335 1958 1459 2034 pauco
1484 1959 1696 2024 monerem,
1730 1933 1841 2008 advo-

352 2133 359 2140 ,
435 2055 538 2149 cavi3
562 2054 678 2129 simul
709 2053 769 2130 uti
796 2078 965 2130 caussam
990 2051 1067 2128 mei
1097 2053 1246 2138 consilii
1280 2053 1474 2156 aperirem.
1509 2056 1617 2130 Scitis
1642 2056 1844 2160 equidem,

435 2178 596 2268 milites,
620 2175 793 2252 socordia
815 2192 931 2280 atque
949 2175 1100 2282 ignavia
1116 2175 1270 2252 Lentuli
1293 2192 1480 2279 quantam
1499 2178 1571 2283 ipsi
1596 2179 1747 2256 cladem
1776 2207 1843 2255 no-

435 2301 571 2404 bisque
589 2298 781 2393 attulerit3
805 2326 960 2402 quoque
986 2300 1120 2389 modo,
1147 2299 1242 2375 dum
1265 2325 1312 2375 ex
1332 2302 1429 2376 urbe
1449 2301 1623 2406 praesidia
1641 2305 1844 2408 opperior,

436 2423 675 2500 in.Galliam
693 2422 882 2527 proficisci
907 2422 1151 2526 nequiverim.
1188 2425 1301 2498 Nunc
1316 2450 1404 2500 vero
1420 2425 1555 2528 quoin
1579 2426 1664 2504 loco
1683 2453 1741 2504 res
1760 2454 1844 2504 nos-

438 2563 506 2624 trae
521 2549 617 2636 sint,
643 2546 749 2622 iuxta
770 2572 923 2623 mecum
942 2572 1073 2622 omnes
1093 2545 1318 2652 intellegitis.
1342 2549 1538 2625 Exercitus
1555 2548 1727 2627 hostium
1752 2553 1843 2640 duo,

399 2855 403 2860 .
439 2797 481 2836 ιιι.
492 2794 538 2858 pr.
552 2784 582 2836 et
592 2796 647 2857 pro
662 2777 740 2840 varia
754 2776 880 2836 lectione
899 2772 985 2835 rubr.
997 2794 1025 2834 2.
1045 2771 1165 2855 infugu
1184 2773 1266 2835 Loid.
1280 2777 1301 2840 f.
1317 2777 1344 2836 lr.
1356 2779 1377 2836 1.
1389 2798 1429 2835 m.
1450 2775 1512 2842 Bas.
1530 2798 1555 2837 ι.
1565 2777 1594 2850 Δ.
1614 2777 1699 2840 Rem.
1712 2800 1740 2848 a.
1761 2781 1845 2843 Febr.

439 2890 535 2961 uterq.
560 2879 629 2942 Vin.
642 2900 669 2941 ι.
701 2879 806 2966 Franc.
825 2879 893 2941 Ecc.
914 2879 1014 2940 Herses.
1036 2879 1133 2940 Guell.
1154 2901 1178 2939 r.
1192 2881 1220 2945 5.
1236 2901 1281 2940 ro.
1297 2901 1342 2940 rr.
1363 2882 1480 2942 Gruteri
1499 2884 1646 2958 meliores,
1669 2884 1730 2945 duo
1744 2887 1847 2946 Wassii

441 2983 527 3044 Prisc.
545 2987 566 3044 l.
581 2986 603 3043 1.
643 2983 741 3046 Turic.
759 3005 785 3042 r.
799 3003 827 3044 ι.
858 2982 893 3042 in
908 2983 1023 3063 fugam
1044 2985 1142 3044 ceteri.
1173 2993 1265 3064 postq.
1282 2985 1360 3046 vidit
1385 2985 1482 3048 Guell.
1497 2988 1525 3051 5.
1555 2987 1624 3047 Tur.
1645 3009 1671 3054 2.
1699 2989 1764 3052 vid.
1788 3014 1847 3054 orn.

441 3086 587 3154 Commel.
616 3097 677 3170 opt.
689 3090 813 3167 fuctum
832 3085 884 3149 llo.
905 3086 1002 3147 Guell.
1015 3087 1083 3169 59.
1101 3107 1147 3148 ra.
1715 3101 1722 3109 ·

503 3215 576 3298 Cup.
594 3219 644 3279 58.
675 3226 856 3299 compertum
876 3215 969 3276 habeo
988 3225 1115 3298 quatuor
1130 3215 1223 3278 Cortii
1236 3217 1324 3290 libri,
1347 3219 1408 3280 llas.
1426 3225 1453 3284 3.
1474 3222 1555 3282 Leid.
1576 3224 1604 3282 k.
1619 3237 1664 3289 ιιι.
1685 3223 1764 3286 nivii
1782 3227 1847 3287 Me.

440 3321 558 3384 Gruteri
576 3324 646 3383 libri
660 3333 688 3383 et
702 3333 759 3382 tres
769 3321 883 3383 Wanii.
902 3319 991 3380 verba
1003 3319 1095 3380 vr'rr's.¹
1107 3319 1180 3381 υἰνιζι
1195 3321 1339 3384 abiiciunt
1353 3323 1419 3385 Eoc.
1442 3337 1534 3408 uterq.
1557 3329 1615 3392 inc.
1637 3329 1723 3390 Fabr.
1744 3351 1848 3391 omnes

440 3430 528 3491 Paria.
550 3448 652 3488 omnes
663 3427 745 3486 Leid.
768 3427 882 3507 (preter
897 3424 938 3506 g.)
965 3422 1017 3485 lc.
1037 3423 1100 3486 Bae.
1116 3446 1141 3484 r.
1152 3424 1219 3496 Μ.
1240 3427 1307 3494 Sco,
1322 3449 1348 3488 r.
1370 3429 1474 3490 Frons.
1494 3432 1592 3497 Guell.
1608 3455 1634 3492 2.
1646 3433 1674 3494 3.
1686 3435 1714 3495 5.
1727 3458 1756 3516 9.
1782 3457 1850 3517 sep·

442 3531 698 3594 tcmWassiilibri.
710 3531 779 3591 Tur.
797 3552 823 3590 1.
838 3550 866 3589 2.
885 3527 972 3588 Bern-
986 3528 1048 3599 hl·
1059 3528 1239 3590 maiconst'lii
1248 3528 1310 3590 Bas.
1324 3553 1350 3591 r.
1361 3553 1386 3593 ι.
1398 3533 1468 3594 Τιιι.
1482 3536 1601 3597 ι.Βειιι.
1617 3560 1641 3597 ι.
1655 3539 1725 3612 Μ.
1747 3561 1850 3601 omnes

442 3634 524 3697 leid.
545 3634 640 3695 nostri
677 3635 741 3694 llas.
761 3640 788 3699 3.
830 3632 981 3695 coru-mci
1003 3630 1073 3692 Tur.
1086 3654 1113 3693 ι.
1154 3644 1266 3713 quantu
1282 3636 1384 3715 cuique
1423 3637 1520 3700 Guell.
1534 3643 1561 3707 5.
1592 3643 1653 3703 Bas.
1666 3663 1693 3704 a.
1736 3667 1778 3705 m.
1795 3667 1848 3710 sec.

344 3785 348 3790 .
441 3739 513 3822 Teg.
533 3739 625 3800 Mark.
640 3753 669 3805 r.
689 3739 747 3800 hoc
761 3741 849 3800 ctiam
864 3739 897 3798 in
920 3736 1018 3802 Guell.
1036 3759 1066 3820 9.
1087 3736 1200 3804 Fabrio.
1219 3760 1244 3799 r.
1263 3741 1360 3802 Struv.
1380 3743 1518 3806 Semta.
1539 3747 1639 3808 Heuss.
1660 3752 1754 3832 legere
1771 3753 1848 3811 licet.

445 3843 631 3924 nequiquam.
651 3843 720 3927 Τις.
739 3843 825 3906 Bern.
842 3845 872 3916 l.
892 3843 933 3902 ita
949 3843 1055 3924 passim
1071 3841 1131 3901 alii.
1152 3843 1274 3905 hortare
1294 3844 1391 3905 Guell.
1410 3868 1435 3907 r.
1450 3849 1478 3914 6.
1493 3851 1522 3912 8.
1539 3873 1568 3932 9.
1590 3851 1682 3913 dead.
1702 3856 1806 3915 insert.
1822 3875 1847 3914 2.

444 3950 550 4010 Franc.
569 3948 670 4019 ont
690 3948 809 4008 hortari
826 3948 911 4008 Bem.
925 3967 953 4006 2.
973 3945 1106 4008 hortaris
1124 3946 1248 4009 Bernd.
1268 3947 1363 4026 olfict't
1382 3951 1480 4013 Guell.
1496 3956 1523 4022 5.
1542 3977 1594 4017 vos
1610 3959 1687 4018 delet
1704 3957 1804 4020 Guell.
1820 3962 1848 4030 4.

445 4055 535 4115 Palat.
547 4053 576 4125 4.
610 4055 802 4114 admonerem
821 4051 882 4116 Bao.
904 4070 931 4110 a.
951 4048 1056 4111 Franc.
1079 4049 1175 4122 Guell.
1190 4053 1217 4111 5.
1239 4051 1357 4112 comm.
1377 4055 1512 4124 Mork.1·.
1535 4071 1676 4140 quonlam
1695 4063 1758 4142 ipsi.
1783 4063 1849 4144 ipsis

445 4159 532 4224 Fabr.
548 4179 577 4224 2.
595 4158 651 4219 sibi
669 4159 773 4224 Fraus.
792 4157 856 4216 Bas·
872 4161 900 4220 ὅ.
920 4155 1002 4216 Leid.
1020 4155 1051 4214 d.
1066 4157 1087 4216 i.
1106 4154 1198 4216 sibiet
1216 4156 1297 4217 nobis
1317 4158 1376 4223 inc.
1394 4181 1421 4222 a.
1450 4162 1505 4243 ipsi
1517 4166 1652 4245 nobisque
1678 4167 1757 4229 clod.
1778 4169 1847 4253 Τις.

446 4265 532 4328 Bern.
554 4284 621 4328 ια.
640 4263 669 4325 5.
685 4264 724 4344 dg
743 4265 784 4324 its
801 4263 923 4326 llorere.
948 4259 1043 4321 edidit
1064 4281 1119 4323 nec
1135 4271 1237 4322 contra
1259 4282 1389 4346 pugnare
1412 4267 1548 4330 ridentur
1569 4271 1651 4332 Leid.
1680 4275 1848 4354 quomodo
1900 4315 1905 4324 ·
