<?xml version="1.0" encoding="UTF-8"?>
<!DOCTYPE html PUBLIC "-//W3C//DTD XHTML 1.0 Transitional//EN"
    "http://www.w3.org/TR/xhtml1/DTD/xhtml1-transitional.dtd">
<html xmlns="http://www.w3.org/1999/xhtml" xml:lang="en" lang="en">
 <head>
  <title>
</title>
<meta http-equiv="Content-Type" content="text/html;charset=utf-8" />
  <meta name='ocr-system' content='tesseract 3.04.00' />
  <meta name='ocr-capabilities' content='ocr_page ocr_carea ocr_par ocr_line ocrx_word'/>
</head>
<body>
  <div class='ocr_page' id='page_1' title='image "./salustiiquaeexs00sallgoog_0102.png"; bbox 0 0 4050 5009; ppageno 0'>
   <div class='ocr_carea' id='block_1_1' title="bbox 393 420 447 513">
    <p class='ocr_par' dir='ltr' id='par_1_1' title="bbox 393 420 447 513">
     <span class='ocr_line' id='line_1_1' title="bbox 393 420 447 513; baseline -0.111 0"><span class='ocrx_word' id='word_1_1' title='bbox 393 420 447 513; x_wconf 75' lang='grc'><strong>94</strong></span> 
     </span>
    </p>
   </div>
   <div class='ocr_carea' id='block_1_2' title="bbox 395 593 1801 809">
    <p class='ocr_par' dir='ltr' id='par_1_2' title="bbox 395 593 1801 809">
     <span class='ocr_line' id='line_1_2' title="bbox 395 593 1801 688; baseline 0.001 -13"><span class='ocrx_word' id='word_1_2' title='bbox 395 603 548 675; x_wconf 74' lang='lat' dir='ltr'><strong>inclusit.</strong></span> <span class='ocrx_word' id='word_1_3' title='bbox 577 602 672 669; x_wconf 85' lang='lat' dir='ltr'><strong>idem</strong></span> <span class='ocrx_word' id='word_1_4' title='bbox 701 593 882 688; x_wconf 82' lang='lat' dir='ltr'><strong>perperam</strong></span> <span class='ocrx_word' id='word_1_5' title='bbox 914 605 1050 666; x_wconf 80' lang='lat' dir='ltr'><strong>coetera</strong></span> <span class='ocrx_word' id='word_1_6' title='bbox 1077 596 1242 665; x_wconf 76' lang='lat' dir='ltr'>defendit.</span> <span class='ocrx_word' id='word_1_7' title='bbox 1274 599 1559 688; x_wconf 65' lang='lat' dir='ltr'><strong>..conjungenda</strong></span> <span class='ocrx_word' id='word_1_8' title='bbox 1590 608 1686 673; x_wconf 87' lang='lat' dir='ltr'><strong>enim</strong></span> <span class='ocrx_word' id='word_1_9' title='bbox 1713 614 1801 679; x_wconf 79' lang='lat' dir='ltr'><strong>haec:</strong></span> 
     </span>
     <span class='ocr_line' id='line_1_3' title="bbox 396 705 1801 809; baseline -0.006 -30"><span class='ocrx_word' id='word_1_10' title='bbox 396 732 479 779; x_wconf 84' lang='lat' dir='ltr'><strong>mox</strong></span> <span class='ocrx_word' id='word_1_11' title='bbox 505 710 535 777; x_wconf 86' lang='lat' dir='ltr'><strong>si</strong></span> <span class='ocrx_word' id='word_1_12' title='bbox 552 716 665 775; x_wconf 80' lang='lat' dir='ltr'><strong>vestra</strong></span> <span class='ocrx_word' id='word_1_13' title='bbox 683 706 899 793; x_wconf 69' lang='lat' dir='ltr'>receperitis,</span> <span class='ocrx_word' id='word_1_14' title='bbox 919 708 964 771; x_wconf 82' lang='lat' dir='ltr'><strong>ad</strong></span> <span class='ocrx_word' id='word_1_15' title='bbox 985 724 1048 771; x_wconf 82' lang='lat' dir='ltr'><strong>vos</strong></span> <span class='ocrx_word' id='word_1_16' title='bbox 1067 705 1227 809; x_wconf 83' lang='lat' dir='ltr'><strong>plerique</strong></span> <span class='ocrx_word' id='word_1_17' title='bbox 1248 708 1450 789; x_wconf 79' lang='lat' dir='ltr'><strong>concedent3</strong></span> <span class='ocrx_word' id='word_1_18' title='bbox 1472 718 1610 799; x_wconf 72' lang='lat' dir='ltr'><strong>cetera,</strong></span> <span class='ocrx_word' id='word_1_19' title='bbox 1632 714 1655 778; x_wconf 90' lang='lat' dir='ltr'><strong>i.</strong></span> <span class='ocrx_word' id='word_1_20' title='bbox 1677 738 1707 784; x_wconf 82' lang='lat' dir='ltr'><strong>e.</strong></span> <span class='ocrx_word' id='word_1_21' title='bbox 1720 738 1801 786; x_wconf 49' lang='grc' dir='ltr'><strong>θη.</strong></span> 
     </span>
    </p>
   </div>
   <div class='ocr_carea' id='block_1_3' title="bbox 296 811 1854 3244">
    <p class='ocr_par' dir='ltr' id='par_1_3' title="bbox 387 811 1854 2183">
     <span class='ocr_line' id='line_1_4' title="bbox 395 811 1854 909; baseline 0.006 -28"><span class='ocrx_word' id='word_1_22' title='bbox 395 818 510 901; x_wconf 84' lang='lat' dir='ltr'><strong>rium,</strong></span> <span class='ocrx_word' id='word_1_23' title='bbox 530 834 652 903; x_wconf 81' lang='lat' dir='ltr'><strong>regna,</strong></span> <span class='ocrx_word' id='word_1_24' title='bbox 677 812 865 901; x_wconf 70' lang='lat' dir='ltr'><strong>provinciae</strong></span> <span class='ocrx_word' id='word_1_25' title='bbox 888 811 1100 878; x_wconf 78' lang='lat' dir='ltr'><strong>validiorum</strong></span> <span class='ocrx_word' id='word_1_26' title='bbox 1116 820 1216 891; x_wconf 84' lang='lat' dir='ltr'><strong>sunt,</strong></span> <span class='ocrx_word' id='word_1_27' title='bbox 1236 812 1272 877; x_wconf 87' lang='lat' dir='ltr'><strong>lr.</strong></span> <span class='ocrx_word' id='word_1_28' title='bbox 1294 832 1323 877; x_wconf 91' lang='lat' dir='ltr'><strong>e.</strong></span> <span class='ocrx_word' id='word_1_29' title='bbox 1341 821 1471 900; x_wconf 78' lang='lat' dir='ltr'><strong>vestro,</strong></span> <span class='ocrx_word' id='word_1_30' title='bbox 1493 822 1635 899; x_wconf 87' lang='lat' dir='ltr'><strong>quando</strong></span> <span class='ocrx_word' id='word_1_31' title='bbox 1658 822 1710 887; x_wconf 83' lang='lat' dir='ltr'><strong>ita</strong></span> <span class='ocrx_word' id='word_1_32' title='bbox 1726 825 1801 909; x_wconf 87' lang='lat' dir='ltr'><strong>plus</strong></span> <span class='ocrx_word' id='word_1_33' title='bbox 1851 828 1854 838; x_wconf 81' lang='grc'><em>’</em></span> 
     </span>
     <span class='ocr_line' id='line_1_5' title="bbox 395 918 1800 1015; baseline 0.002 -22"><span class='ocrx_word' id='word_1_34' title='bbox 395 924 550 993; x_wconf 58' lang='lat' dir='ltr'><strong>valetis.»</strong></span> <span class='ocrx_word' id='word_1_35' title='bbox 568 931 732 1010; x_wconf 77' lang='lat' dir='ltr'><strong>preterea</strong></span> <span class='ocrx_word' id='word_1_36' title='bbox 745 929 848 1009; x_wconf 82' lang='lat' dir='ltr'><strong>negat</strong></span> <span class='ocrx_word' id='word_1_37' title='bbox 868 918 1088 986; x_wconf 76' lang='lat' dir='ltr'><em>validiorum</em></span> <span class='ocrx_word' id='word_1_38' title='bbox 1110 921 1153 984; x_wconf 91' lang='lat' dir='ltr'><strong>de</strong></span> <span class='ocrx_word' id='word_1_39' title='bbox 1173 920 1291 1004; x_wconf 82' lang='lat' dir='ltr'><strong>paucis</strong></span> <span class='ocrx_word' id='word_1_40' title='bbox 1308 919 1380 985; x_wconf 86' lang='lat' dir='ltr'><strong>illis</strong></span> <span class='ocrx_word' id='word_1_41' title='bbox 1395 922 1575 989; x_wconf 86' lang='lat' dir='ltr'><strong>nobilibus</strong></span> <span class='ocrx_word' id='word_1_42' title='bbox 1597 928 1666 992; x_wconf 84' lang='lat' dir='ltr'><strong>dici</strong></span> <span class='ocrx_word' id='word_1_43' title='bbox 1687 950 1800 1015; x_wconf 80' lang='lat' dir='ltr'><strong>posse3</strong></span> 
     </span>
     <span class='ocr_line' id='line_1_6' title="bbox 395 1023 1801 1121; baseline 0 -22"><span class='ocrx_word' id='word_1_44' title='bbox 395 1033 535 1119; x_wconf 80' lang='lat' dir='ltr'><strong>aliaque</strong></span> <span class='ocrx_word' id='word_1_45' title='bbox 558 1030 655 1099; x_wconf 81' lang='lat' dir='ltr'><strong>addit</strong></span> <span class='ocrx_word' id='word_1_46' title='bbox 679 1050 752 1094; x_wconf 92' lang='lat' dir='ltr'><strong>non</strong></span> <span class='ocrx_word' id='word_1_47' title='bbox 774 1027 890 1093; x_wconf 84' lang='lat' dir='ltr'><strong>minus</strong></span> <span class='ocrx_word' id='word_1_48' title='bbox 917 1023 1083 1102; x_wconf 69' lang='lat' dir='ltr'><strong>absurdae</strong></span> <span class='ocrx_word' id='word_1_49' title='bbox 1108 1028 1169 1090; x_wconf 89' lang='lat' dir='ltr'><strong>sed</strong></span> <span class='ocrx_word' id='word_1_50' title='bbox 1192 1025 1297 1110; x_wconf 82' lang='lat' dir='ltr'><strong>plane</strong></span> <span class='ocrx_word' id='word_1_51' title='bbox 1326 1028 1479 1115; x_wconf 80' lang='lat' dir='ltr'><strong>neglexit</strong></span> <span class='ocrx_word' id='word_1_52' title='bbox 1506 1033 1692 1121; x_wconf 84' lang='lat' dir='ltr'><strong>explicare,</strong></span> <span class='ocrx_word' id='word_1_53' title='bbox 1717 1036 1801 1119; x_wconf 84' lang='lat' dir='ltr'><strong>quid</strong></span> 
     </span>
     <span class='ocr_line' id='line_1_7' title="bbox 395 1130 1802 1225; baseline -0.001 -17"><span class='ocrx_word' id='word_1_54' title='bbox 395 1149 519 1208; x_wconf 83' lang='lat' dir='ltr'><strong>uestra</strong></span> <span class='ocrx_word' id='word_1_55' title='bbox 529 1136 740 1225; x_wconf 76' lang='lat' dir='ltr'><strong>significent,</strong></span> <span class='ocrx_word' id='word_1_56' title='bbox 760 1134 791 1200; x_wconf 84' lang='lat' dir='ltr'><strong>si</strong></span> <span class='ocrx_word' id='word_1_57' title='bbox 808 1130 951 1218; x_wconf 79' lang='lat' dir='ltr'><strong>quidem</strong></span> <span class='ocrx_word' id='word_1_58' title='bbox 962 1140 1098 1199; x_wconf 80' lang='lat' dir='ltr'><strong>coetera</strong></span> <span class='ocrx_word' id='word_1_59' title='bbox 1112 1131 1283 1218; x_wconf 70' lang='lat' dir='ltr'><strong>erarium,</strong></span> <span class='ocrx_word' id='word_1_60' title='bbox 1294 1152 1409 1222; x_wconf 80' lang='lat' dir='ltr'><strong>regna,</strong></span> <span class='ocrx_word' id='word_1_61' title='bbox 1426 1137 1621 1221; x_wconf 80' lang='lat' dir='ltr'><strong>provincias</strong></span> <span class='ocrx_word' id='word_1_62' title='bbox 1631 1149 1694 1207; x_wconf 90' lang='lat' dir='ltr'><strong>etc.</strong></span> <span class='ocrx_word' id='word_1_63' title='bbox 1711 1162 1802 1207; x_wconf 90' lang='lat' dir='ltr'><strong>com-</strong></span> 
     </span>
     <span class='ocr_line' id='line_1_8' title="bbox 395 1242 1801 1335; baseline -0.001 -24"><span class='ocrx_word' id='word_1_64' title='bbox 395 1246 609 1335; x_wconf 85' lang='lat' dir='ltr'><strong>plectuntur,</strong></span> <span class='ocrx_word' id='word_1_65' title='bbox 629 1246 689 1309; x_wconf 87' lang='lat' dir='ltr'><strong>scd</strong></span> <span class='ocrx_word' id='word_1_66' title='bbox 703 1243 778 1308; x_wconf 75' lang='lat' dir='ltr'><strong>hac</strong></span> <span class='ocrx_word' id='word_1_67' title='bbox 795 1244 1023 1322; x_wconf 76' lang='lat' dir='ltr'><strong>eudemum,</strong></span> <span class='ocrx_word' id='word_1_68' title='bbox 1045 1258 1159 1322; x_wconf 89' lang='lat' dir='ltr'><strong>neque</strong></span> <span class='ocrx_word' id='word_1_69' title='bbox 1171 1248 1315 1325; x_wconf 82' lang='lat' dir='ltr'><strong>possunt</strong></span> <span class='ocrx_word' id='word_1_70' title='bbox 1326 1242 1459 1327; x_wconf 92' lang='lat' dir='ltr'><strong>opponi</strong></span> <span class='ocrx_word' id='word_1_71' title='bbox 1473 1251 1641 1312; x_wconf 76' lang='lat' dir='ltr'><strong>vestra&#39;et</strong></span> <span class='ocrx_word' id='word_1_72' title='bbox 1658 1255 1801 1313; x_wconf 79' lang='lat' dir='ltr'><strong>catera.</strong></span> 
     </span>
     <span class='ocr_line' id='line_1_9' title="bbox 395 1344 1803 1439; baseline -0.002 -21"><span class='ocrx_word' id='word_1_73' title='bbox 395 1353 537 1439; x_wconf 79' lang='lat' dir='ltr'><strong>Accedit</strong></span> <span class='ocrx_word' id='word_1_74' title='bbox 562 1350 657 1435; x_wconf 89' lang='lat' dir='ltr'><strong>quod</strong></span> <span class='ocrx_word' id='word_1_75' title='bbox 676 1344 874 1414; x_wconf 79' lang='lat' dir='ltr'><strong>validiores</strong></span> <span class='ocrx_word' id='word_1_76' title='bbox 899 1345 939 1409; x_wconf 91' lang='lat' dir='ltr'><strong>in</strong></span> <span class='ocrx_word' id='word_1_77' title='bbox 968 1348 1165 1410; x_wconf 81' lang='lat' dir='ltr'><strong>universum</strong></span> <span class='ocrx_word' id='word_1_78' title='bbox 1182 1344 1415 1429; x_wconf 83' lang='lat' dir='ltr'><strong>potentiores</strong></span> <span class='ocrx_word' id='word_1_79' title='bbox 1434 1351 1614 1439; x_wconf 76' lang='lat' dir='ltr'><strong>dicunnrr,</strong></span> <span class='ocrx_word' id='word_1_80' title='bbox 1647 1354 1686 1417; x_wconf 92' lang='lat' dir='ltr'><strong>id</strong></span> <span class='ocrx_word' id='word_1_81' title='bbox 1711 1352 1803 1439; x_wconf 83' lang='lat' dir='ltr'><strong>quod</strong></span> 
     </span>
     <span class='ocr_line' id='line_1_10' title="bbox 396 1446 1802 1543; baseline 0.001 -20"><span class='ocrx_word' id='word_1_82' title='bbox 396 1460 573 1527; x_wconf 88' lang='lat' dir='ltr'><strong>neminem</strong></span> <span class='ocrx_word' id='word_1_83' title='bbox 592 1456 703 1543; x_wconf 61' lang='lat' dir='ltr'><strong>fugin</strong></span> <span class='ocrx_word' id='word_1_84' title='bbox 734 1463 768 1520; x_wconf 85' lang='lat' dir='ltr'><strong>et</strong></span> <span class='ocrx_word' id='word_1_85' title='bbox 796 1454 890 1538; x_wconf 90' lang='lat' dir='ltr'><strong>quod</strong></span> <span class='ocrx_word' id='word_1_86' title='bbox 918 1446 1046 1517; x_wconf 77' lang='lat' dir='ltr'><strong>catari</strong></span> <span class='ocrx_word' id='word_1_87' title='bbox 1068 1450 1226 1535; x_wconf 78' lang='lat' dir='ltr'><strong>omnium</strong></span> <span class='ocrx_word' id='word_1_88' title='bbox 1255 1450 1428 1517; x_wconf 86' lang='lat' dir='ltr'><strong>librorum</strong></span> <span class='ocrx_word' id='word_1_89' title='bbox 1455 1454 1559 1520; x_wconf 87' lang='lat' dir='ltr'><strong>lectio</strong></span> <span class='ocrx_word' id='word_1_90' title='bbox 1591 1468 1657 1521; x_wconf 82' lang='lat' dir='ltr'><strong>est:</strong></span> <span class='ocrx_word' id='word_1_91' title='bbox 1689 1478 1802 1541; x_wconf 87' lang='lat' dir='ltr'><strong>neque</strong></span> 
     </span>
     <span class='ocr_line' id='line_1_11' title="bbox 387 1556 1804 1646; baseline -0.001 -13"><span class='ocrx_word' id='word_1_92' title='bbox 387 1567 570 1643; x_wconf 45' lang='lat' dir='ltr'><strong>‚editorum</strong></span> <span class='ocrx_word' id='word_1_93' title='bbox 596 1564 796 1643; x_wconf 73' lang='lat' dir='ltr'><strong>conjecture</strong></span> <span class='ocrx_word' id='word_1_94' title='bbox 817 1556 941 1646; x_wconf 89' lang='lat' dir='ltr'><strong>optimi</strong></span> <span class='ocrx_word' id='word_1_95' title='bbox 958 1556 1123 1640; x_wconf 87' lang='lat' dir='ltr'><strong>cujusque</strong></span> <span class='ocrx_word' id='word_1_96' title='bbox 1146 1557 1231 1621; x_wconf 88' lang='lat' dir='ltr'><strong>libri</strong></span> <span class='ocrx_word' id='word_1_97' title='bbox 1252 1560 1489 1626; x_wconf 83' lang='lat' dir='ltr'><strong>auctoritatem</strong></span> <span class='ocrx_word' id='word_1_98' title='bbox 1506 1560 1695 1631; x_wconf 82' lang='lat' dir='ltr'><strong>infirmant.</strong></span> <span class='ocrx_word' id='word_1_99' title='bbox 1726 1570 1804 1633; x_wconf 89' lang='lat' dir='ltr'><strong>Non</strong></span> 
     </span>
     <span class='ocr_line' id='line_1_12' title="bbox 396 1664 1804 1753; baseline 0.001 -16"><span class='ocrx_word' id='word_1_100' title='bbox 396 1670 534 1739; x_wconf 86' lang='lat' dir='ltr'><strong>nobiles</strong></span> <span class='ocrx_word' id='word_1_101' title='bbox 546 1670 639 1736; x_wconf 87' lang='lat' dir='ltr'><strong>solos</strong></span> <span class='ocrx_word' id='word_1_102' title='bbox 655 1676 775 1734; x_wconf 83' lang='lat' dir='ltr'><strong>auctor</strong></span> <span class='ocrx_word' id='word_1_103' title='bbox 794 1664 979 1752; x_wconf 82' lang='lat' dir='ltr'><strong>intelligit,</strong></span> <span class='ocrx_word' id='word_1_104' title='bbox 1000 1683 1102 1747; x_wconf 87' lang='lat' dir='ltr'><strong>quem</strong></span> <span class='ocrx_word' id='word_1_105' title='bbox 1117 1684 1269 1731; x_wconf 88' lang='lat' dir='ltr'><strong>errorem</strong></span> <span class='ocrx_word' id='word_1_106' title='bbox 1286 1668 1421 1731; x_wconf 74' lang='lat' dir='ltr'><strong>Cottius</strong></span> <span class='ocrx_word' id='word_1_107' title='bbox 1440 1666 1510 1743; x_wconf 83' lang='lat' dir='ltr'><strong>sibi</strong></span> <span class='ocrx_word' id='word_1_108' title='bbox 1523 1666 1725 1753; x_wconf 80' lang='lat' dir='ltr'><strong>inculcavit3</strong></span> <span class='ocrx_word' id='word_1_109' title='bbox 1746 1676 1804 1737; x_wconf 87' lang='lat' dir='ltr'><strong>sed</strong></span> 
     </span>
     <span class='ocr_line' id='line_1_13' title="bbox 397 1766 1805 1855; baseline 0.001 -13"><span class='ocrx_word' id='word_1_110' title='bbox 397 1778 480 1842; x_wconf 87' lang='lat' dir='ltr'><strong>inde</strong></span> <span class='ocrx_word' id='word_1_111' title='bbox 499 1798 520 1840; x_wconf 84' lang='lat' dir='ltr'>a</span> <span class='ocrx_word' id='word_1_112' title='bbox 537 1776 668 1842; x_wconf 81' lang='lat' dir='ltr'><strong>verbis:</strong></span> <span class='ocrx_word' id='word_1_113' title='bbox 690 1770 803 1840; x_wconf 82' lang='lat' dir='ltr'><strong>Raris</strong></span> <span class='ocrx_word' id='word_1_114' title='bbox 823 1770 917 1836; x_wconf 82' lang='lat' dir='ltr'><strong>enim</strong></span> <span class='ocrx_word' id='word_1_115' title='bbox 933 1809 976 1824; x_wconf 94' lang='lat'><em>-</em></span> <span class='ocrx_word' id='word_1_116' title='bbox 991 1774 1158 1855; x_wconf 86' lang='lat' dir='ltr'><strong>usquead</strong></span> <span class='ocrx_word' id='word_1_117' title='bbox 1176 1766 1395 1837; x_wconf 80' lang='lat' dir='ltr'><strong>validiorum</strong></span> <span class='ocrx_word' id='word_1_118' title='bbox 1407 1782 1516 1837; x_wconf 62' lang='lat' dir='ltr'><strong>sunt»</strong></span> <span class='ocrx_word' id='word_1_119' title='bbox 1529 1785 1580 1840; x_wconf 87' lang='lat' dir='ltr'><strong>est</strong></span> <span class='ocrx_word' id='word_1_120' title='bbox 1597 1778 1695 1845; x_wconf 84' lang='lat' dir='ltr'><strong>locus</strong></span> <span class='ocrx_word' id='word_1_121' title='bbox 1711 1800 1805 1845; x_wconf 88' lang='lat' dir='ltr'><strong>com-</strong></span> 
     </span>
     <span class='ocr_line' id='line_1_14' title="bbox 397 1877 1806 1966; baseline 0.004 -21"><span class='ocrx_word' id='word_1_122' title='bbox 397 1882 529 1966; x_wconf 84' lang='lat' dir='ltr'><strong>munis‚</strong></span> <span class='ocrx_word' id='word_1_123' title='bbox 555 1882 600 1945; x_wconf 83' lang='lat' dir='ltr'><strong>ad</strong></span> <span class='ocrx_word' id='word_1_124' title='bbox 616 1880 736 1964; x_wconf 84' lang='lat' dir='ltr'><strong>priora</strong></span> <span class='ocrx_word' id='word_1_125' title='bbox 757 1898 833 1962; x_wconf 83' lang='lat' dir='ltr'><strong>quae</strong></span> <span class='ocrx_word' id='word_1_126' title='bbox 851 1878 1002 1962; x_wconf 83' lang='lat' dir='ltr'><strong>dixerat,</strong></span> <span class='ocrx_word' id='word_1_127' title='bbox 1030 1877 1276 1943; x_wconf 85' lang='lat' dir='ltr'><strong>confirmanda.</strong></span> <span class='ocrx_word' id='word_1_128' title='bbox 1295 1880 1363 1943; x_wconf 87' lang='lat' dir='ltr'><strong>Sed</strong></span> <span class='ocrx_word' id='word_1_129' title='bbox 1381 1898 1423 1944; x_wconf 91' lang='lat' dir='ltr'><strong>eo</strong></span> <span class='ocrx_word' id='word_1_130' title='bbox 1445 1879 1507 1945; x_wconf 87' lang='lat' dir='ltr'><strong>ille</strong></span> <span class='ocrx_word' id='word_1_131' title='bbox 1524 1892 1574 1947; x_wconf 89' lang='lat' dir='ltr'><strong>est</strong></span> <span class='ocrx_word' id='word_1_132' title='bbox 1596 1883 1635 1947; x_wconf 89' lang='lat' dir='ltr'><strong>in</strong></span> <span class='ocrx_word' id='word_1_133' title='bbox 1652 1904 1806 1953; x_wconf 87' lang='lat' dir='ltr'><strong>errorem</strong></span> 
     </span>
     <span class='ocr_line' id='line_1_15' title="bbox 397 1980 1805 2073; baseline 0.003 -22"><span class='ocrx_word' id='word_1_134' title='bbox 397 1986 579 2071; x_wconf 87' lang='lat' dir='ltr'><strong>inductus,</strong></span> <span class='ocrx_word' id='word_1_135' title='bbox 608 1986 703 2069; x_wconf 85' lang='lat' dir='ltr'><strong>quod</strong></span> <span class='ocrx_word' id='word_1_136' title='bbox 725 1984 831 2049; x_wconf 81' lang='lat' dir='ltr'><strong>verba</strong></span> <span class='ocrx_word' id='word_1_137' title='bbox 857 1981 961 2052; x_wconf 64' lang='lat' dir='ltr'><strong>raris,</strong></span> <span class='ocrx_word' id='word_1_138' title='bbox 976 2024 1015 2038; x_wconf 93' lang='lat'><em>-</em></span> <span class='ocrx_word' id='word_1_139' title='bbox 1034 1980 1257 2073; x_wconf 59' lang='lat' dir='ltr'><strong>deffendenda</strong></span> <span class='ocrx_word' id='word_1_140' title='bbox 1279 1984 1417 2050; x_wconf 87' lang='lat' dir='ltr'><strong>uncinis</strong></span> <span class='ocrx_word' id='word_1_141' title='bbox 1443 1986 1577 2052; x_wconf 84' lang='lat' dir='ltr'><strong>inclusa</strong></span> <span class='ocrx_word' id='word_1_142' title='bbox 1605 1988 1805 2071; x_wconf 79' lang='lat' dir='ltr'><strong>invenerut3</strong></span> 
     </span>
     <span class='ocr_line' id='line_1_16' title="bbox 397 2088 1805 2183; baseline 0.005 -27"><span class='ocrx_word' id='word_1_143' title='bbox 397 2097 494 2175; x_wconf 87' lang='lat' dir='ltr'><strong>quod</strong></span> <span class='ocrx_word' id='word_1_144' title='bbox 521 2091 663 2175; x_wconf 86' lang='lat' dir='ltr'><strong>quidem</strong></span> <span class='ocrx_word' id='word_1_145' title='bbox 690 2092 811 2164; x_wconf 86' lang='lat' dir='ltr'><strong>credo,</strong></span> <span class='ocrx_word' id='word_1_146' title='bbox 831 2088 1018 2173; x_wconf 90' lang='lat' dir='ltr'><strong>Pomponii</strong></span> <span class='ocrx_word' id='word_1_147' title='bbox 1046 2089 1226 2156; x_wconf 83' lang='lat' dir='ltr'><strong>inventum</strong></span> <span class='ocrx_word' id='word_1_148' title='bbox 1246 2100 1305 2160; x_wconf 88' lang='lat' dir='ltr'><strong>est.</strong></span> <span class='ocrx_word' id='word_1_149' title='bbox 1325 2093 1485 2175; x_wconf 88' lang='lat' dir='ltr'><strong>Denique</strong></span> <span class='ocrx_word' id='word_1_150' title='bbox 1507 2094 1586 2173; x_wconf 88' lang='lat' dir='ltr'><strong>jure</strong></span> <span class='ocrx_word' id='word_1_151' title='bbox 1612 2098 1805 2183; x_wconf 68' lang='lat' dir='ltr'><strong>quaesieris,</strong></span> 
     </span>
    </p>

    <p class='ocr_par' dir='ltr' id='par_1_4' title="bbox 296 2194 1812 3244">
     <span class='ocr_line' id='line_1_17' title="bbox 396 2194 1806 2285; baseline 0.006 -23"><span class='ocrx_word' id='word_1_152' title='bbox 396 2200 573 2279; x_wconf 85' lang='lat' dir='ltr'><strong>quomodo</strong></span> <span class='ocrx_word' id='word_1_153' title='bbox 585 2203 709 2260; x_wconf 82' lang='lat' dir='ltr'><strong>cestra</strong></span> <span class='ocrx_word' id='word_1_154' title='bbox 727 2203 762 2259; x_wconf 87' lang='lat' dir='ltr'><strong>et</strong></span> <span class='ocrx_word' id='word_1_155' title='bbox 780 2194 996 2275; x_wconf 73' lang='lat' dir='ltr'><strong>caterasibi</strong></span> <span class='ocrx_word' id='word_1_156' title='bbox 1018 2197 1151 2283; x_wconf 89' lang='lat' dir='ltr'><strong>opponi</strong></span> <span class='ocrx_word' id='word_1_157' title='bbox 1165 2196 1321 2283; x_wconf 79' lang='lat' dir='ltr'><strong>possint?</strong></span> <span class='ocrx_word' id='word_1_158' title='bbox 1341 2207 1465 2264; x_wconf 81' lang='lat' dir='ltr'><strong>vestra</strong></span> <span class='ocrx_word' id='word_1_159' title='bbox 1478 2201 1574 2265; x_wconf 88' lang='lat' dir='ltr'><strong>enim</strong></span> <span class='ocrx_word' id='word_1_160' title='bbox 1594 2196 1670 2285; x_wconf 78' lang='lat' dir='ltr'><strong>quur</strong></span> <span class='ocrx_word' id='word_1_161' title='bbox 1684 2203 1806 2269; x_wconf 88' lang='lat' dir='ltr'><strong>dicun-</strong></span> 
     </span>
     <span class='ocr_line' id='line_1_18' title="bbox 296 2288 1806 2393; baseline 0.005 -25"><span class='ocrx_word' id='word_1_162' title='bbox 296 2288 301 2295; x_wconf 58' lang='grc'>’</span> <span class='ocrx_word' id='word_1_163' title='bbox 395 2311 468 2390; x_wconf 87' lang='lat' dir='ltr'><strong>tur,</strong></span> <span class='ocrx_word' id='word_1_164' title='bbox 494 2303 667 2387; x_wconf 86' lang='lat' dir='ltr'><strong>siquidem</strong></span> <span class='ocrx_word' id='word_1_165' title='bbox 689 2307 826 2367; x_wconf 86' lang='lat' dir='ltr'><strong>coetera</strong></span> <span class='ocrx_word' id='word_1_166' title='bbox 847 2302 1025 2382; x_wconf 82' lang='lat' dir='ltr'><strong>aerarium,</strong></span> <span class='ocrx_word' id='word_1_167' title='bbox 1046 2305 1251 2390; x_wconf 76' lang='lat' dir='ltr'><strong>provincia,</strong></span> <span class='ocrx_word' id='word_1_168' title='bbox 1271 2324 1377 2393; x_wconf 80' lang='lat' dir='ltr'><strong>regna</strong></span> <span class='ocrx_word' id='word_1_169' title='bbox 1403 2306 1623 2391; x_wconf 78' lang='lat' dir='ltr'><strong>significent?</strong></span> <span class='ocrx_word' id='word_1_170' title='bbox 1642 2310 1711 2377; x_wconf 85' lang='lat' dir='ltr'><strong>Sed</strong></span> <span class='ocrx_word' id='word_1_171' title='bbox 1734 2312 1806 2377; x_wconf 87' lang='lat' dir='ltr'><strong>haec</strong></span> 
     </span>
     <span class='ocr_line' id='line_1_19' title="bbox 397 2407 1806 2496; baseline 0.006 -23"><span class='ocrx_word' id='word_1_172' title='bbox 397 2410 472 2495; x_wconf 81' lang='lat' dir='ltr'><strong>ipsa</strong></span> <span class='ocrx_word' id='word_1_173' title='bbox 488 2408 612 2496; x_wconf 90' lang='lat' dir='ltr'><strong>populi</strong></span> <span class='ocrx_word' id='word_1_174' title='bbox 632 2416 748 2488; x_wconf 82' lang='lat' dir='ltr'><strong>erant,</strong></span> <span class='ocrx_word' id='word_1_175' title='bbox 769 2409 898 2494; x_wconf 86' lang='lat' dir='ltr'><strong>quippe</strong></span> <span class='ocrx_word' id='word_1_176' title='bbox 918 2410 981 2491; x_wconf 89' lang='lat' dir='ltr'><strong>qui</strong></span> <span class='ocrx_word' id='word_1_177' title='bbox 994 2410 1112 2473; x_wconf 79' lang='lat' dir='ltr'><strong>omnia</strong></span> <span class='ocrx_word' id='word_1_178' title='bbox 1122 2408 1285 2473; x_wconf 87' lang='lat' dir='ltr'><strong>beneficii</strong></span> <span class='ocrx_word' id='word_1_179' title='bbox 1300 2408 1380 2471; x_wconf 92' lang='lat' dir='ltr'><strong>loco</strong></span> <span class='ocrx_word' id='word_1_180' title='bbox 1398 2407 1436 2471; x_wconf 90' lang='lat' dir='ltr'><strong>in</strong></span> <span class='ocrx_word' id='word_1_181' title='bbox 1455 2412 1546 2475; x_wconf 86' lang='lat' dir='ltr'><strong>bene</strong></span> <span class='ocrx_word' id='word_1_182' title='bbox 1565 2416 1707 2481; x_wconf 86' lang='lat' dir='ltr'><strong>meritos</strong></span> <span class='ocrx_word' id='word_1_183' title='bbox 1722 2438 1806 2482; x_wconf 90' lang='lat' dir='ltr'><strong>cou-</strong></span> 
     </span>
     <span class='ocr_line' id='line_1_20' title="bbox 396 2512 1807 2606; baseline 0.006 -27"><span class='ocrx_word' id='word_1_184' title='bbox 396 2515 494 2582; x_wconf 78' lang='lat' dir='ltr'><strong>ferat.</strong></span> <span class='ocrx_word' id='word_1_185' title='bbox 513 2518 634 2598; x_wconf 89' lang='lat' dir='ltr'><strong>Itaque</strong></span> <span class='ocrx_word' id='word_1_186' title='bbox 647 2524 681 2579; x_wconf 86' lang='lat' dir='ltr'><strong>et</strong></span> <span class='ocrx_word' id='word_1_187' title='bbox 689 2513 793 2577; x_wconf 92' lang='lat' dir='ltr'><strong>lectio</strong></span> <span class='ocrx_word' id='word_1_188' title='bbox 806 2535 910 2596; x_wconf 84' lang='lat' dir='ltr'><strong>quam</strong></span> <span class='ocrx_word' id='word_1_189' title='bbox 918 2514 1053 2580; x_wconf 80' lang='lat' dir='ltr'><strong>(lortius</strong></span> <span class='ocrx_word' id='word_1_190' title='bbox 1062 2512 1206 2598; x_wconf 83' lang='lat' dir='ltr'><strong>recepit,</strong></span> <span class='ocrx_word' id='word_1_191' title='bbox 1227 2520 1261 2577; x_wconf 91' lang='lat' dir='ltr'><strong>et</strong></span> <span class='ocrx_word' id='word_1_192' title='bbox 1272 2512 1345 2592; x_wconf 87' lang='lat' dir='ltr'><strong>ejus</strong></span> <span class='ocrx_word' id='word_1_193' title='bbox 1353 2512 1592 2598; x_wconf 82' lang='lat' dir='ltr'><strong>interpretatio</strong></span> <span class='ocrx_word' id='word_1_194' title='bbox 1603 2519 1807 2606; x_wconf 84' lang='lat' dir='ltr'><strong>improban-</strong></span> 
     </span>
     <span class='ocr_line' id='line_1_21' title="bbox 398 2612 1807 2713; baseline 0.004 -28"><span class='ocrx_word' id='word_1_195' title='bbox 398 2622 445 2685; x_wconf 83' lang='lat' dir='ltr'><strong>da</strong></span> <span class='ocrx_word' id='word_1_196' title='bbox 455 2626 515 2684; x_wconf 89' lang='lat' dir='ltr'><strong>est.</strong></span> <span class='ocrx_word' id='word_1_197' title='bbox 528 2620 591 2685; x_wconf 78' lang='lat' dir='ltr'><strong>An</strong></span> <span class='ocrx_word' id='word_1_198' title='bbox 599 2615 967 2706; x_wconf 69' lang='lat' dir='ltr'><strong>dubiamhabetisme.</strong></span> <span class='ocrx_word' id='word_1_199' title='bbox 982 2624 1062 2685; x_wconf 90' lang='lat' dir='ltr'><strong>Duo</strong></span> <span class='ocrx_word' id='word_1_200' title='bbox 1070 2618 1230 2686; x_wconf 84' lang='lat' dir='ltr'><strong>Vaticani</strong></span> <span class='ocrx_word' id='word_1_201' title='bbox 1240 2612 1349 2683; x_wconf 86' lang='lat' dir='ltr'><strong>nos&#39;tri</strong></span> <span class='ocrx_word' id='word_1_202' title='bbox 1357 2662 1368 2704; x_wconf 86' lang='lat'>,</span> <span class='ocrx_word' id='word_1_203' title='bbox 1377 2618 1696 2689; x_wconf 83' lang='lat' dir='ltr'><strong>Balliol.Garrionis</strong></span> <span class='ocrx_word' id='word_1_204' title='bbox 1702 2626 1807 2713; x_wconf 87' lang='lat' dir='ltr'><strong>libri,</strong></span> 
     </span>
     <span class='ocr_line' id='line_1_22' title="bbox 398 2724 1809 2813; baseline 0.007 -25"><span class='ocrx_word' id='word_1_205' title='bbox 398 2725 471 2788; x_wconf 92' lang='lat' dir='ltr'><strong>imo</strong></span> <span class='ocrx_word' id='word_1_206' title='bbox 483 2731 602 2788; x_wconf 86' lang='lat' dir='ltr'><strong>omncs</strong></span> <span class='ocrx_word' id='word_1_207' title='bbox 613 2726 721 2790; x_wconf 82' lang='lat' dir='ltr'><strong>Codd</strong></span> <span class='ocrx_word' id='word_1_208' title='bbox 737 2730 855 2812; x_wconf 88' lang='lat' dir='ltr'><strong>credo,</strong></span> <span class='ocrx_word' id='word_1_209' title='bbox 874 2749 974 2792; x_wconf 81' lang='lat' dir='ltr'><strong>aum.</strong></span> <span class='ocrx_word' id='word_1_210' title='bbox 994 2728 1090 2810; x_wconf 86' lang='lat' dir='ltr'><strong>quod</strong></span> <span class='ocrx_word' id='word_1_211' title='bbox 1103 2734 1136 2791; x_wconf 87' lang='lat' dir='ltr'><strong>et</strong></span> <span class='ocrx_word' id='word_1_212' title='bbox 1153 2724 1267 2809; x_wconf 88' lang='lat' dir='ltr'><strong>ipsum</strong></span> <span class='ocrx_word' id='word_1_213' title='bbox 1281 2724 1417 2789; x_wconf 89' lang='lat' dir='ltr'><strong>Gortius</strong></span> <span class='ocrx_word' id='word_1_214' title='bbox 1430 2724 1564 2813; x_wconf 83' lang='lat' dir='ltr'><strong>rejecit,</strong></span> <span class='ocrx_word' id='word_1_215' title='bbox 1585 2736 1619 2793; x_wconf 88' lang='lat' dir='ltr'><strong>et</strong></span> <span class='ocrx_word' id='word_1_216' title='bbox 1635 2728 1809 2797; x_wconf 80' lang='lat' dir='ltr'><strong>dubitare</strong></span> 
     </span>
     <span class='ocr_line' id='line_1_23' title="bbox 396 2826 1809 2921; baseline 0.004 -26"><span class='ocrx_word' id='word_1_217' title='bbox 396 2826 1809 2921; x_wconf 82' lang='lat' dir='ltr'><strong>aeidemfercactimereaeineonstructioneesse,eremplisparurnidoneiscom-</strong></span> 
     </span>
     <span class='ocr_line' id='line_1_24' title="bbox 395 2936 1809 3037; baseline 0.004 -36"><span class='ocrx_word' id='word_1_218' title='bbox 395 2936 1809 3037; x_wconf 73' lang='lat' dir='ltr'><strong>p&#39;robarcstuduit.Sedvisnegativa,qucmeditoresnereceptoefficercvoluerunt,</strong></span> 
     </span>
     <span class='ocr_line' id='line_1_25' title="bbox 398 3036 1812 3136; baseline 0.002 -27"><span class='ocrx_word' id='word_1_219' title='bbox 398 3044 487 3109; x_wconf 88' lang='lat' dir='ltr'><strong>inest</strong></span> <span class='ocrx_word' id='word_1_220' title='bbox 507 3043 546 3106; x_wconf 93' lang='lat' dir='ltr'><strong>in</strong></span> <span class='ocrx_word' id='word_1_221' title='bbox 559 3042 634 3127; x_wconf 84' lang='lat' dir='ltr'><strong>ipsa</strong></span> <span class='ocrx_word' id='word_1_222' title='bbox 645 3046 934 3134; x_wconf 83' lang='lat' dir='ltr'><strong>interrogatione,</strong></span> <span class='ocrx_word' id='word_1_223' title='bbox 954 3050 1006 3113; x_wconf 84' lang='lat' dir='ltr'><strong>ita</strong></span> <span class='ocrx_word' id='word_1_224' title='bbox 1018 3059 1057 3113; x_wconf 85' lang='lat' dir='ltr'><strong>ut</strong></span> <span class='ocrx_word' id='word_1_225' title='bbox 1076 3071 1148 3116; x_wconf 89' lang='lat' dir='ltr'><strong>non</strong></span> <span class='ocrx_word' id='word_1_226' title='bbox 1174 3068 1262 3136; x_wconf 90' lang='lat' dir='ltr'><strong>opus</strong></span> <span class='ocrx_word' id='word_1_227' title='bbox 1278 3048 1339 3132; x_wconf 85' lang='lat' dir='ltr'><strong>sit,</strong></span> <span class='ocrx_word' id='word_1_228' title='bbox 1353 3068 1484 3113; x_wconf 82' lang='lat' dir='ltr'><strong>novum</strong></span> <span class='ocrx_word' id='word_1_229' title='bbox 1506 3036 1649 3131; x_wconf 62' lang='lat' dir='ltr'><strong>aliquod</strong></span> <span class='ocrx_word' id='word_1_230' title='bbox 1666 3046 1812 3112; x_wconf 89' lang='lat' dir='ltr'><strong>dicendi</strong></span> 
     </span>
     <span class='ocr_line' id='line_1_26' title="bbox 398 3147 1812 3244; baseline 0.001 -30"><span class='ocrx_word' id='word_1_231' title='bbox 398 3168 507 3235; x_wconf 85' lang='lat' dir='ltr'><strong>genus</strong></span> <span class='ocrx_word' id='word_1_232' title='bbox 516 3156 676 3217; x_wconf 82' lang='lat' dir='ltr'><strong>statuere:</strong></span> <span class='ocrx_word' id='word_1_233' title='bbox 689 3152 847 3219; x_wconf 84' lang='lat' dir='ltr'><strong>omnium</strong></span> <span class='ocrx_word' id='word_1_234' title='bbox 856 3156 1147 3244; x_wconf 79' lang='lat' dir='ltr'><strong>igiturlibrorum</strong></span> <span class='ocrx_word' id='word_1_235' title='bbox 1159 3156 1264 3216; x_wconf 84' lang='lat' dir='ltr'><strong>lectio</strong></span> <span class='ocrx_word' id='word_1_236' title='bbox 1275 3152 1486 3214; x_wconf 81' lang='lat' dir='ltr'><strong>restituenda</strong></span> <span class='ocrx_word' id='word_1_237' title='bbox 1496 3160 1555 3215; x_wconf 84' lang='lat' dir='ltr'><strong>est.</strong></span> <span class='ocrx_word' id='word_1_238' title='bbox 1565 3147 1752 3236; x_wconf 81' lang='lat' dir='ltr'><strong>niciforte</strong></span> <span class='ocrx_word' id='word_1_239' title='bbox 1770 3154 1812 3222; x_wconf 89' lang='lat' dir='ltr'><strong>C.</strong></span> 
     </span>
    </p>
   </div>
   <div class='ocr_carea' id='block_1_4' title="bbox 397 3247 1812 3449">
    <p class='ocr_par' dir='ltr' id='par_1_5' title="bbox 397 3247 1812 3449">
     <span class='ocr_line' id='line_1_27' title="bbox 398 3247 1812 3345; baseline -0.008 -21"><span class='ocrx_word' id='word_1_240' title='bbox 398 3252 515 3323; x_wconf 83' lang='lat' dir='ltr'><strong>Cotta</strong></span> <span class='ocrx_word' id='word_1_241' title='bbox 524 3255 603 3323; x_wconf 81' lang='lat' dir='ltr'><strong>vide</strong></span> <span class='ocrx_word' id='word_1_242' title='bbox 614 3278 717 3345; x_wconf 87' lang='lat' dir='ltr'><strong>supra</strong></span> <span class='ocrx_word' id='word_1_243' title='bbox 728 3283 763 3341; x_wconf 91' lang='lat' dir='ltr'><strong>p.</strong></span> <span class='ocrx_word' id='word_1_244' title='bbox 780 3262 828 3319; x_wconf 84' lang='lat'><strong>16.</strong></span> <span class='ocrx_word' id='word_1_245' title='bbox 848 3262 891 3322; x_wconf 84' lang='lat' dir='ltr'><strong>L.</strong></span> <span class='ocrx_word' id='word_1_246' title='bbox 900 3250 1060 3317; x_wconf 73' lang='lat' dir='ltr'><strong>Sicinius</strong></span> <span class='ocrx_word' id='word_1_247' title='bbox 1070 3250 1216 3330; x_wconf 83' lang='lat' dir='ltr'><strong>primus</strong></span> <span class='ocrx_word' id='word_1_248' title='bbox 1234 3250 1277 3310; x_wconf 89' lang='lat' dir='ltr'><strong>de</strong></span> <span class='ocrx_word' id='word_1_249' title='bbox 1283 3250 1473 3330; x_wconf 78' lang='lat' dir='ltr'><strong>potestate</strong></span> <span class='ocrx_word' id='word_1_250' title='bbox 1487 3247 1689 3314; x_wconf 83' lang='lat' dir='ltr'><strong>tribunicia</strong></span> <span class='ocrx_word' id='word_1_251' title='bbox 1702 3255 1812 3339; x_wconf 64' lang='lat' dir='ltr'><strong>loqui</strong></span> 
     </span>
     <span class='ocr_line' id='line_1_28' title="bbox 397 3352 1809 3449; baseline -0.007 -21"><span class='ocrx_word' id='word_1_252' title='bbox 397 3382 520 3431; x_wconf 82' lang='lat' dir='ltr'><strong>ausus.</strong></span> <span class='ocrx_word' id='word_1_253' title='bbox 534 3364 667 3448; x_wconf 86' lang='lat' dir='ltr'><strong>primus</strong></span> <span class='ocrx_word' id='word_1_254' title='bbox 680 3360 822 3437; x_wconf 86' lang='lat' dir='ltr'><strong>quidem</strong></span> <span class='ocrx_word' id='word_1_255' title='bbox 841 3355 924 3435; x_wconf 84' lang='lat' dir='ltr'><strong>suit,</strong></span> <span class='ocrx_word' id='word_1_256' title='bbox 946 3356 1086 3415; x_wconf 82' lang='lat' dir='ltr'><strong>auctore</strong></span> <span class='ocrx_word' id='word_1_257' title='bbox 1105 3352 1254 3414; x_wconf 78' lang='lat' dir='ltr'><strong>Asconio</strong></span> <span class='ocrx_word' id='word_1_258' title='bbox 1269 3353 1462 3416; x_wconf 84' lang='lat' dir='ltr'><strong>Comment.</strong></span> <span class='ocrx_word' id='word_1_259' title='bbox 1478 3352 1515 3415; x_wconf 91' lang='lat' dir='ltr'><strong>in</strong></span> <span class='ocrx_word' id='word_1_260' title='bbox 1534 3354 1679 3419; x_wconf 81' lang='lat' dir='ltr'><strong>Cornel·</strong></span> <span class='ocrx_word' id='word_1_261' title='bbox 1690 3356 1751 3423; x_wconf 88' lang='lat' dir='ltr'><strong>fin.</strong></span> <span class='ocrx_word' id='word_1_262' title='bbox 1774 3386 1809 3449; x_wconf 84' lang='lat' dir='ltr'><strong>p.</strong></span> 
     </span>
    </p>
   </div>
   <div class='ocr_carea' id='block_1_5' title="bbox 397 3452 1809 4397">
    <p class='ocr_par' dir='ltr' id='par_1_6' title="bbox 397 3452 1809 4397">
     <span class='ocr_line' id='line_1_29' title="bbox 399 3452 1808 3550; baseline 0.002 -25"><span class='ocrx_word' id='word_1_263' title='bbox 399 3487 468 3547; x_wconf 76' lang='lat'><strong>¹42·</strong></span> <span class='ocrx_word' id='word_1_264' title='bbox 487 3470 543 3535; x_wconf 86' lang='lat' dir='ltr'><strong>M.</strong></span> <span class='ocrx_word' id='word_1_265' title='bbox 566 3457 756 3546; x_wconf 84' lang='lat' dir='ltr'><strong>Terpalius</strong></span> <span class='ocrx_word' id='word_1_266' title='bbox 773 3459 830 3523; x_wconf 85' lang='lat' dir='ltr'><strong>vel</strong></span> <span class='ocrx_word' id='word_1_267' title='bbox 848 3458 902 3524; x_wconf 91' lang='lat' dir='ltr'><strong>M.</strong></span> <span class='ocrx_word' id='word_1_268' title='bbox 909 3452 1131 3537; x_wconf 77' lang='lat' dir='ltr'><strong>·Trapellius</strong></span> <span class='ocrx_word' id='word_1_269' title='bbox 1149 3456 1266 3539; x_wconf 86' lang='lat' dir='ltr'><strong>(locus</strong></span> <span class='ocrx_word' id='word_1_270' title='bbox 1287 3454 1379 3521; x_wconf 90' lang='lat' dir='ltr'><strong>enim</strong></span> <span class='ocrx_word' id='word_1_271' title='bbox 1391 3459 1578 3523; x_wconf 84' lang='lat' dir='ltr'><strong>admodum</strong></span> <span class='ocrx_word' id='word_1_272' title='bbox 1593 3468 1808 3550; x_wconf 57' lang='lat' dir='ltr'><strong>corruptum)</strong></span> 
     </span>
     <span class='ocr_line' id='line_1_30' title="bbox 397 3558 1807 3652; baseline -0.002 -15"><span class='ocrx_word' id='word_1_273' title='bbox 397 3577 457 3638; x_wconf 90' lang='lat' dir='ltr'><strong>sed</strong></span> <span class='ocrx_word' id='word_1_274' title='bbox 475 3573 575 3639; x_wconf 82' lang='lat' dir='ltr'><strong>nulla</strong></span> <span class='ocrx_word' id='word_1_275' title='bbox 593 3568 665 3648; x_wconf 86' lang='lat' dir='ltr'><strong>ejus</strong></span> <span class='ocrx_word' id='word_1_276' title='bbox 681 3565 720 3629; x_wconf 89' lang='lat' dir='ltr'><strong>fit</strong></span> <span class='ocrx_word' id='word_1_277' title='bbox 738 3564 888 3652; x_wconf 86' lang='lat' dir='ltr'><strong>mentio,</strong></span> <span class='ocrx_word' id='word_1_278' title='bbox 909 3564 1005 3649; x_wconf 88' lang='lat' dir='ltr'><strong>quod</strong></span> <span class='ocrx_word' id='word_1_279' title='bbox 1026 3558 1192 3629; x_wconf 86' lang='lat' dir='ltr'><strong>cicerone</strong></span> <span class='ocrx_word' id='word_1_280' title='bbox 1215 3572 1299 3630; x_wconf 88' lang='lat' dir='ltr'><strong>teste</strong></span> <span class='ocrx_word' id='word_1_281' title='bbox 1318 3562 1390 3643; x_wconf 86' lang='lat' dir='ltr'><strong>ejus</strong></span> <span class='ocrx_word' id='word_1_282' title='bbox 1420 3581 1547 3629; x_wconf 86' lang='lat' dir='ltr'><strong>nomen</strong></span> <span class='ocrx_word' id='word_1_283' title='bbox 1579 3566 1724 3648; x_wconf 89' lang='lat' dir='ltr'><strong>ejectum</strong></span> <span class='ocrx_word' id='word_1_284' title='bbox 1755 3582 1807 3638; x_wconf 82' lang='lat' dir='ltr'><strong>est</strong></span> 
     </span>
     <span class='ocr_line' id='line_1_31' title="bbox 399 3650 1807 3762; baseline 0.001 -21"><span class='ocrx_word' id='word_1_285' title='bbox 399 3696 441 3741; x_wconf 79' lang='lat' dir='ltr'><strong>ex</strong></span> <span class='ocrx_word' id='word_1_286' title='bbox 459 3679 519 3757; x_wconf 87' lang='lat' dir='ltr'><strong>iis,</strong></span> <span class='ocrx_word' id='word_1_287' title='bbox 540 3674 603 3762; x_wconf 88' lang='lat' dir='ltr'><strong>qui</strong></span> <span class='ocrx_word' id='word_1_288' title='bbox 617 3671 752 3740; x_wconf 87' lang='lat' dir='ltr'><strong>tribuni</strong></span> <span class='ocrx_word' id='word_1_289' title='bbox 768 3650 881 3760; x_wconf 84' lang='lat' dir='ltr'><strong>plebis</strong></span> <span class='ocrx_word' id='word_1_290' title='bbox 898 3673 1053 3755; x_wconf 84' lang='lat' dir='ltr'><strong>fuerant,</strong></span> <span class='ocrx_word' id='word_1_291' title='bbox 1073 3670 1193 3737; x_wconf 79' lang='lat' dir='ltr'><strong>videl.</strong></span> <span class='ocrx_word' id='word_1_292' title='bbox 1214 3672 1241 3736; x_wconf 95' lang='lat' dir='ltr'><strong>l.</strong></span> <span class='ocrx_word' id='word_1_293' title='bbox 1261 3670 1464 3739; x_wconf 81' lang='lat' dir='ltr'><strong>Debrossius</strong></span> <span class='ocrx_word' id='word_1_294' title='bbox 1484 3670 1672 3757; x_wconf 83' lang='lat' dir='ltr'><strong>Turpilius</strong></span> <span class='ocrx_word' id='word_1_295' title='bbox 1688 3697 1807 3742; x_wconf 87' lang='lat' dir='ltr'><strong>emen-</strong></span> 
     </span>
     <span class='ocr_line' id='line_1_32' title="bbox 401 3774 1805 3866; baseline 0.003 -23"><span class='ocrx_word' id='word_1_296' title='bbox 401 3780 496 3844; x_wconf 81' lang='lat' dir='ltr'><strong>davit</strong></span> <span class='ocrx_word' id='word_1_297' title='bbox 516 3781 576 3843; x_wconf 87' lang='lat' dir='ltr'><strong>cfr.</strong></span> <span class='ocrx_word' id='word_1_298' title='bbox 595 3784 685 3848; x_wconf 85' lang='lat' dir='ltr'><strong>Hist.</strong></span> <span class='ocrx_word' id='word_1_299' title='bbox 704 3786 747 3846; x_wconf 82' lang='lat' dir='ltr'><strong>R.</strong></span> <span class='ocrx_word' id='word_1_300' title='bbox 766 3784 808 3845; x_wconf 82' lang='lat' dir='ltr'><strong>R.</strong></span> <span class='ocrx_word' id='word_1_301' title='bbox 827 3786 855 3845; x_wconf 94' lang='lat'><strong>1.</strong></span> <span class='ocrx_word' id='word_1_302' title='bbox 873 3806 909 3866; x_wconf 87' lang='lat' dir='ltr'><strong>p.</strong></span> <span class='ocrx_word' id='word_1_303' title='bbox 929 3782 999 3843; x_wconf 81' lang='lat'><strong>530.</strong></span> <span class='ocrx_word' id='word_1_304' title='bbox 1027 3775 1275 3843; x_wconf 72' lang='lat' dir='ltr'><strong>mussantibus</strong></span> <span class='ocrx_word' id='word_1_305' title='bbox 1298 3774 1399 3842; x_wconf 80' lang='lat' dir='ltr'><strong>vobis</strong></span> <span class='ocrx_word' id='word_1_306' title='bbox 1420 3777 1501 3843; x_wconf 78' lang='lat' dir='ltr'><strong>vide</strong></span> <span class='ocrx_word' id='word_1_307' title='bbox 1521 3798 1623 3865; x_wconf 85' lang='lat' dir='ltr'><strong>supra</strong></span> <span class='ocrx_word' id='word_1_308' title='bbox 1647 3784 1688 3844; x_wconf 85' lang='lat' dir='ltr'><strong>ad</strong></span> <span class='ocrx_word' id='word_1_309' title='bbox 1710 3783 1805 3847; x_wconf 81' lang='lat' dir='ltr'><strong>Orat.</strong></span> 
     </span>
     <span class='ocr_line' id='line_1_33' title="bbox 398 3883 1805 3972; baseline 0 -21"><span class='ocrx_word' id='word_1_310' title='bbox 398 3885 492 3951; x_wconf 87' lang='lat' dir='ltr'><strong>Phil.</strong></span> <span class='ocrx_word' id='word_1_311' title='bbox 508 3884 612 3952; x_wconf 89' lang='lat' dir='ltr'><strong>initio</strong></span> <span class='ocrx_word' id='word_1_312' title='bbox 626 3886 892 3955; x_wconf 79' lang='lat' dir='ltr'><strong>circumventus</strong></span> <span class='ocrx_word' id='word_1_313' title='bbox 905 3894 987 3950; x_wconf 87' lang='lat' dir='ltr'><strong>erat</strong></span> <span class='ocrx_word' id='word_1_314' title='bbox 1004 3885 1029 3949; x_wconf 94' lang='lat' dir='ltr'><strong>i.</strong></span> <span class='ocrx_word' id='word_1_315' title='bbox 1041 3904 1070 3953; x_wconf 90' lang='lat' dir='ltr'><strong>e.</strong></span> <span class='ocrx_word' id='word_1_316' title='bbox 1084 3886 1216 3950; x_wconf 88' lang='lat' dir='ltr'><strong>occisus</strong></span> <span class='ocrx_word' id='word_1_317' title='bbox 1230 3894 1312 3950; x_wconf 79' lang='lat' dir='ltr'><strong>erat.</strong></span> <span class='ocrx_word' id='word_1_318' title='bbox 1333 3884 1393 3949; x_wconf 85' lang='lat' dir='ltr'><strong>cfr.</strong></span> <span class='ocrx_word' id='word_1_319' title='bbox 1403 3904 1508 3972; x_wconf 80' lang='lat' dir='ltr'><strong>supra</strong></span> <span class='ocrx_word' id='word_1_320' title='bbox 1516 3908 1549 3971; x_wconf 92' lang='lat' dir='ltr'><strong>p.</strong></span> <span class='ocrx_word' id='word_1_321' title='bbox 1568 3888 1615 3948; x_wconf 85' lang='lat'><strong>16.</strong></span> <span class='ocrx_word' id='word_1_322' title='bbox 1630 3883 1805 3951; x_wconf 82' lang='lat' dir='ltr'><strong>invidiam</strong></span> 
     </span>
     <span class='ocr_line' id='line_1_34' title="bbox 400 3990 1809 4073; baseline -0.005 -13"><span class='ocrx_word' id='word_1_323' title='bbox 400 4001 567 4060; x_wconf 74' lang='lat' dir='ltr'><strong>mutuet-e</strong></span> <span class='ocrx_word' id='word_1_324' title='bbox 583 3996 659 4063; x_wconf 82' lang='lat' dir='ltr'><strong>Vct.</strong></span> <span class='ocrx_word' id='word_1_325' title='bbox 680 4018 706 4057; x_wconf 86' lang='grc' dir='ltr'><strong>ι.</strong></span> <span class='ocrx_word' id='word_1_326' title='bbox 728 3994 776 4056; x_wconf 90' lang='lat' dir='ltr'><strong>id.</strong></span> <span class='ocrx_word' id='word_1_327' title='bbox 796 3993 916 4056; x_wconf 84' lang='lat' dir='ltr'><strong>Bruto</strong></span> <span class='ocrx_word' id='word_1_328' title='bbox 942 3998 977 4055; x_wconf 85' lang='lat' dir='ltr'><strong>et</strong></span> <span class='ocrx_word' id='word_1_329' title='bbox 995 3992 1186 4063; x_wconf 82' lang='lat' dir='ltr'><strong>Mamerco</strong></span> <span class='ocrx_word' id='word_1_330' title='bbox 1208 3990 1309 4061; x_wconf 85' lang='lat' dir='ltr'><strong>Coss.</strong></span> <span class='ocrx_word' id='word_1_331' title='bbox 1328 4028 1370 4045; x_wconf 89' lang='lat'>—</span> <span class='ocrx_word' id='word_1_332' title='bbox 1389 3992 1533 4069; x_wconf 84' lang='lat' dir='ltr'><strong>omisso,</strong></span> <span class='ocrx_word' id='word_1_333' title='bbox 1554 3995 1649 4073; x_wconf 87' lang='lat' dir='ltr'><strong>quod</strong></span> <span class='ocrx_word' id='word_1_334' title='bbox 1669 3991 1731 4056; x_wconf 84' lang='lat' dir='ltr'><strong>alii</strong></span> <span class='ocrx_word' id='word_1_335' title='bbox 1748 3992 1809 4055; x_wconf 84' lang='lat' dir='ltr'><strong>in·.</strong></span> 
     </span>
     <span class='ocr_line' id='line_1_35' title="bbox 397 4094 1804 4188; baseline -0.002 -22"><span class='ocrx_word' id='word_1_336' title='bbox 397 4108 587 4188; x_wconf 88' lang='lat' dir='ltr'><strong>terponunt</strong></span> <span class='ocrx_word' id='word_1_337' title='bbox 601 4094 772 4180; x_wconf 86' lang='lat' dir='ltr'><strong>Aemilio,</strong></span> <span class='ocrx_word' id='word_1_338' title='bbox 784 4114 895 4178; x_wconf 81' lang='lat' dir='ltr'><strong>neque</strong></span> <span class='ocrx_word' id='word_1_339' title='bbox 905 4109 1188 4184; x_wconf 81' lang='lat' dir='ltr'><strong>consentaneum,</strong></span> <span class='ocrx_word' id='word_1_340' title='bbox 1209 4118 1286 4162; x_wconf 88' lang='lat' dir='ltr'><strong>eum</strong></span> <span class='ocrx_word' id='word_1_341' title='bbox 1297 4098 1438 4165; x_wconf 83' lang='lat' dir='ltr'><strong>alterius</strong></span> <span class='ocrx_word' id='word_1_342' title='bbox 1451 4097 1643 4184; x_wconf 82' lang='lat' dir='ltr'><strong>cognomen</strong></span> <span class='ocrx_word' id='word_1_343' title='bbox 1654 4118 1804 4163; x_wconf 88' lang='lat' dir='ltr'><strong>comme-</strong></span> 
     </span>
     <span class='ocr_line' id='line_1_36' title="bbox 399 4200 1802 4293; baseline -0.004 -22"><span class='ocrx_word' id='word_1_344' title='bbox 399 4214 580 4293; x_wconf 81' lang='lat' dir='ltr'><strong>morasset,</strong></span> <span class='ocrx_word' id='word_1_345' title='bbox 601 4202 743 4267; x_wconf 84' lang='lat' dir='ltr'><strong>alterius</strong></span> <span class='ocrx_word' id='word_1_346' title='bbox 758 4221 886 4267; x_wconf 86' lang='lat' dir='ltr'><strong>nomen</strong></span> <span class='ocrx_word' id='word_1_347' title='bbox 900 4203 1030 4289; x_wconf 82' lang='lat' dir='ltr'><strong>gentile</strong></span> <span class='ocrx_word' id='word_1_348' title='bbox 1043 4208 1176 4271; x_wconf 84' lang='lat' dir='ltr'><strong>addere.</strong></span> <span class='ocrx_word' id='word_1_349' title='bbox 1197 4201 1236 4269; x_wconf 86' lang='lat' dir='ltr'><strong>ia</strong></span> <span class='ocrx_word' id='word_1_350' title='bbox 1251 4206 1294 4273; x_wconf 87' lang='lat' dir='ltr'><strong>L.</strong></span> <span class='ocrx_word' id='word_1_351' title='bbox 1309 4203 1524 4289; x_wconf 82' lang='lat' dir='ltr'><strong>Quinctium</strong></span> <span class='ocrx_word' id='word_1_352' title='bbox 1546 4240 1588 4259; x_wconf 89' lang='lat'><strong>-·</strong></span> <span class='ocrx_word' id='word_1_353' title='bbox 1607 4200 1802 4289; x_wconf 85' lang='lat' dir='ltr'><strong>Quintium</strong></span> 
     </span>
     <span class='ocr_line' id='line_1_37' title="bbox 400 4310 1802 4397; baseline -0.002 -20"><span class='ocrx_word' id='word_1_354' title='bbox 400 4310 477 4377; x_wconf 79' lang='lat' dir='ltr'><strong>Vct.</strong></span> <span class='ocrx_word' id='word_1_355' title='bbox 500 4335 528 4378; x_wconf 85' lang='lat'><strong>1.</strong></span> <span class='ocrx_word' id='word_1_356' title='bbox 546 4315 658 4397; x_wconf 81' lang='lat' dir='ltr'><strong>Quam</strong></span> <span class='ocrx_word' id='word_1_357' title='bbox 675 4327 852 4396; x_wconf 82' lang='lat' dir='ltr'><strong>perversus</strong></span> <span class='ocrx_word' id='word_1_358' title='bbox 872 4318 907 4375; x_wconf 91' lang='lat' dir='ltr'><strong>et</strong></span> <span class='ocrx_word' id='word_1_359' title='bbox 928 4314 1040 4375; x_wconf 80' lang='lat' dir='ltr'><strong>audax</strong></span> <span class='ocrx_word' id='word_1_360' title='bbox 1059 4314 1213 4377; x_wconf 88' lang='lat' dir='ltr'><strong>homoL.</strong></span> <span class='ocrx_word' id='word_1_361' title='bbox 1231 4312 1414 4397; x_wconf 79' lang='lat' dir='ltr'><strong>Quinctius</strong></span> <span class='ocrx_word' id='word_1_362' title='bbox 1435 4310 1555 4397; x_wconf 84' lang='lat' dir='ltr'><strong>fuerit,</strong></span> <span class='ocrx_word' id='word_1_363' title='bbox 1574 4311 1747 4397; x_wconf 76' lang='lat' dir='ltr'><strong>precipue</strong></span> <span class='ocrx_word' id='word_1_364' title='bbox 1760 4330 1802 4375; x_wconf 86' lang='lat' dir='ltr'><strong>ex</strong></span> 
     </span>
    </p>
   </div>
   <div class='ocr_carea' id='block_1_6' title="bbox 0 0 2036 5009">
    <p class='ocr_par' dir='ltr' id='par_1_7' title="bbox 0 0 2036 5009">
     <span class='ocr_line' id='line_1_38' title="bbox 0 0 2036 5009; baseline 0 0"><span class='ocrx_word' id='word_1_365' title='bbox 0 0 2036 5009; x_wconf 95' lang='lat' dir='ltr'><strong> </strong></span> 
     </span>
    </p>
   </div>
  </div>
 </body>
</html>
