4050 5009
369 385 452 473 142'

361 575 448 660 quid
467 570 594 656 quod
582 587 659 655 rpsa
678 569 877 656 inscriptio,
897 587 1001 651 quam
1021 570 1185 656 laudant,
1206 572 1266 635 cfr.
1279 573 1449 637 Mannert.
1461 576 1587 664 Geogr.
1604 583 1713 650 Italiae
1727 588 1772 653 11.

361 705 396 769 p.
419 683 488 755 146.
517 681 562 743 ad
587 678 693 742 finem
714 675 817 755 hujus
836 674 924 739 belli
944 658 1118 761 pertinere
1137 676 1297 742 videtur?
1318 680 1461 759 quod'
1433 702 1464 745 ss
1485 692 1577 750 recte
1597 690 1775 777 statuitur,

252 866 264 881 .
363 810 436 853 non
447 784 561 871 potuit
571 805 609 847 m
618 783 772 868 Spartaci
786 782 912 848 itinere
925 782 1151 847 describendo
1167 786 1437 851 commemorari.
1457 788 1524 853 Sed
1540 790 1659 860 exfine
1671 797 1773 875 hujus

262 909 267 918 ·
362 891 548 979 fragmenti
561 888 779 974 intelligitur,
793 908 864 953 non
878 896 970 953 rorte
981 887 1205 951 Debrossium
1216 888 1346 969 fecisse,
1362 894 1458 973 quod
1466 896 1571 959 verba
1579 920 1710 983 rapere
1723 902 1774 965 ad

255 1019 261 1029 “
361 1006 531 1082 stuprum
540 1004 604 1061 etc.
613 996 656 1057 ad
666 992 858 1077 Metaponti
870 992 1095 1059 vastationem
1106 995 1285 1059 rettulerit.
1302 996 1469 1077 ·172.-A
1478 1004 1772 1090 regenardm.

363 1124 445 1168 rum
457 1110 518 1166 etc.
538 1099 667 1165 Haecin
677 1102 919 1163 Dardanorum
930 1099 1126 1184 originibus
1138 1100 1352 1165 illustrandis
1363 1116 1561 1171 memorata.
1576 1107 1636 1171 cfr.
1647 1110 1769 1175 Strabo

363 1232 399 1294 p.
408 1210 478 1272 668.
489 1209 558 1287 ⁵7¹·
570 1206 640 1269 580.
659 1206 719 1273 Ed.
730 1206 819 1268 Alm.
831 1206 879 1269 id.
899 1228 934 1290 p.
947 1208 1018 1276 ³16.
1039 1205 1130 1270 Plin.
1145 1208 1189 1269 H.
1206 1210 1246 1269 N.
1257 1208 1286 1281 l.
1303 1229 1329 1269 1.
1349 1206 1481 1274 ¹llelian.
1500 1214 1592 1280 V.H.
1604 1232 1633 1291 4.
1647 1236 1674 1277 ι.
1690 1218 1770 1282 Res.
1789 1287 1792 1299 .

364 1315 488 1400 Geogr.
499 1314 622 1376 Kanne
634 1315 679 1375 ad
693 1315 823 1378 Conon.
839 1332 874 1395 p.
892 1314 942 1374 do.
969 1314 1088 1391 -173.-
1109 1313 1207 1378 Nam
1228 1321 1289 1377 etc.
1312 1311 1371 1377 cir.
1385 1334 1487 1399 supra
1501 1315 1542 1379 fr.
1557 1339 1609 1400 99.
1621 1342 1671 1401 7²·
1693 1300 1790 1385 cum*

363 1421 491 1505 quihus
514 1420 602 1485 bec,
606 1418 846 1525 conjungenda
869 1436 940 1482 esse
957 1415 1169 1481 videntur·
1152 1435 1276 1501 -174.-
1304 1416 1390 1485 Ut
1374 1441 1413 1484 m
1436 1422 1490 1487 M.
1515 1420 1662 1506 Mario,
1686 1448 1768 1491 cum

352 1522 467 1613 froc·
468 1534 508 1589 ta
517 1515 630 1608 prius
643 1544 773 1607 crura,
785 1544 854 1605 per
862 1530 970 1586 artur
978 1517 1175 1606 expiraret
1189 1526 1308 1607 (ortes
1316 1545 1432 1590 errore
1443 1530 1698 1613 typothetarum
1710 1551 1770 1595 ex·

362 1652 518 1718 pressum
526 1630 592 1713 est)
597 1627 960 1711 videturaliquidvitii
970 1629 1126 1708 subesse;
1139 1633 1232 1711 quod
1243 1652 1354 1713 neque
1366 1652 1407 1697 eo
1414 1634 1565 1719 tollitur,
1574 1638 1668 1719 quod
1675 1635 1738 1701 cur
1748 1656 1770 1699 a

363 1726 543 1803 nonnullis
554 1739 774 1801 emendatum
789 1729 854 1798 est·
845 1755 978 1817 ,neque
992 1736 1145 1817 medela,
1156 1756 1259 1817 quam
1277 1738 1381 1800 Debr.
1398 1739 1577 1825 adhibuit,
1588 1764 1651 1824 qur
1639 1742 1772 1808 'verba

366 1840 404 1908 in
432 1845 486 1909 Μ
504 1838 633 1909 Mario
654 1842 838 1905 recidenda
855 1840 1007 1922 curavit,
1028 1849 1191 1923 tanquam
1214 1844 1471 1927 agrammatico
1494 1857 1605 1911 essent
1627 1846 1768 1955 adjecta.

364 1956 483 2041 Neque
512 1968 555 2012 eo
577 1946 759 2031 explicatio
782 1944 822 2008 fit
846 1946 1059 2032 expeditior,
1087 1950 1182 2028 quod
1200 1947 1316 2013 Rufin.
1345 1951 1418 2015 baec
1441 1952 1546 2016 verba
1568 1920 1769 2033 adempsit

364 2058 571 2143 exprimere,
592 2062 626 2119 et
649 2056 693 2125 ad
705 2051 810 2116 Sullae
827 2052 1066 2116 crudelitatem
1085 2053 1325 2117 illustrandam
1345 2056 1436 2119 dicta
1451 2060 1560 2122 docet.
1578 2056 1770 2141 plurimum

366 2164 459 2229 enim
476 2160 610 2247 negotii
623 2159 792 2233 facessunt
805 2158 927 2221 rerba·
938 2153 1077 2247 fracta
1091 2156 1199 2242 prius
1211 2182 1327 2227 crura
1337 2160 1550 2249 interposita.
1571 2164 1637 2229 Sed
1653 2164 1771 2227 omnia

365 2276 482 2354 aperta
495 2275 613 2351 erunt,
632 2286 662 2329 sr
651 2259 830 2353 fractus
845 2265 1092 2347 emendaveris,
1110 2270 1204 2371 qupd
1217 2275 1392 2335 structuras
1412 2291 1520 2355 genus
1537 2271 1685 2336 Salustio
1701 2269 1772 2334 usi-
1840 2324 1841 2327 ,

286 2465 294 2474 ⁵
368 2372 482 2441 tatum
494 2370 641 2454 fuisse,·'
628 2390 703 2449 Jam
719 2372 823 2434 verba
837 2390 939 2453 supra
957 2370 1099 2435 laudata
1118 2339 1173 2437 fr.
1183 2378 1250 2436 ι56.
1270 2382 1423 2438 sanctur
1439 2372 1517 2439 alia
1535 2377 1770 2461 comprobant.

367 2502 472 2565 quem
497 2483 542 2542 ad
563 2480 678 2542 locum
709 2478 800 2539 Cort.
818 2476 997 2540 claudian.
1015 2476 1122 2541 Stilic.
1146 2499 1173 2539 1.
1193 2496 1242 2541 vs.
1263 2496 1313 2559 9²·
1335 2480 1462 2543 Seneca
1480 2483 1579 2545 Cous.
1602 2484 1647 2543 ad
1664 2484 1770 2545 Maro.

369 2610 396 2653 c.
418 2586 468 2650 2'5.
493 2593 527 2649 et
543 2584 694 2647 Gronov.
718 2587 821 2663 atque
847 2582 968 2647 Heins.
987 2586 1032 2646 ad
1056 2584 1483 2668 h.ll.compararit.1mo
1505 2606 1559 2669 ap.
1578 2586 1771 2651 Historicos

367 2694 459 2756 hanc
485 2696 689 2754 structuram
714 2708 785 2753 esse
806 2687 1119 2771 frequentissimam
1145 2689 1263 2753 mrdtis
1286 2691 1451 2776 exemplis
1468 2690 1683 2777 grammatici
1705 2693 1770 2755 do-

369 2805 523 2862 cuerunt.
543 2794 603 2862 cfr.
623 2794 788 2865 Ruddim.
808 2797 851 2859 11.
871 2799 967 2880 9.6ι.
988 2796 1110 2859 -165.-
1137 2797 1271 2861 Tamen
1291 2798 1425 2885 corrige
1447 2793 1573 2865 Trium
1594 2798 1697 2880 (illud
1716 2797 1771 2861 ib·

367 2905 463 2969 curia
477 2902 679 2971 correctoris
696 2903 909 2987 expressum)
927 2900 1141 2988 significatur
1152 2904 1198 2965 M.
1212 2899 1392 2988 Antonius,
1407 2896 1555 2969 ludibrii
1566 2922 1668 2990 causa
1685 2901 1772 2969 Cre·

293 3078 299 3087 ,
368 3009 464 3076 tirus
483 3011 614 3098 dictus,
632 3011 727 3089 eujus
748 3010 816 3073 filii
834 3018 867 3073 C·
888 3007 1078 3094 Antonius,
1099 3010 1162 3092 qui
1180 3011 1420 3077 Macedoniam
1443 3014 1538 3075 Proc.
1558 3010 1770 3089 sortitus-esa

368 3117 416 3179 Μ.
433 3114 603 3179 Antonius
624 3115 783 3180 triumvir
804 3118 901 3191 Cos,
919 3117 1052 3181 casare
1073 3126 1226 3201 mortuo,
1248 3127 1281 3182 et
1302 3118 1517 3183 Ldntonius
1537 3137 1614 3178 cum
1636 3116 1682 3178 M.
1694 3116 1773 3178 Ser-

367 3223 454 3289 vilio
476 3224 628 3290 Isaurico
651 3228 725 3291 Cos.
758 3246 788 3293 a.
813 3228 855 3287 U.
881 3226 952 3304 7¹³·
981 3230 1133 3287 ceterum
1159 3226 1345 3287 admodum
1381 3223 1524 3285 dubium
1552 3241 1636 3281 num
1662 3220 1772 3303 ipsius
1819 3304 1825 3316 1

368 3329 509 3395 Salustii
530 3332 636 3397 verba
657 3330 780 3395 hocin
802 3330 880 3393 loco
906 3348 1063 3412 expressa
1082 3328 1170 3406 sint;
1192 3310 1281 3392 certe
1305 3327 1446 3391 nonnisi
1464 3344 1571 3409 pauca
1590 3325 1695 3387 verba
1715 3325 1773 3408 ip-

369 3437 440 3501 sius
461 3445 557 3511 sunt;
578 3434 713 3517 reliqua
734 3455 755 3498 a
773 3436 961 3521 glossatore
989 3437 1116 3502 addita.
1144 3436 1182 3499 id
1208 3438 1301 3517 quod
1325 3434 1407 3497 inde
1433 3430 1656 3517 intelligitur,
1677 3433 1773 3511 quod

369 3540 409 3605 in
440 3543 549 3605 altero
578 3541 712 3605 scholio
740 3562 868 3609 nomen
898 3543 1037 3609 Salustii
1064 3542 1217 3607 medium
1255 3549 1303 3604 est
1326 3537 1578 3622 interpositum.
1607 3540 1773 3601 accedunt

369 3648 588 3731 verbaquam
599 3648 745 3716 maxime
762 3650 905 3716 insolita
916 3644 1131 3714 contrarius
1143 3640 1283 3729 piratis
1301 3664 1377 3725 quae
1396 3642 1589 3708 Salustiana
1607 3664 1678 3709 esse
1700 3662 1771 3707 non

369 3761 521 3835 possunt.
542 3753 603 3817 cfr.
627 3762 773 3819 Cramer.
796 3758 842 3818 ad
871 3753 1028 3827 Juvenal.
1050 3752 1164 3816 Schol.
1184 3752 1208 3819 l.
1224 3751 1249 3813 l.
1280 3752 1403 3831 -176.·‘
1430 3752 1503 3815 Ille
1528 3744 1772 3835 Conisturgim

370 3854 656 3919 bocCeltieorum
667 3866 767 3943 caput
778 3858 920 3944 dicitur,
941 3882 1004 3943 qur
992 3858 1189 3945 populus
1179 3880 1217 3921 ιιι
1236 3858 1358 3923 Baetica
1375 3855 1554 3943 provincia
1567 3851 1773 3937 septentrio-

368 3981 449 4025 nem
467 3980 582 4024 versus
595 3964 692 4058 sedes
709 3964 841 4028 babuit.
863 3964 924 4029 cfr.
940 3967 1100 4029 Mannert
1118 3965 1242 4049 Geogr.
1258 3965 1336 4027 Ant.
1356 3966 1382 4029 Ι.
1403 3986 1437 4049 9.
1428 3962 1521 4027 ..3ιὸ
1541 3960 1635 4023 idem
1648 3958 1771 4021 Strabo

368 4051 449 4131 lter.
464 4068 587 4154 Geogr.
611 4050 689 4155 pag.
710 4085 776 4147 ¹4¹·
804 4070 895 4134 Edit.
915 4071 1003 4136 Alm.
1024 4071 1231 4149 Κονιπωρσιν
1260 4071 1421 4154 appellat.
1447 4067 1513 4131 Sed
1537 4062 1683 4149 Appiam
1710 4062 1773 4125 Hi-

367 4192 462 4257 span.
480 4195 509 4239 c.
525 4176 576 4257 57.
595 4184 748 4240 nostram
757 4176 961 4261 scripturam
977 4176 1172 4260 confirmat,
1190 4179 1251 4241 sed
1272 4181 1417 4244 eandem
1436 4176 1631 4237 Curneorum
1650 4170 1772 4234 urbem

370 4277 468 4345 dicit.
496 4280 557 4347 cfr.
575 4282 744 4368 Schweig.
767 4284 812 4345 ad
837 4283 873 4347 h.
901 4282 925 4346 l.
950 4284 1053 4368 opud
1081 4280 1240 4372 legiones
1254 4304 1329 4369 ,pro
1355 4283 1407 4349 od
1432 4279 1585 4366 positum
1610 4281 1770 4343 statuunt.
