4050 5009
1600 426 1643 479 21

320 606 362 669 In
385 600 557 689 Hispania
576 598 711 665 bellum
731 599 770 663 ut
785 594 921 661 minore
942 608 1115 678 successu,
1134 592 1184 657 ita
1203 584 1355 659 atrocius
1370 596 1514 681 gestum
1532 598 1647 663 Serto.

147 796 148 799 Ἴ
240 712 331 797 rius,
349 730 426 775 cum
441 706 693 775 exercitatiores
708 703 861 771 hostium
879 701 1062 787 eopiaeusu
1077 706 1112 765 et
1130 698 1312 784 disciplina
1324 700 1364 764 in
1377 698 1518 766 stataria
1530 724 1650 791 pugna

239 818 349 883 multo
370 817 450 901 plus
467 815 639 897 valerent,
657 810 790 877 bellum
808 806 992 873 defendere
1017 825 1123 891 quam
1141 804 1268 871 inferre
1292 806 1399 873 satius
1420 808 1552 873 habuit.
1579 812 1648 873 lta·

239 942 307 1005 que
321 920 460 987 castella
478 938 582 1005 opere
596 926 630 983 et
643 926 766 981 natura
778 911 913 979 munita
927 930 1110 997 occupare,
1130 929 1195 997 per
1212 910 1357 979 insidias
1369 916 1485 979 hostes
1498 914 1646 980 circurn-

238 1028 376 1113 venire,
398 1026 521 1093 subitis
535 1020 794 1090 incursionibus
809 1016 953 1101 fatigare
964 1024 1067 1098 atque
1078 1024 1221 1099 terrere,
1241 1039 1311 1102 qua
1320 1019 1473 1085 hostium
1484 1021 1552 1087 iter
1563 1032 1646 1108 erat,

239 1132 358 1198 omnia
368 1142 515 1216 vastare,
535 1130 650 1215 ipsum
662 1144 756 1190 mare
771 1122 963 1187 latrociniis
974 1121 1146 1191 infestare.
1163 1123 1224 1188 cfr.
1239 1126 1330 1189 Plut.
1341 1126 1467 1194 sertor.
1483 1145 1534 1191 ar.
1554 1128 1646 1193 Flor.

239 1244 270 1303 ³.
286 1256 336 1301 aa.
358 1239 423 1302 Cui
440 1238 492 1301 rei
511 1252 678 1320 perquam
690 1235 923 1315 opportunum
941 1226 1009 1292 fuit
1028 1228 1213 1308 Dianium,
1231 1233 1324 1295 haud
1341 1234 1444 1317 pocul
1460 1254 1482 1297 a
1493 1234 1647 1301 Sucrone

238 1342 383 1407 flumine
399 1342 435 1405 in
447 1361 507 1405 ora
517 1338 690 1403 maritima
703 1336 822 1416 situm;
844 1336 939 1418 quod
952 1334 1151 1419 caputbelli
1165 1336 1333 1401 maritimi
1349 1346 1432 1403 erat.
1451 1339 1512 1403 cir.
1523 1342 1645 1406 Strabo

237 1450 318 1518 Her.
335 1446 527 1533 Geograph.
547 1448 607 1509 ΙΙΙ.
624 1460 655 1521 4.
675 1466 709 1528 p.
724 1442 795 1506 251.
816 1438 925 1524 ΕΜ)
949 1441 1327 1507 Tauchn.cic..lct.11.
1350 1444 1389 1507 in
1409 1446 1505 1514 Vera.
1518 1448 1606 1522 Las.

324 1552 389 1618 His
406 1552 537 1616 artibus
554 1571 626 1615 non
644 1552 749 1615 modo
771 1548 907 1614 aninos
919 1546 1074 1613 militum
1088 1548 1321 1634 confirmavit,
1340 1553 1401 1615 sed
1417 1550 1523 1617 etiam
1536 1550 1648 1617 hosti·
1700 1580 1710 1589 ·

235 1660 301 1724 bns
323 1665 489 1725 terrorem
518 1656 655 1741 injecit,
684 1664 787 1739 atque
807 1654 906 1719 omni
922 1662 1116 1720 commeatu
1135 1654 1389 1741 intercipiendo
1412 1664 1542 1720 tantam
1564 1654 1648 1722 fecit

236 1764 414 1849 inopiam,
438 1772 494 1849 ut,
515 1764 560 1827 ab
580 1761 762 1827 obsidione
788 1761 965 1849 Calaguris
989 1760 1112 1847 oppidi
1138 1760 1292 1845 depulsi,
1314 1762 1466 1826 diversas
1487 1761 1647 1847 regiones

235 1864 406 1955 peterent,
427 1868 588 1934 Metellus
612 1868 813 1935 ulteriorem
837 1868 1058 1954 Hispaniam,
1085 1868 1270 1952 Pompejus
1293 1866 1455 1930 Galliam.
1481 1866 1542 1930 cir.
1570 1866 1644 1931 Liv.

234 1974 325 2059 Epit.
345 1976 459 2041 xclv.
482 1976 666 2060 Pompejus
692 1974 817 2061 igitur,
834 1974 908 2054 jam
926 1983 1028 2039 antea
1045 1972 1191 2038 Sertorii
1201 1974 1329 2041 virtute
1349 1994 1370 2038 a
1391 1972 1565 2038 Pallantia
1585 1991 1646 2036 oc·

235 2082 393 2161 eupauda
419 2081 637 2166 prohibitus,
664 2089 698 2149 et
721 2100 853 2146 summa
885 2081 936 2149 rei
962 2080 1197 2147 frumentariae
1227 2081 1348 2165 inopia
1375 2098 1526 2165 pressus,
1552 2079 1644 2141 Plut.

236 2184 356 2263 Pomp.
366 2204 424 2259 «19.
449 2204 497 2242 ao.
525 2188 651 2245 sertor.
670 2208 718 2250 ur.
740 2188 890 2251 minaces
917 2191 962 2251 ad
983 2196 1139 2253 senatum
1158 2185 1252 2249 misit
1273 2183 1407 2258 literas,
1436 2192 1470 2247 et
1494 2180 1645 2259 milites,
1737 2256 1743 2263 ¹

236 2282 449 2349 lrunrentum
474 2292 508 2349 et
528 2282 741 2368 stipendium
761 2284 957 2367 postulavit.
979 2288 1041 2347 cir.
1057 2288 1125 2345 Sal.
1144 2286 1267 2367 fragm.
1284 2288 1346 2344 111.
1370 2304 1416 2342 ιι.
1444 2286 1505 2367 Ep.
1524 2286 1645 2369 Pomp.

235 2390 280 2453 ad
298 2389 375 2453 Sen.
397 2391 482 2473 Qua
494 2387 634 2471 omnia,
654 2388 810 2469 quamvis
825 2389 863 2451 in
877 2388 1074 2471 asperrimis
1084 2388 1284 2473 reipublicae
1301 2389 1420 2474 rebus,
1440 2388 1543 2454 missa
1556 2396 1660 2477 sunt,

234 2492 397 2579 inprimis
412 2494 616 2559 auctoritate
637 2492 794 2577 Lucum,
820 2492 991 2577 timentis,
1021 2512 1067 2557 na
1081 2492 1282 2576 Pompejus,
1302 2513 1340 2558 re
1362 2514 1435 2557 non
1452 2494 1646 2581 impetrata,

233 2598 273 2665 in
294 2602 430 2665 Italiam
452 2602 585 2667 veniret
617 2609 720 2685 atque
741 2600 829 2667 belli
852 2598 1086 2665 Mithridatici
1107 2597 1294 2684 imperium
1315 2599 1385 2663 sibi
1405 2600 1561 2686 eriperet.
1583 2599 1643 2665 cfr.

233 2707 324 2775 Plut.
341 2708 429 2771 Luc.
440 2710 470 2770 i.
491 2708 661 2773 Sertorius
682 2716 814 2789 autem,
838 2706 961 2792 legatis
976 2726 996 2769 a
1009 2705 1208 2771 Mithridate
1223 2706 1262 2769 in
1279 2706 1485 2793 Hispaniam
1505 2710 1645 2773 adeum

144 2796 149 2802 ’
233 2812 363 2891 missis,
382 2822 420 2877 ut
430 2813 573 2880 societas
584 2815 803 2901 jungeretur,
819 2812 944 2877 auxilii
956 2812 1090 2878 externi
1105 2832 1166 2897 spe
1181 2813 1305 2877 adduci
1314 2834 1386 2876 non
1397 2814 1530 2897 potuit,
1551 2820 1591 2876 ut
1605 2815 1644 2877 Ρ.

234 2918 276 2979 R.
288 2918 498 2995 majestatem
519 2921 707 3001 minueret,
727 2920 840 2984 sedin
860 2918 1066 3003 paciscendo
1081 2918 1139 2988 jus
1152 2924 1255 2989 atque
1275 2914 1461 2994 imperium
1474 2918 1643 2998 reipubli-

235 3036 283 3081 cae
305 3018 478 3101 integrum
505 3018 661 3079 servavit.
695 3020 757 3075 cfr.
784 3014 874 3076 P'lut.
898 3018 1024 3077 sertor.
1051 3016 1102 3075 23.
1128 3010 1249 3077 Ascon.
1271 3014 1410 3080 Pedion.
1429 3016 1468 3081 iu
1485 3020 1582 3085 Verr.
1597 3022 1642 3087 de

235 3122 333 3187 Praet.
359 3122 442 3183 Urb.
464 3142 499 3203 p.
523 3124 574 3199 93.
603 3119 672 3179 Cic.
693 3120 788 3182 Verr.
807 3116 834 3177 1.
855 3120 906 3191 34.
935 3135 1000 3199 pro
1023 3120 1115 3202 Lege
1136 3119 1257 3181 Manil.
1277 3137 1307 3196 4.
1331 3142 1395 3207 pro
1416 3125 1570 3192 Muraena
1591 3128 1640 3196 15.
1691 3185 1702 3204 ,

234 3226 379 3313 Appian.
405 3222 562 3287 debello
589 3220 783 3284 Mithridat.
807 3220 856 3281 ott.
878 3220 1038 3284 Ceterum
1059 3221 1154 3284 idem
1169 3221 1244 3299 jam
1263 3226 1331 3287 hoe
1351 3246 1445 3291 anno
1463 3231 1501 3293 in
1529 3233 1642 3299 300103

236 3330 446 3418 proditionis
460 3328 679 3393 insimulatos
697 3324 754 3410 ⁰⁰)
775 3324 921 3390 saviisse
939 3332 973 3389 et
988 3326 1160 3410 plurimos
1181 3347 1222 3391 ex
1241 3328 1362 3393 amicis
1378 3338 1414 3395 et
1429 3350 1543 3397 secum
1556 3357 1640 3421 pro·

234 3438 371 3523 scriptis
391 3434 559 3501 occidisse·
575 3432 705 3498 dicitur
729 3430 789 3501 cfr.
811 3430 885 3497 Liv.
907 3430 996 3517 lipit.
1020 3434 1121 3497 XCII.
1141 3433 1276 3521 Appian
1297 3437 1332 3499 B.
1353 3436 1468 3504 civ.1.
1490 3462 1558 3507 rra.
1650 3469 1654 3482 =

343 3660 385 3743 l)
408 3644 455 3731 Ti
473 3648 752 3757 ‘appu-metu.
779 3634 856 3742 ἕχον
884 3646 942 3724 ἐπὶ
965 3650 1009 3746 ri
1022 3636 1115 3755 ἆκρςι
1131 3651 1187 3739 τῆς
1204 3650 1346 3753 idiotita
1362 3645 1638 3765 Ἀρτέμιδος-ἱερὰ

237 3772 373 3887 avidius
390 3769 583 3886 raptuipsuat,
603 3771 630 3887 ᾧ
650 3768 816 3882 ἐχρήσατο
836 3780 1009 3883 ὁρμητηρίῳ
1026 3768 1122 3855 acroi
1138 3768 1328 3862 &immac
1345 3776 1521 3890 Σερτῶριος·
1539 3795 1637 3897 ἐρυμ·

237 3902 290 3995 tir.
301 3902 373 4015 γάρ
392 3916 450 3995 c’et
462 3913 523 3988 uei
541 3900 706 4013 Μερικόν,
725 3898 889 3989 κάτοπτον
908 3903 945 3987 ii
963 3910 1005 3985 ἐκ
1021 3912 1154 3988 romei
1170 3912 1234 3999 τοῖς
1252 3920 1501 4014 namatium,
1521 3922 1635 3998 κωλᾶ-

238 4073 295 4121 m
319 4038 354 4120 li
374 4032 503 4121 aditu.
1276 4062 1281 4069 ·

321 4168 358 4253 ⁹)
378 4170 497 4255 Quod,
517 4188 595 4233 oum
614 4164 715 4231 multi
738 4174 875 4254 postero
896 4169 1035 4232 demum
1059 4169 1294 4233 annofactum
1313 4192 1384 4238 esee
1397 4181 1561 4262 statuant,
1581 4179 1645 4239 ta·'

239 4294 319 4345 rnen
333 4273 407 4357 jam
431 4282 504 4341 tum
524 4282 693 4344 tentatum
712 4272 830 4357 fuisse,
856 4274 938 4343 satis
955 4282 1005 4345 est
1024 4275 1226 4363 probabile,
1247 4280 1342 4360 quod
1360 4286 1440 4365 post
1457 4276 1635 4367 victorias,
