4050 5009
1658 369 1683 447 5

274 562 382 647 recto,
402 578 481 627 cum
502 560 547 627 ab
569 558 703 645 Annio,
723 556 867 623 Sullano
891 556 998 642 duce,
1017 554 1196 643 provincis
1212 555 1333 642 pulsus
1353 564 1456 645 esset,
1482 568 1560 648 post
1577 566 1690 637 varios

276 686 373 736 casus
393 689 414 733 a
431 666 604 732 Lusitanis
628 670 699 732 dux
718 667 860 750 electus,
884 664 1011 729 iterum
1037 664 1076 727 in
1098 663 1302 745 Hispaniam
1321 666 1481 729 redierat.
1501 669 1591 735 Plut.
1604 675 1687 739 Ser-t.

247 778 252 797 '
274 795 304 839 e.
323 797 353 857 7.
371 794 419 835 ro.
442 772 512 837 Ubi
530 772 622 837 victo
636 772 790 857 Fufidio,
815 771 945 837 Baeticae
963 776 1194 856 propraetore,
1223 778 1257 835 et
1277 772 1378 835 Cotta
1394 772 1509 837 classis
1524 776 1685 861 prefecto

272 879 422 962 aliisque
446 882 682 943 Romanorum
710 878 873 961 ducibus,
894 886 1027 941 tantum
1060 885 1225 941 terrorem
1249 876 1411 941 omnibus
1438 880 1621 963 injecerat,
1644 893 1687 950 ut

278 986 374 1051 Sulla
394 990 435 1069 Q.
458 986 634 1050 Metellum
659 986 778 1069 Pium,
808 984 922 1047 virum
948 992 981 1047 et
1008 1002 1184 1046 armorum
1215 1002 1280 1045 usu
1307 990 1341 1046 et
1362 985 1510 1049 consilio
1536 988 1684 1075 clarum,

282 1092 528 1157 Proconsulem
553 1112 632 1169 eum
658 1088 806 1172 imperio
829 1088 867 1149 in
887 1087 1087 1151 ulteriorem
1114 1087 1319 1171 Hispaniam
1344 1090 1503 1155 mitteret.
1531 1090 1592 1157 cfr.
1615 1096 1684 1179 Ap-

186 1232 197 1245 ι
280 1196 376 1282 pian.
396 1200 433 1259 B.
454 1196 526 1267 Ciu.
542 1200 570 1259 1.
592 1196 660 1259 108.
681 1195 770 1257 Plut.
787 1196 906 1279 Pomp.
920 1214 967 1275 ¹7·
991 1194 1117 1260 Sertor.
1138 1213 1166 1257 e.
1187 1194 1454 1279 12.Flor..3.ra.
1479 1198 1576 1267 Oros.
1594 1199 1685 1269 Hist.

277 1303 305 1366 5.
319 1324 347 1367 c.
370 1305 420 1364 23.
435 1300 475 1384 θ)

355 1648 394 1731 ⁹)
407 1650 510 1715 Nulla
530 1648 601 1715 fere
624 1669 739 1712 rerum
757 1652 1019 1728 Romanarum,
1040 1666 1117 1739 quse
1138 1643 1328 1716 accuratius
1341 1672 1361 1715 a
1376 1646 1601 1736 scriptoribus
1613 1654 1687 1717 Ro·

274 1754 385 1819 manis
415 1755 574 1841 expositae
596 1754 748 1839 fuerant,
777 1755 954 1817 ohscurior
977 1755 1071 1818 bello
1097 1758 1305 1837 Sertoriano.
1347 1763 1466 1841 Neque
1492 1758 1586 1821 enim
1611 1776 1682 1839 quo

283 1880 377 1924 anno
391 1880 499 1924 unum
514 1862 667 1943 quidque
681 1871 812 1947 gestum
830 1862 883 1945 sit,
897 1881 1011 1943 neque
1025 1882 1093 1942 qua
1106 1862 1241 1927 ratione
1254 1865 1357 1925 duces
1370 1863 1502 1925 bellum
1516 1860 1686 1927 adminis-

274 1965 450 2050 traverint,
470 1967 551 2031 satis
568 1976 709 2043 constat,
731 1966 807 2033 Viri
820 1968 911 2030 docti
923 1968 1041 2053 igitur,
1061 1967 1170 2049 quiin
1183 1968 1294 2032 haere
1310 1969 1515 2031 illustranda
1525 1967 1684 2031 elabora·

272 2080 372 2149 runt,
392 2068 573 2156 Sigonius,
591 2072 750 2155 Pighius,
772 2072 1026 2136 Freinshemius
1041 2084 1075 2137 et
1090 2074 1304 2150 Debrossius,
1325 2084 1493 2155 quantum
1511 2074 1685 2151 conjectu·

279 2174 329 2235 ris
349 2176 512 2251 consequi
533 2186 709 2254 poterant,
737 2194 852 2237 rerum
870 2179 1031 2241 ordinem
1052 2180 1257 2239 constituere
1277 2177 1392 2239 conati
1407 2186 1496 2237 sunt.
1517 2174 1588 2256 Qui
1604 2174 1685 2255 qui·

275 2278 354 2343 dem
376 2275 486 2338 multa
502 2272 583 2335 satis
600 2282 697 2335 acute
712 2272 857 2345 vidisse,
879 2276 917 2334 in
938 2280 1017 2335 aliis
1040 2280 1167 2335 err'asse
1188 2278 1277 2335 mihi
1295 2278 1466 2365 ridentur.

353 2382 431 2443 Jam
450 2379 602 2463 primum
625 2398 666 2440 ex
683 2376 773 2438 Julii
794 2376 1051 2458 Exsuperantii,
1078 2377 1139 2458 qui
1161 2379 1303 2461 dicitur,
1324 2380 1507 2466 opusculo,
1528 2382 1686 2464 quamvis

272 2485 402 2551 multus
424 2486 469 2549 sit
493 2482 531 2547 in
557 2481 701 2547 Sertorii
729 2481 831 2544 rebus
852 2479 1079 2565 exponendis,
1109 2480 1200 2557 nihil
1233 2484 1337 2567 plane
1363 2482 1499 2549 efficias.
1535 2491 1568 2551 ls
1588 2489 1685 2553 enim

273 2613 390 2659 rerum
410 2590 569 2655 ordinem
595 2590 699 2675 plane
726 2587 920 2651 confundit.
956 2586 1024 2649 Csr.
1054 2590 1097 2649 de
1114 2586 1217 2649 hellis
1239 2588 1399 2653 civilibus
1420 2591 1540 2676 Marii,
1560 2592 1687 2677 Lepidi

272 2716 311 2763 ac
324 2696 469 2762 Sertorii
486 2718 515 2759 c.
538 2719 570 2777 7.
586 2703 619 2759 et
642 2696 672 2757 8.
693 2696 760 2757 Sed
783 2693 961 2777 Appianus
975 2695 1011 2754 Β.
1035 2692 1105 2756 (ir.
1128 2695 1154 2754 Ι.
1168 2694 1217 2753 86.
1238 2704 1271 2756 et
1286 2696 1336 2775 87.
1356 2706 1472 2780 aperte
1490 2697 1588 2775 dicit,
1606 2700 1685 2765 Ser-

272 2804 404 2868 torium
426 2802 587 2886 Scipione
616 2810 649 2865 et
680 2801 843 2864 Norbano
869 2802 961 2863 Coss.
983 2799 1046 2861 suh
1079 2798 1184 2863 finem
1207 2800 1292 2861 anni
1320 2801 1358 2863 in
1385 2802 1588 2883 Hispaniam
1615 2823 1689 2871 esse

272 2907 475 2993 profectum.
520 2910 605 2969 Cum
627 2906 721 2969 enim
744 2908 788 2969 de
811 2905 955 2968 Sertorii
982 2903 1198 2986 proiectione
1222 2898 1447 2979 exposuisset,
1471 2906 1545 2965 haec
1569 2907 1684 2973 addit:

278 3020 334 3092 τοῦ
354 3008 390 3089 δὲ
409 3018 548 3095 inlusere
566 3002 654 3090 ireos
672 3002 792 3093 ὕπᾳτοι
811 3004 873 3105 μὲν
892 2998 1085 3097 cynthio,
1111 2994 1271 3102 Παπίριᾶς
1287 3034 1322 3080 τε
1338 2994 1479 3105 Κάρβων
1497 3001 1604 3097 αὖθις
1621 3017 1683 3093 nesi

274 3124 427 3235 Meiptoco‘
448 3125 645 3229 ἀδελφιδοῦς
662 3128 786 3224 Μαρίου
805 3125 861 3199 τοῦ
878 3126 1085 3221 περιφανοῦς.
1116 3146 1158 3205 ld
1182 3143 1397 3224 quodetiam
1414 3148 1498 3215 inde
1517 3152 1681 3242 efficitur,

275 3264 370 3345 quod
386 3260 459 3339 jam
482 3252 640 3339 sequenti
664 3271 755 3315 anno
782 3248 914 3331 equites
942 3268 983 3311 ex
1000 3248 1169 3332 Hispania
1193 3252 1392 3313 consulibus
1407 3256 1537 3319 auxilio
1559 3260 1682 3327 missos

272 3386 345 3435 esse
363 3372 488 3429 narrat.
515 3362 576 3424 cfr.
593 3361 617 3424 1.
638 3359 662 3426 l.
677 3380 704 3421 c.
727 3360 778 3437 89.
806 3360 923 3437 Neque
944 3355 1147 3419 Plutarchus
1163 3356 1351 3441 discrepat,
1370 3358 1441 3420 vita
1452 3360 1593 3425 Sertorii
1609 3384 1637 3426 e.
1648 3367 1681 3429 6.

281 3471 437 3555 quamvis
464 3468 558 3533 enim
585 3466 677 3528 inter
705 3482 820 3526 causas
842 3460 914 3539 ejus
939 3461 1165 3547 profectionis
1191 3465 1247 3527 rel
1270 3465 1337 3527 hoe
1365 3476 1560 3553 enumeret,
1588 3474 1684 3550 quod

278 3576 409 3639 Marius
424 3572 561 3651 juvenis
583 3570 693 3634 invito
714 3566 867 3633 Sertorio
883 3576 915 3629 ct
933 3576 1051 3630 contra
1069 3570 1163 3653 leges
1181 3570 1398 3634 consulatum
1418 3573 1600 3659 acceperit,
1626 3584 1681 3641 ta·

280 3700 362 3746 men
375 3677 646 3757 exsequentibus
665 3685 755 3739 recte
769 3671 962 3757 colligitur,
983 3674 1050 3735 hoc
1068 3675 1111 3733 ad
1128 3674 1322 3759 designatos
1333 3678 1489 3741 consules
1506 3700 1577 3745 esse
1592 3660 1684 3749 reless

275 3788 434 3851 rendum.
454 3782 593 3845 Accedit
614 3784 708 3865 quod
732 3788 802 3844 tota
828 3780 900 3860 ejus
918 3778 1009 3843 salus
1030 3778 1068 3840 in
1084 3779 1256 3844 celeritate
1273 3779 1386 3866 posita
1404 3804 1476 3849 esse
1489 3787 1682 3874 videbatur,

217 3932 222 3945 ·
274 3898 333 3965 cfr.
355 3920 383 3962 e.
403 3900 432 3960 6.
473 3876 587 3982 Ketpiv
614 3878 766 3968 ὥνεῖςθαι
799 3872 924 3983 pirae,
943 3926 1000 3943 --
1026 3869 1080 3968 mit
1108 3871 1299 3981 ‹li’tsssqtar
1327 3882 1503 3979 ἐπειχθεὶς
1522 3878 1677 3982 uariae,

275 4039 423 4103 eumque
444 4018 483 4082 in
498 4017 639 4101 Alpium
661 4015 806 4079 transitu
831 4004 979 4106 χειμῶσι
997 4002 1166 4094 >cadensis
1180 3992 1384 4107 χρησᾶμενον
1403 4020 1532 4083 scribit.

355 4136 473 4218 Ipsum
497 4132 628 4195 bellum
643 4150 705 4216 per
720 4132 750 4195 X
764 4128 926 4213 deinceps
947 4148 1056 4191 annos
1070 4140 1254 4193 extractum
1275 4152 1346 4195 esse
1362 4132 1516 4213 videtum
1537 4122 1680 4199 orosius

277 4239 372 4310 enim
391 4238 519 4307 Histor.
542 4237 606 4305 lib.
632 4240 661 4303 6.
682 4235 942 4305 essedarium
973 4234 1108 4301 decimo
1136 4237 1275 4301 demum
1299 4256 1392 4301 anno
1411 4238 1499 4301 belli
1526 4235 1681 4305 inchoati
