4050 5009
376 415 451 484 555

374 596 502 668 Dubioe
521 619 576 666 505
605 602 641 663 C.
666 619 715 664 50.
737 605 785 680 59.
814 611 847 666 J.
873 615 921 678 54.
952 602 1068 666 hostes
1087 601 1111 664 i.
1132 621 1158 666 0.
1181 601 1297 666 minus
1314 601 1407 666 firmi
1421 605 1477 668 55.
1498 600 1639 667 00555155
1656 602 1703 667 H.
1722 605 1784 668 111.
1886 650 1892 667 .

413 710 464 772 55.
484 705 704 772 5501055585.
724 706 803 770 nisu
816 722 867 787 94.
886 707 925 769 in
946 707 1056 771 dubio
1077 709 1113 771 C.
1128 707 1178 776 55.
1200 711 1233 770 d.
1253 709 1382 772 habere
1402 709 1447 773 Η.
1469 697 1536 775 ΠΙ.
1553 725 1604 773 55.
1623 713 1656 773 d.
1677 719 1783 792 atquc

399 809 595 878 ‘haesitante
613 822 645 879 J.
668 832 739 896 507.
761 813 856 875 haud
877 813 983 877 dubie
1001 813 1114 876 victor
1137 829 1206 876 505.

371 893 582 984 1155855055ᾱο
605 925 638 982 et
659 917 735 982 dies
754 919 961 1002 prolatando
989 919 1026 980 G.
1047 923 1098 994 45.
1128 919 1205 982 5050
1225 937 1305 1002 pars
1326 917 1498 981 dubitavit
1520 919 1564 982 H.
1583 921 1610 987 1.
1631 921 1683 1000 67.
1715 927 1782 983 ter-

412 1024 489 1088 ritis
509 1043 548 1086 ac
568 1025 602 1086 d.
624 1023 658 1088 C.
686 1025 735 1085 58.
763 1024 857 1089 inter
876 1021 1132 1087 dubitationem
1154 1031 1188 1088 et
1207 1042 1322 1086 moras
1340 1033 1374 1088 J.
1395 1025 1445 1086 50.
1466 1022 1540 1088 51505
1559 1044 1623 1107 per
1642 1027 1675 1086 d.
1697 1043 1781 1088 con-

412 1149 548 1194 sumere
569 1130 618 1195 65.

373 1235 512 1298 Ducere
538 1231 682 1297 hostilia
701 1234 743 1295 H.
767 1235 824 1300 Ν.
849 1251 895 1296 55.
929 1234 1044 1320 prima
1069 1245 1102 1301 J.
1122 1252 1174 1313 4¹·
1194 1233 1341 1298 idoneos
1367 1237 1417 1297 65.
1437 1254 1501 1318 pro
1522 1236 1616 1301 bono
1636 1239 1680 1300 H.
1702 1241 1728 1300 Ι.
1749 1261 1778 1321 9

413 1359 478 1425 pro
499 1337 597 1403 falsis
617 1345 650 1402 c.
673 1340 702 1401 5.
724 1329 928 1402 modestiam
949 1339 988 1402 in
1010 1339 1255 1404 conscientiam
1275 1349 1309 1404 5.
1331 1339 1532 1403 8515055055
1555 1362 1601 1403 55.
1621 1363 1687 1426 pro
1708 1363 1779 1408 ma·

413 1443 594 1509 livolentia
617 1447 655 1506 0.
672 1465 719 1505 55.
742 1443 912 1528 flagitium
933 1443 1069 1509 militiae
1087 1452 1116 1509 J.
1133 1447 1180 1519 54.
1202 1443 1372 1508 inlocum
1394 1441 1547 1508 affinium
1570 1463 1619 1524 54.
1640 1449 1780 1534 vigilias

410 1565 460 1626 44.
487 1569 560 1614 non
586 1547 733 1612 minoris
761 1554 810 1614 85.
840 1553 874 1612 d.
903 1554 1203 1640 trahereprepere
1231 1553 1281 1624 45.
1307 1558 1408 1615 sorte
1435 1550 1535 1614 ductiv
1556 1553 1600 1616 Η.
1629 1553 1697 1616 inc.
1728 1558 1777 1636 67.

412 1656 566 1719 ductare
586 1656 771 1718 exercitum
791 1651 822 1720 J.
838 1678 888 1738 70.
911 1659 946 1719 G.
966 1680 1011 1740 17.
1032 1678 1078 1736 59.
1100 1657 1214 1720 ductu
1234 1674 1312 1720 5000
1334 1657 1378 1718 Η.
1399 1657 1459 1718 111.
1483 1679 1530 1719 55.
1554 1657 1643 1722 duce
1662 1661 1776 1724 Aenea

413 1771 449 1827 c.
471 1763 500 1822 6.
529 1763 563 1822 d.
584 1768 619 1824 ct
639 1768 759 1824 auctor
778 1762 821 1823 Η.
842 1765 869 1829 Ι.
893 1766 940 1823 55.
976 1764 1009 1824 d.
1031 1770 1066 1825 ct
1085 1763 1274 1846 imperator
1293 1772 1326 1827 J.
1351 1785 1378 1825 5.
1399 1764 1433 1824 d.
1454 1763 1718 1826 multitudinum
1739 1775 1776 1832 c.

416 1867 466 1928 50.
489 1867 522 1927 51.
544 1872 733 1928 turmarum
756 1869 804 1930 58.
828 1866 924 1931 ducis
946 1867 1119 1932 temeritas
1139 1868 1190 1932 85.
1209 1870 1243 1931 51.
1262 1867 1357 1932 avidi
1376 1875 1411 1934 et
1428 1868 1580 1952 prompti
1597 1870 1641 1932 Η.
1660 1871 1704 1932 Η.
1724 1886 1775 1948 44.

411 1969 547 2033 itineris
567 1970 782 2054 periculique
802 1981 832 2038 J.
855 1975 904 2053 95.

370 2065 462 2137 Duin
482 2073 506 2136 i.
528 2093 556 2138 0.
578 2078 766 2140 dummodo
787 2087 822 2145 c.
846 2081 875 2141 5.
900 2092 1018 2156 1t·t⁰·
1047 2099 1124 2142 cum
1154 2085 1259 2164 temp.
1278 2097 1376 2165 pres.
1397 2079 1447 2143 50.
1467 2080 1517 2142 56.
1538 2077 1589 2146 55.
1611 2079 1659 2144 55.
1689 2083 1722 2144 5.
1742 2077 1775 2155 4.

408 2182 452 2243 Η.
472 2181 499 2244 Ι.
520 2182 550 2246 8.
575 2185 622 2243 55.

286 2366 290 2372 ’
368 2397 410 2461 E.
430 2414 481 2458 cx.
505 2393 537 2476 5)
556 2394 691 2479 locum,
712 2397 805 2458 unde
827 2394 910 2478 aliq.
931 2293 1178 2482 proficifiitur,
1198 2365 1383 2482 siguificat:
1411 2415 1454 2461 ex
1480 2397 1576 2460 curia
1596 2409 1632 2464 c.
1654 2400 1705 2459 55.
1735 2414 1775 2459 ex

409 2500 535 2564 itinere
557 2509 591 2566 c.
614 2502 665 2563 55.
684 2510 716 2565 5.
740 2503 790 2564 56.
813 2501 932 2565 castris
953 2504 1003 2575 54.
1039 2522 1081 2566 ex
1096 2493 1143 2565 'eo
1165 2503 1282 2566 medio
1303 2501 1403 2565 collis
1424 2500 1601 2564 oriebatur
1620 2503 1670 2573 48.
1691 2519 1776 2564 con·
1903 2585 1913 2599 1

408 2613 526 2688 spectu
545 2606 642 2670 abire
662 2607 712 2667 68.
733 2606 893 2691 praesidia
914 2627 955 2671 ex
976 2607 1062 2670 urbe
1084 2618 1119 2672 c.
1142 2608 1191 2674 58.
1223 2606 1387 2669 lateribus
1408 2608 1459 2674 60.
1483 2605 1597 2690 gravis
1617 2623 1713 2666 casus
1732 2603 1774 2666 in

408 2709 586 2774 servitium
606 2731 647 2776 05
666 2731 774 2798 regno
788 2717 825 2779 ’5.
847 2713 896 2774 65.
919 2709 1000 2796 fuga
1024 2712 1073 2784 54.
1101 2709 1296 2794 epericulo
1318 2710 1407 2794 cripi
1428 2721 1464 2776 c.
1486 2710 1537 2788 48.
1562 2729 1604 2771 cx
1623 2707 1774 2774 coloniis

306 2895 309 2900 ¹
409 2821 444 2879 et
461 2815 662 2902 municipiis
684 2815 709 2879 i.
727 2837 757 2881 e.
774 2816 842 2882 orti
866 2837 912 2897 57.
935 2835 976 2900 ex
993 2815 1096 2880 sociis
1113 2815 1239 2880 nostris
1253 2819 1385 2901 predas
1405 2835 1506 2902 agere
1518 2825 1548 2882 J.
1563 2817 1614 2878 88.
1637 2815 1674 2897 5)
1688 2821 1776 2878 tem·

406 2942 471 3007 pus
491 2922 681 3010 significat:
700 2943 742 2988 05
761 2909 911 2989 miseriis
931 2921 1103 3006 requievit
1123 2923 1259 2988 animus
1279 2934 1316 2990 c.
1334 2937 1365 2999 4.
1397 2922 1544 2984 biduum
1565 2939 1606 2984 ex
1624 2917 1773 3003 perfidia

408 3030 441 3090 J.
453 3030 502 3106 69.
526 3030 712 3092 tumultum
734 3051 775 3094 ex
789 3029 940 3094 tumultu
951 3039 1072 3094 serunt
1085 3032 1129 3096 Η.
1142 3032 1169 3093 1.
1187 3052 1197 3091 5
1203 3052 1233 3113 9.
1253 3037 1398 3094 extenta
1409 3025 1629 3113 properantia
1639 3023 1771 3090 bellum

412 3139 557 3195 tractum
576 3145 609 3200 J.
629 3137 676 3200 56.
705 3136 746 3218 5)
769 3154 901 3219 causa,
924 3131 1064 3224 origor'
1079 3155 1121 3200 ex
1140 3135 1360 3220 providentia
1381 3135 1540 3198 timorem
1558 3131 1670 3196 adfert
1688 3141 1719 3197 5.
1741 3151 1770 3211 7.

407 3256 449 3301 ex
468 3237 601 3306 invidia
621 3242 661 3306 50
681 3241 826 3330 gratiam
849 3240 969 3306 venire
992 3223 1039 3304 55.
1061 3249 1211 3324 potestas
1230 3261 1271 3304 ex
1291 3239 1416 3322 opibus
1436 3239 1561 3303 alienis
1580 3239 1708 3322 pendet
1724 3250 1771 3312 54.

406 3363 448 3411 ex
466 3365 547 3432 rege
568 3348 800 3426 miserrimum
820 3366 996 3412 serrorum
1017 3347 1061 3408 H.
1082 3348 1139 3410 1v.
1164 3362 1211 3408 55.
1232 3364 1252 3410 0
1271 3353 1469 3428 contempto
1489 3363 1526 3407 50
1546 3345 1771 3408 metuendum

408 3451 541 3516 efficere
560 3453 604 3516 H.
624 3455 649 3513 Ι.
674 3473 721 3531 59.
753 3454 934 3518 0555555055
954 3449 1189 3514 amicissumos
1207 3447 1319 3513 lacere
1337 3459 1370 3516 J.
1395 3471 1441 3510 50.
1462 3469 1503 3512 ex
1522 3449 1643 3514 laetitia
1665 3446 1771 3512 tristi·

408 3556 456 3620 tia
484 3557 609 3621 invasit
642 3567 678 3624 c.
700 3557 751 3622 55.
785 3557 846 3622 cfr.
870 3571 905 3626 c.
927 3563 955 3624 5.
985 3559 1033 3619 56.
1055 3577 1103 3618 55.
1127 3573 1174 3632 54.
1200 3575 1242 3618 ex
1269 3554 1415 3618 victoria
1446 3554 1529 3618 talia
1561 3573 1700 3638 sperare
1719 3555 1769 3635 57.

406 3663 524 3726 Crasso
544 3683 585 3728 ex
610 3663 754 3750 privatis
783 3663 932 3750 negotiis
953 3660 1098 3760 obnoxii
1118 3663 1168 3735 48.
1197 3679 1239 3723 ex
1257 3659 1427 3743 petitione
1447 3659 1667 3744 pontificatus
1685 3659 1769 3723 odio

405 3763 565 3831 incensus
584 3789 632 3849 49.
654 3770 815 3834 1515055105
837 3789 878 3833 ex
897 3769 1070 3833 sociorum
1089 3764 1238 3829 fortunis
1258 3767 1307 3828 55.
1328 3785 1370 3829 ex
1388 3764 1462 3829 illis
1480 3765 1673 3851 periculum
1693 3783 1767 3826 me-

406 3868 473 3932 tuit
494 3871 542 3934 ib.
570 3893 761 3960 cognomen
781 3894 823 3938 055
841 3874 968 3938 virtute
988 3883 1020 3940 J.
1044 3875 1071 3936 5.
1103 3891 1145 3936 ex
1166 3870 1376 3936 conscientia
1394 3872 1465 3936 suis
1485 3871 1586 3934 rebus
1606 3863 1768 3934 diffidens

405 3979 455 4039 85.
477 3996 518 4039 ex
538 3979 665 4044 delicto
686 3979 801 4044 fratris
822 3978 946 4044 timens
967 3987 1017 4060 59.
1050 3997 1092 4043 ex
1110 3976 1211 4062 eopia
1232 3994 1346 4038 rerum
1367 3975 1416 4039 ib.
1445 3995 1485 4038 ex
1502 3971 1653 4057 partium
1673 3971 1767 4035 inri-

291 4147 310 4166 »
404 4081 465 4147 dia
484 4084 677 4168 periculum
700 4092 889 4149 metuentes
910 4100 960 4161 40.
988 4103 1113 4149 nomen
1134 4101 1176 4146 ex
1194 4103 1232 4146 re
1252 4079 1404 4144 inditum
1425 4081 1475 4161 78.
1496 4097 1537 4142 ex
1555 4078 1684 4142 virtute
1704 4099 1768 4142 no·

404 4189 523 4256 bilitas
543 4191 654 4274 coepit.
675 4193 724 4254 85.
756 4193 852 4272 quod
873 4209 914 4256 ex
935 4189 1050 4254 5150555
1069 4189 1196 4252 virtute
1216 4185 1286 4252 sibi
1307 4189 1473 4272 adrogant
1493 4183 1541 4246 ib.
1561 4203 1603 4248 05
1622 4192 1764 4268 parente
1802 4219 1807 4226 ·

402 4293 452 4358 ita
461 4297 587 4380 accepi.
599 4295 646 4360 ib.
664 4315 778 4380 neque
788 4313 995 4378 quemquam
1016 4315 1058 4362 ex
1076 4293 1269 4360 calamitate
1278 4293 1427 4358 aliorum
1442 4299 1554 4358 metus
1573 4288 1702 4375 ceperit
1714 4288 1762 4358 ib.
