<?xml version="1.0" encoding="UTF-8"?>
<!DOCTYPE html PUBLIC "-//W3C//DTD XHTML 1.0 Transitional//EN"
    "http://www.w3.org/TR/xhtml1/DTD/xhtml1-transitional.dtd">
<html xmlns="http://www.w3.org/1999/xhtml" xml:lang="en" lang="en">
 <head>
  <title>
</title>
<meta http-equiv="Content-Type" content="text/html;charset=utf-8" />
  <meta name='ocr-system' content='tesseract 3.04.00' />
  <meta name='ocr-capabilities' content='ocr_page ocr_carea ocr_par ocr_line ocrx_word'/>
</head>
<body>
  <div class='ocr_page' id='page_1' title='image "./salustiiquaeexs00sallgoog_0684.png"; bbox 0 0 4050 5009; ppageno 0'>
   <div class='ocr_carea' id='block_1_1' title="bbox 568 344 637 437">
    <p class='ocr_par' dir='ltr' id='par_1_1' title="bbox 568 344 637 437">
     <span class='ocr_line' id='line_1_1' title="bbox 568 344 637 437; baseline -0.058 0"><span class='ocrx_word' id='word_1_1' title='bbox 568 344 637 437; x_wconf 79' lang='lat' dir='ltr'>ut</span> 
     </span>
    </p>
   </div>
   <div class='ocr_carea' id='block_1_2' title="bbox 557 510 1964 2595">
    <p class='ocr_par' dir='ltr' id='par_1_2' title="bbox 557 510 1964 2595">
     <span class='ocr_line' id='line_1_2' title="bbox 564 510 1959 623; baseline -0.006 -30"><span class='ocrx_word' id='word_1_2' title='bbox 564 518 674 593; x_wconf 80' lang='lat' dir='ltr'>tibus&#39;</span> <span class='ocrx_word' id='word_1_3' title='bbox 693 533 918 623; x_wconf 86' lang='lat' dir='ltr'>temperare,</span> <span class='ocrx_word' id='word_1_4' title='bbox 944 514 1011 618; x_wconf 89' lang='lat' dir='ltr'>qui</span> <span class='ocrx_word' id='word_1_5' title='bbox 1037 540 1105 617; x_wconf 84' lang='lat' dir='ltr'>per·</span> <span class='ocrx_word' id='word_1_6' title='bbox 1126 512 1374 586; x_wconf 79' lang='lat' dir='ltr'>ambitionem</span> <span class='ocrx_word' id='word_1_7' title='bbox 1390 536 1466 586; x_wconf 87' lang='lat' dir='ltr'>sese</span> <span class='ocrx_word' id='word_1_8' title='bbox 1480 510 1617 616; x_wconf 86' lang='lat' dir='ltr'>probos</span> <span class='ocrx_word' id='word_1_9' title='bbox 1632 512 1873 589; x_wconf 82' lang='lat' dir='ltr'>simulavere:</span> <span class='ocrx_word' id='word_1_10' title='bbox 1889 512 1959 585; x_wconf 89' lang='lat' dir='ltr'>mi·</span> 
     </span>
     <span class='ocr_line' id='line_1_3' title="bbox 562 634 1958 743; baseline -0.006 -27"><span class='ocrx_word' id='word_1_11' title='bbox 562 639 622 731; x_wconf 89' lang='lat' dir='ltr'>hi,</span> <span class='ocrx_word' id='word_1_12' title='bbox 650 641 717 743; x_wconf 88' lang='lat' dir='ltr'>qui</span> <span class='ocrx_word' id='word_1_13' title='bbox 741 667 891 715; x_wconf 89' lang='lat' dir='ltr'>omnem</span> <span class='ocrx_word' id='word_1_14' title='bbox 912 654 1061 713; x_wconf 84' lang='lat' dir='ltr'>aetatem</span> <span class='ocrx_word' id='word_1_15' title='bbox 1076 636 1118 711; x_wconf 86' lang='lat' dir='ltr'>iu</span> <span class='ocrx_word' id='word_1_16' title='bbox 1140 634 1305 740; x_wconf 81' lang='lat' dir='ltr'><strong>optumis</strong></span> <span class='ocrx_word' id='word_1_17' title='bbox 1326 634 1470 709; x_wconf 86' lang='lat' dir='ltr'>artibus</span> <span class='ocrx_word' id='word_1_18' title='bbox 1490 636 1567 741; x_wconf 87' lang='lat' dir='ltr'>egi,</span> <span class='ocrx_word' id='word_1_19' title='bbox 1591 634 1810 711; x_wconf 82' lang='lat' dir='ltr'>benefacere</span> <span class='ocrx_word' id='word_1_20' title='bbox 1827 635 1958 709; x_wconf 82' lang='lat' dir='ltr'>iamex</span> 
     </span>
     <span class='ocr_line' id='line_1_4' title="bbox 563 758 1959 864; baseline -0.007 -23"><span class='ocrx_word' id='word_1_21' title='bbox 563 764 839 841; x_wconf 84' lang='lat' dir='ltr'>consuetudine</span> <span class='ocrx_word' id='word_1_22' title='bbox 857 762 900 836; x_wconf 91' lang='lat' dir='ltr'>in</span> <span class='ocrx_word' id='word_1_23' title='bbox 917 777 1098 836; x_wconf 88' lang='lat' dir='ltr'>naturam</span> <span class='ocrx_word' id='word_1_24' title='bbox 1123 758 1246 835; x_wconf 67' lang='lat' dir='ltr'>vortit.</span> <span class='ocrx_word' id='word_1_25' title='bbox 1285 758 1433 834; x_wconf 88' lang='lat' dir='ltr'>Bellum</span> <span class='ocrx_word' id='word_1_26' title='bbox 1451 785 1512 835; x_wconf 88' lang='lat' dir='ltr'>me</span> <span class='ocrx_word' id='word_1_27' title='bbox 1530 785 1655 864; x_wconf 78' lang='lat' dir='ltr'>gerere</span> <span class='ocrx_word' id='word_1_28' title='bbox 1677 786 1768 835; x_wconf 87' lang='lat' dir='ltr'>oum</span> <span class='ocrx_word' id='word_1_29' title='bbox 1778 758 1959 863; x_wconf 83' lang='lat' dir='ltr'>Iugurtha</span> 
     </span>
     <span class='ocr_line' id='line_1_5' title="bbox 563 880 1961 988; baseline -0.003 -27"><span class='ocrx_word' id='word_1_30' title='bbox 563 888 737 981; x_wconf 84' lang='lat' dir='ltr'>iussistis3</span> <span class='ocrx_word' id='word_1_31' title='bbox 763 913 880 988; x_wconf 86' lang='lat' dir='ltr'>quarn</span> <span class='ocrx_word' id='word_1_32' title='bbox 916 911 996 957; x_wconf 88' lang='lat' dir='ltr'>rem</span> <span class='ocrx_word' id='word_1_33' title='bbox 1023 882 1203 955; x_wconf 83' lang='lat' dir='ltr'>nobilitas</span> <span class='ocrx_word' id='word_1_34' title='bbox 1237 906 1441 985; x_wconf 83' lang='lat' dir='ltr'>aegerrume</span> <span class='ocrx_word' id='word_1_35' title='bbox 1471 882 1570 957; x_wconf 84' lang='lat' dir='ltr'>tulit.</span> <span class='ocrx_word' id='word_1_36' title='bbox 1611 880 1767 979; x_wconf 62' lang='lat' dir='ltr'>Quaeso,</span> <span class='ocrx_word' id='word_1_37' title='bbox 1792 898 1961 986; x_wconf 85' lang='lat' dir='ltr'>reputate</span> 
     </span>
     <span class='ocr_line' id='line_1_6' title="bbox 564 1002 1960 1109; baseline -0.003 -25"><span class='ocrx_word' id='word_1_38' title='bbox 564 1036 654 1084; x_wconf 88' lang='lat' dir='ltr'>eum</span> <span class='ocrx_word' id='word_1_39' title='bbox 682 1008 819 1083; x_wconf 87' lang='lat' dir='ltr'>animis</span> <span class='ocrx_word' id='word_1_40' title='bbox 845 1007 990 1095; x_wconf 76' lang='lat' dir='ltr'>vestris,</span> <span class='ocrx_word' id='word_1_41' title='bbox 1015 1028 1113 1079; x_wconf 90' lang='lat' dir='ltr'>num</span> <span class='ocrx_word' id='word_1_42' title='bbox 1141 1002 1183 1077; x_wconf 87' lang='lat' dir='ltr'>id</span> <span class='ocrx_word' id='word_1_43' title='bbox 1206 1003 1506 1079; x_wconf 87' lang='lat' dir='ltr'>mutarimelius</span> <span class='ocrx_word' id='word_1_44' title='bbox 1529 1004 1579 1079; x_wconf 92' lang='lat' dir='ltr'>sit</span> <span class='ocrx_word' id='word_1_45' title='bbox 1591 1037 1603 1100; x_wconf 85' lang='lat'>3</span> <span class='ocrx_word' id='word_1_46' title='bbox 1636 1004 1667 1079; x_wconf 91' lang='lat' dir='ltr'>si</span> <span class='ocrx_word' id='word_1_47' title='bbox 1686 1033 1801 1109; x_wconf 82' lang='lat' dir='ltr'>quem</span> <span class='ocrx_word' id='word_1_48' title='bbox 1820 1032 1865 1081; x_wconf 82' lang='lat' dir='ltr'>ex</span> <span class='ocrx_word' id='word_1_49' title='bbox 1895 1005 1960 1081; x_wconf 89' lang='lat' dir='ltr'>illo</span> 
     </span>
     <span class='ocr_line' id='line_1_7' title="bbox 562 1124 1960 1237; baseline -0.001 -30"><span class='ocrx_word' id='word_1_50' title='bbox 562 1131 674 1237; x_wconf 80' lang='lat' dir='ltr'>globo</span> <span class='ocrx_word' id='word_1_51' title='bbox 698 1128 908 1207; x_wconf 83' lang='lat' dir='ltr'>nobilitatis</span> <span class='ocrx_word' id='word_1_52' title='bbox 933 1126 982 1203; x_wconf 88' lang='lat' dir='ltr'>ad</span> <span class='ocrx_word' id='word_1_53' title='bbox 1011 1125 1086 1202; x_wconf 89' lang='lat' dir='ltr'>hoc</span> <span class='ocrx_word' id='word_1_54' title='bbox 1105 1142 1173 1201; x_wconf 85' lang='lat' dir='ltr'>aut</span> <span class='ocrx_word' id='word_1_55' title='bbox 1195 1124 1305 1201; x_wconf 86' lang='lat' dir='ltr'>aliud</span> <span class='ocrx_word' id='word_1_56' title='bbox 1326 1126 1400 1201; x_wconf 88' lang='lat' dir='ltr'>tale</span> <span class='ocrx_word' id='word_1_57' title='bbox 1419 1126 1616 1233; x_wconf 80' lang='lat' dir='ltr'>negotium</span> <span class='ocrx_word' id='word_1_58' title='bbox 1637 1128 1817 1220; x_wconf 87' lang='lat' dir='ltr'>mittatis,</span> <span class='ocrx_word' id='word_1_59' title='bbox 1841 1128 1960 1205; x_wconf 85' lang='lat' dir='ltr'>homi-</span> 
     </span>
     <span class='ocr_line' id='line_1_8' title="bbox 563 1250 1963 1359; baseline -0.004 -26"><span class='ocrx_word' id='word_1_60' title='bbox 563 1282 653 1333; x_wconf 88' lang='lat' dir='ltr'>uem</span> <span class='ocrx_word' id='word_1_61' title='bbox 673 1256 806 1331; x_wconf 77' lang='lat' dir='ltr'>veteris</span> <span class='ocrx_word' id='word_1_62' title='bbox 828 1252 1013 1358; x_wconf 87' lang='lat' dir='ltr'>prosapiae</span> <span class='ocrx_word' id='word_1_63' title='bbox 1037 1277 1086 1326; x_wconf 83' lang='lat' dir='ltr'>ac</span> <span class='ocrx_word' id='word_1_64' title='bbox 1115 1250 1326 1326; x_wconf 81' lang='lat' dir='ltr'>multartun</span> <span class='ocrx_word' id='word_1_65' title='bbox 1352 1250 1564 1356; x_wconf 81' lang='lat' dir='ltr'>imaginum</span> <span class='ocrx_word' id='word_1_66' title='bbox 1589 1268 1628 1327; x_wconf 85' lang='lat' dir='ltr'>et</span> <span class='ocrx_word' id='word_1_67' title='bbox 1650 1253 1796 1348; x_wconf 88' lang='lat' dir='ltr'>nullius</span> <span class='ocrx_word' id='word_1_68' title='bbox 1824 1254 1963 1359; x_wconf 85' lang='lat' dir='ltr'>stipen-</span> 
     </span>
     <span class='ocr_line' id='line_1_9' title="bbox 562 1372 1963 1481; baseline 0 -28"><span class='ocrx_word' id='word_1_69' title='bbox 562 1379 640 1453; x_wconf 90' lang='lat' dir='ltr'>dii:</span> <span class='ocrx_word' id='word_1_70' title='bbox 664 1377 827 1467; x_wconf 88' lang='lat' dir='ltr'>scilicet,</span> <span class='ocrx_word' id='word_1_71' title='bbox 850 1393 895 1451; x_wconf 93' lang='lat' dir='ltr'>ut</span> <span class='ocrx_word' id='word_1_72' title='bbox 919 1375 962 1451; x_wconf 92' lang='lat' dir='ltr'>in</span> <span class='ocrx_word' id='word_1_73' title='bbox 988 1390 1095 1449; x_wconf 84' lang='lat' dir='ltr'>tanta</span> <span class='ocrx_word' id='word_1_74' title='bbox 1117 1400 1178 1465; x_wconf 89' lang='lat' dir='ltr'>re,</span> <span class='ocrx_word' id='word_1_75' title='bbox 1201 1372 1356 1479; x_wconf 72' lang='lat' dir='ltr'>ignauis</span> <span class='ocrx_word' id='word_1_76' title='bbox 1374 1374 1566 1467; x_wconf 90' lang='lat' dir='ltr'>omnium,</span> <span class='ocrx_word' id='word_1_77' title='bbox 1592 1375 1772 1481; x_wconf 89' lang='lat' dir='ltr'>trepidet,</span> <span class='ocrx_word' id='word_1_78' title='bbox 1797 1376 1963 1466; x_wconf 81' lang='lat' dir='ltr'>festinet,</span> 
     </span>
     <span class='ocr_line' id='line_1_10' title="bbox 561 1496 1962 1605; baseline -0.001 -27"><span class='ocrx_word' id='word_1_79' title='bbox 561 1518 688 1579; x_wconf 79' lang='lat' dir='ltr'>sumat</span> <span class='ocrx_word' id='word_1_80' title='bbox 718 1500 887 1605; x_wconf 86' lang='lat' dir='ltr'>aliquem</span> <span class='ocrx_word' id='word_1_81' title='bbox 913 1524 959 1574; x_wconf 82' lang='lat' dir='ltr'>ex</span> <span class='ocrx_word' id='word_1_82' title='bbox 987 1497 1133 1604; x_wconf 90' lang='lat' dir='ltr'>populo</span> <span class='ocrx_word' id='word_1_83' title='bbox 1154 1496 1383 1574; x_wconf 86' lang='lat' dir='ltr'>monitorem</span> <span class='ocrx_word' id='word_1_84' title='bbox 1406 1499 1517 1575; x_wconf 87' lang='lat' dir='ltr'>ollioii</span> <span class='ocrx_word' id='word_1_85' title='bbox 1545 1500 1615 1575; x_wconf 86' lang='lat' dir='ltr'>sui.</span> <span class='ocrx_word' id='word_1_86' title='bbox 1658 1501 1714 1574; x_wconf 86' lang='lat' dir='ltr'>lta</span> <span class='ocrx_word' id='word_1_87' title='bbox 1737 1500 1962 1605; x_wconf 86' lang='lat' dir='ltr'>plerumque</span> 
     </span>
     <span class='ocr_line' id='line_1_11' title="bbox 562 1621 1962 1727; baseline 0.001 -28"><span class='ocrx_word' id='word_1_88' title='bbox 562 1625 708 1715; x_wconf 86' lang='lat' dir='ltr'>evenit,</span> <span class='ocrx_word' id='word_1_89' title='bbox 732 1639 778 1698; x_wconf 93' lang='lat' dir='ltr'>ut</span> <span class='ocrx_word' id='word_1_90' title='bbox 798 1648 914 1725; x_wconf 83' lang='lat' dir='ltr'>quem</span> <span class='ocrx_word' id='word_1_91' title='bbox 931 1646 995 1695; x_wconf 80' lang='lat' dir='ltr'>ros</span> <span class='ocrx_word' id='word_1_92' title='bbox 1019 1622 1205 1725; x_wconf 86' lang='lat' dir='ltr'>imperare</span> <span class='ocrx_word' id='word_1_93' title='bbox 1222 1621 1393 1711; x_wconf 84' lang='lat' dir='ltr'>iussistis,</span> <span class='ocrx_word' id='word_1_94' title='bbox 1415 1621 1445 1696; x_wconf 90' lang='lat' dir='ltr'>is</span> <span class='ocrx_word' id='word_1_95' title='bbox 1464 1622 1537 1696; x_wconf 91' lang='lat' dir='ltr'>sibi</span> <span class='ocrx_word' id='word_1_96' title='bbox 1556 1622 1823 1727; x_wconf 80' lang='lat' dir='ltr'>imperatorem</span> <span class='ocrx_word' id='word_1_97' title='bbox 1845 1626 1962 1700; x_wconf 90' lang='lat' dir='ltr'>alium</span> 
     </span>
     <span class='ocr_line' id='line_1_12' title="bbox 562 1743 1962 1854; baseline 0 -33"><span class='ocrx_word' id='word_1_98' title='bbox 562 1764 717 1854; x_wconf 71' lang='lat' dir='ltr'>quaerat</span> <span class='ocrx_word' id='word_1_99' title='bbox 766 1750 892 1849; x_wconf 82' lang='lat' dir='ltr'>Atque</span> <span class='ocrx_word' id='word_1_100' title='bbox 919 1770 985 1849; x_wconf 89' lang='lat' dir='ltr'>ego</span> <span class='ocrx_word' id='word_1_101' title='bbox 1006 1744 1103 1833; x_wconf 88' lang='lat' dir='ltr'>seio,</span> <span class='ocrx_word' id='word_1_102' title='bbox 1130 1743 1317 1840; x_wconf 74' lang='lat' dir='ltr'>Quirites,</span> <span class='ocrx_word' id='word_1_103' title='bbox 1342 1744 1429 1845; x_wconf 89' lang='lat' dir='ltr'>qui,</span> <span class='ocrx_word' id='word_1_104' title='bbox 1454 1763 1656 1849; x_wconf 87' lang='lat' dir='ltr'>postquam</span> <span class='ocrx_word' id='word_1_105' title='bbox 1678 1748 1859 1824; x_wconf 80' lang='lat' dir='ltr'>Consules</span> <span class='ocrx_word' id='word_1_106' title='bbox 1876 1748 1962 1823; x_wconf 87' lang='lat' dir='ltr'>sacti</span> 
     </span>
     <span class='ocr_line' id='line_1_13' title="bbox 562 1866 1963 1977; baseline 0.002 -32"><span class='ocrx_word' id='word_1_107' title='bbox 562 1886 671 1961; x_wconf 88' lang='lat' dir='ltr'>sunt,</span> <span class='ocrx_word' id='word_1_108' title='bbox 685 1884 778 1973; x_wconf 24' lang='lat' dir='ltr'>,acta</span> <span class='ocrx_word' id='word_1_109' title='bbox 800 1868 990 1943; x_wconf 86' lang='lat' dir='ltr'>maiorum</span> <span class='ocrx_word' id='word_1_110' title='bbox 1019 1882 1057 1941; x_wconf 90' lang='lat' dir='ltr'>et</span> <span class='ocrx_word' id='word_1_111' title='bbox 1084 1868 1308 1941; x_wconf 80' lang='lat' dir='ltr'>Graecorum</span> <span class='ocrx_word' id='word_1_112' title='bbox 1332 1866 1512 1945; x_wconf 82' lang='lat' dir='ltr'>militaria</span> <span class='ocrx_word' id='word_1_113' title='bbox 1533 1886 1720 1974; x_wconf 85' lang='lat' dir='ltr'>praecepta</span> <span class='ocrx_word' id='word_1_114' title='bbox 1745 1869 1868 1977; x_wconf 88' lang='lat' dir='ltr'>legere</span> <span class='ocrx_word' id='word_1_115' title='bbox 1891 1901 1963 1948; x_wconf 86' lang='lat' dir='ltr'>coe·</span> 
     </span>
     <span class='ocr_line' id='line_1_14' title="bbox 560 1988 1962 2101; baseline 0.002 -32"><span class='ocrx_word' id='word_1_116' title='bbox 560 1994 706 2098; x_wconf 91' lang='lat' dir='ltr'>perint;</span> <span class='ocrx_word' id='word_1_117' title='bbox 729 1990 947 2097; x_wconf 78' lang='lat' dir='ltr'>praeposteri</span> <span class='ocrx_word' id='word_1_118' title='bbox 968 1988 1151 2064; x_wconf 83' lang='lat' dir='ltr'>homines</span> <span class='ocrx_word' id='word_1_119' title='bbox 1193 1991 1290 2064; x_wconf 89' lang='lat' dir='ltr'>Nam</span> <span class='ocrx_word' id='word_1_120' title='bbox 1311 2016 1438 2093; x_wconf 85' lang='lat' dir='ltr'>gerere</span> <span class='ocrx_word' id='word_1_121' title='bbox 1461 2018 1579 2093; x_wconf 87' lang='lat' dir='ltr'>quam</span> <span class='ocrx_word' id='word_1_122' title='bbox 1601 1992 1682 2067; x_wconf 86' lang='lat' dir='ltr'>lieri</span> <span class='ocrx_word' id='word_1_123' title='bbox 1705 2010 1875 2099; x_wconf 88' lang='lat' dir='ltr'>tempore</span> <span class='ocrx_word' id='word_1_124' title='bbox 1898 2025 1962 2101; x_wconf 80' lang='lat' dir='ltr'>po</span> 
     </span>
     <span class='ocr_line' id='line_1_15' title="bbox 559 2112 1964 2217; baseline 0.004 -26"><span class='ocrx_word' id='word_1_125' title='bbox 559 2118 710 2207; x_wconf 87' lang='lat' dir='ltr'>sterius,</span> <span class='ocrx_word' id='word_1_126' title='bbox 736 2142 776 2191; x_wconf 87' lang='lat' dir='ltr'>re</span> <span class='ocrx_word' id='word_1_127' title='bbox 797 2131 915 2217; x_wconf 84' lang='lat' dir='ltr'>atque</span> <span class='ocrx_word' id='word_1_128' title='bbox 936 2137 1009 2187; x_wconf 92' lang='lat' dir='ltr'>usu</span> <span class='ocrx_word' id='word_1_129' title='bbox 1035 2112 1140 2217; x_wconf 91' lang='lat' dir='ltr'>prius</span> <span class='ocrx_word' id='word_1_130' title='bbox 1162 2128 1225 2188; x_wconf 84' lang='lat' dir='ltr'>est</span> <span class='ocrx_word' id='word_1_131' title='bbox 1262 2114 1486 2217; x_wconf 89' lang='lat' dir='ltr'>Comparate</span> <span class='ocrx_word' id='word_1_132' title='bbox 1511 2142 1637 2208; x_wconf 89' lang='lat' dir='ltr'>nunc,</span> <span class='ocrx_word' id='word_1_133' title='bbox 1662 2114 1853 2213; x_wconf 86' lang='lat' dir='ltr'>Quirites,</span> <span class='ocrx_word' id='word_1_134' title='bbox 1879 2149 1964 2196; x_wconf 90' lang='lat' dir='ltr'>cum</span> 
     </span>
     <span class='ocr_line' id='line_1_16' title="bbox 560 2224 1963 2349; baseline 0.004 -34"><span class='ocrx_word' id='word_1_135' title='bbox 560 2242 718 2317; x_wconf 89' lang='lat' dir='ltr'>illorum</span> <span class='ocrx_word' id='word_1_136' title='bbox 739 2224 916 2341; x_wconf 86' lang='lat' dir='ltr'>superbia</span> <span class='ocrx_word' id='word_1_137' title='bbox 940 2263 1001 2311; x_wconf 91' lang='lat' dir='ltr'>me</span> <span class='ocrx_word' id='word_1_138' title='bbox 1018 2234 1220 2310; x_wconf 89' lang='lat' dir='ltr'>hominem</span> <span class='ocrx_word' id='word_1_139' title='bbox 1247 2263 1398 2311; x_wconf 87' lang='lat' dir='ltr'>norum.</span> <span class='ocrx_word' id='word_1_140' title='bbox 1434 2238 1532 2335; x_wconf 87' lang='lat' dir='ltr'>Quae</span> <span class='ocrx_word' id='word_1_141' title='bbox 1555 2238 1612 2313; x_wconf 90' lang='lat' dir='ltr'>illi</span> <span class='ocrx_word' id='word_1_142' title='bbox 1638 2240 1771 2315; x_wconf 89' lang='lat' dir='ltr'>audire</span> <span class='ocrx_word' id='word_1_143' title='bbox 1793 2259 1831 2317; x_wconf 94' lang='lat' dir='ltr'>et</span> <span class='ocrx_word' id='word_1_144' title='bbox 1848 2244 1963 2349; x_wconf 77' lang='lat' dir='ltr'>legere</span> 
     </span>
     <span class='ocr_line' id='line_1_17' title="bbox 557 2357 1961 2464; baseline 0.004 -27"><span class='ocrx_word' id='word_1_145' title='bbox 557 2364 696 2451; x_wconf 86' lang='lat' dir='ltr'>solent,</span> <span class='ocrx_word' id='word_1_146' title='bbox 720 2387 855 2437; x_wconf 90' lang='lat' dir='ltr'>eorum</span> <span class='ocrx_word' id='word_1_147' title='bbox 879 2374 1029 2461; x_wconf 88' lang='lat' dir='ltr'>partem</span> <span class='ocrx_word' id='word_1_148' title='bbox 1051 2357 1150 2447; x_wconf 86' lang='lat' dir='ltr'>ridi,</span> <span class='ocrx_word' id='word_1_149' title='bbox 1175 2357 1250 2431; x_wconf 87' lang='lat' dir='ltr'>alia</span> <span class='ocrx_word' id='word_1_150' title='bbox 1273 2375 1419 2463; x_wconf 83' lang='lat' dir='ltr'>egomet</span> <span class='ocrx_word' id='word_1_151' title='bbox 1444 2359 1555 2463; x_wconf 81' lang='lat' dir='ltr'>gessi:</span> <span class='ocrx_word' id='word_1_152' title='bbox 1579 2389 1665 2464; x_wconf 85' lang='lat' dir='ltr'>quae</span> <span class='ocrx_word' id='word_1_153' title='bbox 1684 2362 1742 2437; x_wconf 92' lang='lat' dir='ltr'>illi</span> <span class='ocrx_word' id='word_1_154' title='bbox 1764 2361 1899 2457; x_wconf 83' lang='lat' dir='ltr'>literis,</span> <span class='ocrx_word' id='word_1_155' title='bbox 1921 2395 1961 2441; x_wconf 88' lang='lat' dir='ltr'>ea</span> 
     </span>
     <span class='ocr_line' id='line_1_18' title="bbox 559 2479 1962 2595; baseline 0.003 -36"><span class='ocrx_word' id='word_1_156' title='bbox 559 2512 626 2591; x_wconf 89' lang='lat' dir='ltr'>ego</span> <span class='ocrx_word' id='word_1_157' title='bbox 644 2481 847 2561; x_wconf 90' lang='lat' dir='ltr'>militando</span> <span class='ocrx_word' id='word_1_158' title='bbox 868 2479 996 2556; x_wconf 82' lang='lat' dir='ltr'>didici.</span> <span class='ocrx_word' id='word_1_159' title='bbox 1049 2480 1161 2556; x_wconf 88' lang='lat' dir='ltr'>Nune</span> <span class='ocrx_word' id='word_1_160' title='bbox 1180 2506 1243 2556; x_wconf 81' lang='lat' dir='ltr'>roa</span> <span class='ocrx_word' id='word_1_161' title='bbox 1266 2481 1507 2573; x_wconf 82' lang='lat' dir='ltr'>existumate,</span> <span class='ocrx_word' id='word_1_162' title='bbox 1531 2482 1630 2559; x_wconf 83' lang='lat' dir='ltr'>faeta</span> <span class='ocrx_word' id='word_1_163' title='bbox 1652 2513 1702 2560; x_wconf 93' lang='lat' dir='ltr'>an</span> <span class='ocrx_word' id='word_1_164' title='bbox 1723 2486 1824 2563; x_wconf 87' lang='lat' dir='ltr'>dicta</span> <span class='ocrx_word' id='word_1_165' title='bbox 1844 2490 1962 2595; x_wconf 88' lang='lat' dir='ltr'>pluris</span> 
     </span>
    </p>
   </div>
   <div class='ocr_carea' id='block_1_3' title="bbox 514 2602 1960 3208">
    <p class='ocr_par' dir='ltr' id='par_1_3' title="bbox 514 2602 1960 3208">
     <span class='ocr_line' id='line_1_19' title="bbox 558 2602 1959 2713; baseline 0.001 -31"><span class='ocrx_word' id='word_1_166' title='bbox 558 2609 644 2685; x_wconf 85' lang='lat' dir='ltr'>sint</span> <span class='ocrx_word' id='word_1_167' title='bbox 686 2610 948 2682; x_wconf 85' lang='lat' dir='ltr'>Contemnunt</span> <span class='ocrx_word' id='word_1_168' title='bbox 965 2602 1174 2680; x_wconf 83' lang='lat' dir='ltr'>novitatem</span> <span class='ocrx_word' id='word_1_169' title='bbox 1192 2630 1315 2679; x_wconf 88' lang='lat' dir='ltr'>meam</span> <span class='ocrx_word' id='word_1_170' title='bbox 1322 2635 1334 2697; x_wconf 82' lang='lat'>3</span> <span class='ocrx_word' id='word_1_171' title='bbox 1358 2630 1425 2709; x_wconf 90' lang='lat' dir='ltr'>ego</span> <span class='ocrx_word' id='word_1_172' title='bbox 1449 2604 1607 2682; x_wconf 91' lang='lat' dir='ltr'>illorum</span> <span class='ocrx_word' id='word_1_173' title='bbox 1630 2607 1842 2713; x_wconf 86' lang='lat' dir='ltr'>ignaviam:</span> <span class='ocrx_word' id='word_1_174' title='bbox 1869 2612 1959 2686; x_wconf 84' lang='lat' dir='ltr'>milri</span> 
     </span>
     <span class='ocr_line' id='line_1_20' title="bbox 559 2724 1960 2837; baseline 0.004 -31"><span class='ocrx_word' id='word_1_175' title='bbox 559 2730 729 2819; x_wconf 81' lang='lat' dir='ltr'>fortuna,</span> <span class='ocrx_word' id='word_1_176' title='bbox 756 2728 830 2803; x_wconf 87' lang='lat' dir='ltr'>illis</span> <span class='ocrx_word' id='word_1_177' title='bbox 848 2725 989 2837; x_wconf 87' lang='lat' dir='ltr'>probra</span> <span class='ocrx_word' id='word_1_178' title='bbox 1008 2724 1276 2817; x_wconf 81' lang='lat' dir='ltr'>obiectantur3</span> <span class='ocrx_word' id='word_1_179' title='bbox 1306 2752 1543 2831; x_wconf 77' lang='lat' dir='ltr'>quamquam</span> <span class='ocrx_word' id='word_1_180' title='bbox 1562 2756 1629 2833; x_wconf 89' lang='lat' dir='ltr'>ego</span> <span class='ocrx_word' id='word_1_181' title='bbox 1649 2748 1828 2809; x_wconf 89' lang='lat' dir='ltr'>naturam</span> <span class='ocrx_word' id='word_1_182' title='bbox 1847 2764 1960 2811; x_wconf 85' lang='lat' dir='ltr'>unam</span> 
     </span>
     <span class='ocr_line' id='line_1_21' title="bbox 554 2844 1959 2965; baseline 0.001 -37"><span class='ocrx_word' id='word_1_183' title='bbox 554 2870 597 2929; x_wconf 86' lang='lat' dir='ltr'>et</span> <span class='ocrx_word' id='word_1_184' title='bbox 620 2844 862 2928; x_wconf 84' lang='lat' dir='ltr'>communem</span> <span class='ocrx_word' id='word_1_185' title='bbox 886 2849 1062 2925; x_wconf 87' lang='lat' dir='ltr'>omnium</span> <span class='ocrx_word' id='word_1_186' title='bbox 1089 2848 1290 2938; x_wconf 82' lang='lat' dir='ltr'>existumo,</span> <span class='ocrx_word' id='word_1_187' title='bbox 1313 2848 1379 2925; x_wconf 89' lang='lat' dir='ltr'>sed</span> <span class='ocrx_word' id='word_1_188' title='bbox 1400 2849 1660 2929; x_wconf 79' lang='lat' dir='ltr'>fortissumum</span> <span class='ocrx_word' id='word_1_189' title='bbox 1687 2884 1878 2963; x_wconf 86' lang='lat' dir='ltr'>quemque</span> <span class='ocrx_word' id='word_1_190' title='bbox 1902 2888 1959 2965; x_wconf 83' lang='lat' dir='ltr'>ge-</span> 
     </span>
     <span class='ocr_line' id='line_1_22' title="bbox 514 2970 1957 3087; baseline 0.003 -33"><span class='ocrx_word' id='word_1_191' title='bbox 514 3047 530 3055; x_wconf 75' lang='grc'>,,</span> <span class='ocrx_word' id='word_1_192' title='bbox 559 2976 860 3051; x_wconf 76' lang='grc' dir='ltr'>ιιειοεὶιιιιιιιιιιιι</span> <span class='ocrx_word' id='word_1_193' title='bbox 921 2975 976 3048; x_wconf 83' lang='lat' dir='ltr'>Ac</span> <span class='ocrx_word' id='word_1_194' title='bbox 1004 2971 1037 3047; x_wconf 86' lang='lat' dir='ltr'>si</span> <span class='ocrx_word' id='word_1_195' title='bbox 1071 2970 1149 3046; x_wconf 91' lang='lat' dir='ltr'>iam</span> <span class='ocrx_word' id='word_1_196' title='bbox 1172 3000 1219 3047; x_wconf 85' lang='lat' dir='ltr'>ex</span> <span class='ocrx_word' id='word_1_197' title='bbox 1244 2971 1417 3075; x_wconf 84' lang='lat' dir='ltr'>patribus</span> <span class='ocrx_word' id='word_1_198' title='bbox 1437 2974 1568 3050; x_wconf 80' lang='lat' dir='ltr'>Albini</span> <span class='ocrx_word' id='word_1_199' title='bbox 1598 2995 1666 3053; x_wconf 89' lang='lat' dir='ltr'>aut</span> <span class='ocrx_word' id='word_1_200' title='bbox 1689 2982 1817 3057; x_wconf 73' lang='lat' dir='ltr'>Bestiae</span> <span class='ocrx_word' id='word_1_201' title='bbox 1844 2985 1957 3087; x_wconf 76' lang='lat' dir='ltr'>quaeri</span> 
     </span>
     <span class='ocr_line' id='line_1_23' title="bbox 556 3086 1960 3208; baseline 0.005 -35"><span class='ocrx_word' id='word_1_202' title='bbox 556 3114 697 3205; x_wconf 82' lang='lat' dir='ltr'>posset,</span> <span class='ocrx_word' id='word_1_203' title='bbox 716 3122 827 3173; x_wconf 87' lang='lat' dir='ltr'>mene</span> <span class='ocrx_word' id='word_1_204' title='bbox 846 3124 897 3171; x_wconf 90' lang='lat' dir='ltr'>an</span> <span class='ocrx_word' id='word_1_205' title='bbox 920 3094 1005 3172; x_wconf 91' lang='lat' dir='ltr'>illos</span> <span class='ocrx_word' id='word_1_206' title='bbox 1026 3119 1128 3188; x_wconf 77' lang='lat' dir='ltr'>exse</span> <span class='ocrx_word' id='word_1_207' title='bbox 1147 3094 1250 3200; x_wconf 87' lang='lat' dir='ltr'>gigni</span> <span class='ocrx_word' id='word_1_208' title='bbox 1265 3094 1493 3193; x_wconf 82' lang='lat' dir='ltr'>maluerint3</span> <span class='ocrx_word' id='word_1_209' title='bbox 1520 3098 1615 3202; x_wconf 89' lang='lat' dir='ltr'>quid</span> <span class='ocrx_word' id='word_1_210' title='bbox 1631 3086 1872 3208; x_wconf 70' lang='lat' dir='ltr'>responsuros</span> <span class='ocrx_word' id='word_1_211' title='bbox 1886 3135 1960 3183; x_wconf 84' lang='lat' dir='ltr'>cre·</span> 
     </span>
    </p>
   </div>
   <div class='ocr_carea' id='block_1_4' title="bbox 555 3289 1960 4328">
    <p class='ocr_par' dir='ltr' id='par_1_4' title="bbox 555 3289 1960 4328">
     <span class='ocr_line' id='line_1_24' title="bbox 559 3289 1956 3379; baseline 0.011 -24"><span class='ocrx_word' id='word_1_212' title='bbox 559 3320 587 3379; x_wconf 89' lang='lat'>7.</span> <span class='ocrx_word' id='word_1_213' title='bbox 603 3317 707 3359; x_wconf 80' lang='lat' dir='ltr'>rorr.</span> <span class='ocrx_word' id='word_1_214' title='bbox 727 3294 807 3360; x_wconf 76' lang='lat' dir='ltr'>leid.</span> <span class='ocrx_word' id='word_1_215' title='bbox 822 3293 969 3359; x_wconf 80' lang='lat' dir='ltr'>l.b.i.m.</span> <span class='ocrx_word' id='word_1_216' title='bbox 984 3314 1016 3357; x_wconf 90' lang='lat' dir='ltr'>n.</span> <span class='ocrx_word' id='word_1_217' title='bbox 1035 3290 1139 3362; x_wconf 60' lang='lat' dir='ltr'>Buri·</span> <span class='ocrx_word' id='word_1_218' title='bbox 1158 3289 1257 3352; x_wconf 73' lang='lat' dir='ltr'>vtt&#39;lt&#39;l·</span> <span class='ocrx_word' id='word_1_219' title='bbox 1274 3291 1399 3359; x_wconf 69' lang='lat' dir='ltr'>vertitur</span> <span class='ocrx_word' id='word_1_220' title='bbox 1418 3292 1519 3367; x_wconf 64' lang='lat' dir='ltr'>emt.</span> <span class='ocrx_word' id='word_1_221' title='bbox 1539 3294 1635 3360; x_wconf 80' lang='lat' dir='ltr'>Turio.</span> <span class='ocrx_word' id='word_1_222' title='bbox 1655 3296 1741 3367; x_wconf 76' lang='lat' dir='ltr'>bern,</span> <span class='ocrx_word' id='word_1_223' title='bbox 1755 3324 1781 3361; x_wconf 92' lang='grc' dir='ltr'>ι.</span> <span class='ocrx_word' id='word_1_224' title='bbox 1801 3303 1879 3364; x_wconf 69' lang='lat' dir='ltr'>leid·</span> <span class='ocrx_word' id='word_1_225' title='bbox 1894 3328 1956 3370; x_wconf 68' lang='lat' dir='ltr'>ac.</span> 
     </span>
     <span class='ocr_line' id='line_1_25' title="bbox 555 3394 1957 3497; baseline 0.006 -37"><span class='ocrx_word' id='word_1_226' title='bbox 555 3423 582 3462; x_wconf 85' lang='lat' dir='ltr'>o.</span> <span class='ocrx_word' id='word_1_227' title='bbox 594 3404 651 3486; x_wconf 72' lang='lat' dir='ltr'>ig.</span> <span class='ocrx_word' id='word_1_228' title='bbox 662 3399 732 3461; x_wconf 72' lang='lat' dir='ltr'>lnlr.</span> <span class='ocrx_word' id='word_1_229' title='bbox 759 3400 834 3461; x_wconf 82' lang='lat' dir='ltr'>illud</span> <span class='ocrx_word' id='word_1_230' title='bbox 850 3400 982 3459; x_wconf 80' lang='lat' dir='ltr'>rrrelioros</span> <span class='ocrx_word' id='word_1_231' title='bbox 995 3396 1091 3469; x_wconf 71' lang='lat' dir='ltr'>nivii,</span> <span class='ocrx_word' id='word_1_232' title='bbox 1112 3396 1246 3469; x_wconf 69' lang='lat' dir='ltr'>amun,</span> <span class='ocrx_word' id='word_1_233' title='bbox 1263 3394 1357 3457; x_wconf 79' lang='lat' dir='ltr'>couti</span> <span class='ocrx_word' id='word_1_234' title='bbox 1379 3399 1565 3461; x_wconf 81' lang='lat' dir='ltr'>continuant.</span> <span class='ocrx_word' id='word_1_235' title='bbox 1586 3422 1657 3463; x_wconf 79' lang='lat' dir='ltr'>num</span> <span class='ocrx_word' id='word_1_236' title='bbox 1676 3413 1791 3467; x_wconf 78' lang='lat' dir='ltr'>mutare</span> <span class='ocrx_word' id='word_1_237' title='bbox 1805 3407 1838 3468; x_wconf 82' lang='lat' dir='ltr'>id</span> <span class='ocrx_word' id='word_1_238' title='bbox 1854 3407 1917 3468; x_wconf 83' lang='lat' dir='ltr'>Bas.</span> <span class='ocrx_word' id='word_1_239' title='bbox 1934 3432 1957 3497; x_wconf 30' lang='grc' dir='ltr'>ι..</span> 
     </span>
     <span class='ocr_line' id='line_1_26' title="bbox 557 3498 1958 3585; baseline 0.006 -22"><span class='ocrx_word' id='word_1_240' title='bbox 557 3515 673 3565; x_wconf 74' lang='lat' dir='ltr'>mutare</span> <span class='ocrx_word' id='word_1_241' title='bbox 687 3512 821 3585; x_wconf 77' lang='lat' dir='ltr'>praterea</span> <span class='ocrx_word' id='word_1_242' title='bbox 843 3500 974 3563; x_wconf 83' lang='lat' dir='ltr'>scribunt</span> <span class='ocrx_word' id='word_1_243' title='bbox 994 3507 1097 3565; x_wconf 64' lang='lat' dir='ltr'>Frena</span> <span class='ocrx_word' id='word_1_244' title='bbox 1117 3498 1256 3571; x_wconf 72' lang='lat' dir='ltr'>court.</span> <span class='ocrx_word' id='word_1_245' title='bbox 1275 3520 1330 3561; x_wconf 87' lang='grc' dir='ltr'>ιι.-</span> <span class='ocrx_word' id='word_1_246' title='bbox 1347 3509 1377 3561; x_wconf 81' lang='lat' dir='ltr'>et</span> <span class='ocrx_word' id='word_1_247' title='bbox 1387 3502 1520 3583; x_wconf 78' lang='lat' dir='ltr'>pericula</span> <span class='ocrx_word' id='word_1_248' title='bbox 1538 3504 1656 3567; x_wconf 63' lang='lat' dir='ltr'>Laide</span> <span class='ocrx_word' id='word_1_249' title='bbox 1676 3508 1738 3569; x_wconf 74' lang='lat' dir='ltr'>Bu.</span> <span class='ocrx_word' id='word_1_250' title='bbox 1750 3532 1775 3569; x_wconf 92' lang='lat' dir='ltr'>r.</span> <span class='ocrx_word' id='word_1_251' title='bbox 1795 3522 1883 3573; x_wconf 70' lang='lat' dir='ltr'>noret</span> <span class='ocrx_word' id='word_1_252' title='bbox 1906 3512 1958 3572; x_wconf 79' lang='lat' dir='ltr'>Fa·</span> 
     </span>
     <span class='ocr_line' id='line_1_27' title="bbox 557 3603 1960 3687; baseline 0.008 -21"><span class='ocrx_word' id='word_1_253' title='bbox 557 3607 629 3668; x_wconf 81' lang='lat' dir='ltr'>brr&#39;e.</span> <span class='ocrx_word' id='word_1_254' title='bbox 650 3608 709 3670; x_wconf 86' lang='lat' dir='ltr'>ino.</span> <span class='ocrx_word' id='word_1_255' title='bbox 727 3626 755 3666; x_wconf 81' lang='lat' dir='ltr'>a.</span> <span class='ocrx_word' id='word_1_256' title='bbox 774 3606 870 3667; x_wconf 86' lang='lat' dir='ltr'>Senat.</span> <span class='ocrx_word' id='word_1_257' title='bbox 884 3626 913 3665; x_wconf 79' lang='lat' dir='ltr'>a.</span> <span class='ocrx_word' id='word_1_258' title='bbox 934 3604 1034 3665; x_wconf 73' lang='lat' dir='ltr'>lleusr.</span> <span class='ocrx_word' id='word_1_259' title='bbox 1054 3605 1123 3667; x_wconf 81' lang='lat' dir='ltr'>vin.</span> <span class='ocrx_word' id='word_1_260' title='bbox 1139 3623 1167 3664; x_wconf 83' lang='lat' dir='ltr'>a.</span> <span class='ocrx_word' id='word_1_261' title='bbox 1187 3603 1362 3667; x_wconf 75' lang='lat' dir='ltr'>monitorem</span> <span class='ocrx_word' id='word_1_262' title='bbox 1377 3605 1425 3667; x_wconf 73' lang='lat' dir='ltr'>sut</span> <span class='ocrx_word' id='word_1_263' title='bbox 1439 3608 1528 3687; x_wconf 63' lang='lat' dir='ltr'>(filori</span> <span class='ocrx_word' id='word_1_264' title='bbox 1547 3608 1630 3670; x_wconf 81' lang='lat' dir='ltr'>Febr.</span> <span class='ocrx_word' id='word_1_265' title='bbox 1650 3613 1748 3675; x_wconf 79' lang='lat' dir='ltr'>Turio.</span> <span class='ocrx_word' id='word_1_266' title='bbox 1768 3616 1854 3678; x_wconf 84' lang='lat' dir='ltr'>Beru.</span> <span class='ocrx_word' id='word_1_267' title='bbox 1870 3639 1899 3679; x_wconf 91' lang='grc' dir='ltr'>ι.</span> <span class='ocrx_word' id='word_1_268' title='bbox 1918 3616 1960 3677; x_wconf 84' lang='lat' dir='ltr'>sui</span> 
     </span>
     <span class='ocr_line' id='line_1_28' title="bbox 557 3706 1957 3791; baseline 0.009 -20"><span class='ocrx_word' id='word_1_269' title='bbox 557 3732 618 3771; x_wconf 86' lang='lat' dir='ltr'>om.</span> <span class='ocrx_word' id='word_1_270' title='bbox 640 3712 708 3772; x_wconf 84' lang='lat' dir='ltr'>Vin.</span> <span class='ocrx_word' id='word_1_271' title='bbox 729 3710 932 3791; x_wconf 79' lang='lat' dir='ltr'>imperatorem</span> <span class='ocrx_word' id='word_1_272' title='bbox 951 3710 1019 3771; x_wconf 80' lang='lat' dir='ltr'>iuss.</span> <span class='ocrx_word' id='word_1_273' title='bbox 1037 3710 1110 3773; x_wconf 76' lang='lat' dir='ltr'>vm.</span> <span class='ocrx_word' id='word_1_274' title='bbox 1127 3730 1154 3770; x_wconf 85' lang='grc' dir='ltr'>ι.</span> <span class='ocrx_word' id='word_1_275' title='bbox 1182 3706 1323 3790; x_wconf 76' lang='lat' dir='ltr'>irimpcr.</span> <span class='ocrx_word' id='word_1_276' title='bbox 1339 3708 1433 3770; x_wconf 77' lang='lat' dir='ltr'>olium</span> <span class='ocrx_word' id='word_1_277' title='bbox 1448 3732 1476 3791; x_wconf 78' lang='lat' dir='ltr'>q.</span> <span class='ocrx_word' id='word_1_278' title='bbox 1501 3712 1570 3777; x_wconf 70' lang='lat' dir='ltr'>Vm.</span> <span class='ocrx_word' id='word_1_279' title='bbox 1584 3735 1610 3773; x_wconf 91' lang='lat' dir='ltr'>r.</span> <span class='ocrx_word' id='word_1_280' title='bbox 1629 3713 1691 3781; x_wconf 78' lang='lat' dir='ltr'>Bm.</span> <span class='ocrx_word' id='word_1_281' title='bbox 1710 3740 1736 3778; x_wconf 91' lang='grc' dir='ltr'>ι.</span> <span class='ocrx_word' id='word_1_282' title='bbox 1762 3722 1823 3781; x_wconf 81' lang='lat' dir='ltr'>ine.</span> <span class='ocrx_word' id='word_1_283' title='bbox 1840 3742 1867 3783; x_wconf 84' lang='lat' dir='ltr'>a.</span> <span class='ocrx_word' id='word_1_284' title='bbox 1897 3722 1957 3782; x_wconf 68' lang='lat' dir='ltr'>tea</span> 
     </span>
     <span class='ocr_line' id='line_1_29' title="bbox 555 3812 1953 3910; baseline 0.013 -38"><span class='ocrx_word' id='word_1_285' title='bbox 555 3813 801 3896; x_wconf 53' lang='lat' dir='ltr'>Goelllrgaa.</span> <span class='ocrx_word' id='word_1_286' title='bbox 821 3814 898 3873; x_wconf 49' lang='lat' dir='ltr'>¹llario</span> <span class='ocrx_word' id='word_1_287' title='bbox 909 3812 941 3872; x_wconf 87' lang='lat' dir='ltr'>b.</span> <span class='ocrx_word' id='word_1_288' title='bbox 956 3835 983 3873; x_wconf 84' lang='lat' dir='ltr'>c.</span> <span class='ocrx_word' id='word_1_289' title='bbox 1004 3812 1030 3875; x_wconf 79' lang='lat' dir='ltr'>is</span> <span class='ocrx_word' id='word_1_290' title='bbox 1049 3832 1110 3878; x_wconf 88' lang='lat' dir='ltr'>om.</span> <span class='ocrx_word' id='word_1_291' title='bbox 1130 3813 1210 3879; x_wconf 80' lang='lat' dir='ltr'>Vrat.</span> <span class='ocrx_word' id='word_1_292' title='bbox 1226 3835 1252 3875; x_wconf 92' lang='grc' dir='ltr'>ι.</span> <span class='ocrx_word' id='word_1_293' title='bbox 1271 3814 1328 3875; x_wconf 75' lang='lat' dir='ltr'>orbi</span> <span class='ocrx_word' id='word_1_294' title='bbox 1336 3825 1451 3895; x_wconf 71' lang='lat' dir='ltr'>quaerut</span> <span class='ocrx_word' id='word_1_295' title='bbox 1467 3816 1552 3883; x_wconf 78' lang='lat' dir='ltr'>Bor-n.</span> <span class='ocrx_word' id='word_1_296' title='bbox 1569 3841 1594 3879; x_wconf 93' lang='grc' dir='ltr'>ι.</span> <span class='ocrx_word' id='word_1_297' title='bbox 1620 3829 1718 3903; x_wconf 74' lang='lat' dir='ltr'>retego</span> <span class='ocrx_word' id='word_1_298' title='bbox 1732 3825 1793 3887; x_wconf 80' lang='lat' dir='ltr'>seio</span> <span class='ocrx_word' id='word_1_299' title='bbox 1810 3830 1953 3910; x_wconf 80' lang='lat' dir='ltr'>sicrulgo-</span> 
     </span>
     <span class='ocr_line' id='line_1_30' title="bbox 556 3916 1955 4003; baseline 0.012 -25"><span class='ocrx_word' id='word_1_300' title='bbox 556 3918 643 3998; x_wconf 77' lang='lat' dir='ltr'>etqui</span> <span class='ocrx_word' id='word_1_301' title='bbox 654 3917 725 3981; x_wconf 77' lang='lat' dir='ltr'>Tur.</span> <span class='ocrx_word' id='word_1_302' title='bbox 745 3937 853 3979; x_wconf 59' lang='lat' dir='ltr'>maee-</span> <span class='ocrx_word' id='word_1_303' title='bbox 873 3926 959 3997; x_wconf 68' lang='lat' dir='ltr'>atqu</span> <span class='ocrx_word' id='word_1_304' title='bbox 976 3918 1064 3999; x_wconf 86' lang='lat' dir='ltr'>pauoi</span> <span class='ocrx_word' id='word_1_305' title='bbox 1078 3916 1114 3976; x_wconf 77' lang='lat' dir='ltr'>(l.</span> <span class='ocrx_word' id='word_1_306' title='bbox 1130 3916 1208 3977; x_wconf 84' lang='lat' dir='ltr'>libri.</span> <span class='ocrx_word' id='word_1_307' title='bbox 1227 3916 1544 4003; x_wconf 56' lang='lat' dir='ltr'>tatdgbtktm.</span> <span class='ocrx_word' id='word_1_308' title='bbox 1565 3927 1692 3987; x_wconf 61' lang='lat' dir='ltr'>Perua.</span> <span class='ocrx_word' id='word_1_309' title='bbox 1705 3928 1810 3998; x_wconf 71' lang='lat' dir='ltr'>bae.</span> <span class='ocrx_word' id='word_1_310' title='bbox 1830 3933 1886 3999; x_wconf 81' lang='lat' dir='ltr'>Erl.</span> <span class='ocrx_word' id='word_1_311' title='bbox 1900 3934 1955 4001; x_wconf 76' lang='lat' dir='ltr'>Bar.</span> 
     </span>
     <span class='ocr_line' id='line_1_31' title="bbox 563 4020 1952 4118; baseline 0.008 -33"><span class='ocrx_word' id='word_1_312' title='bbox 563 4047 590 4085; x_wconf 89' lang='grc' dir='ltr'>ι.</span> <span class='ocrx_word' id='word_1_313' title='bbox 602 4024 630 4095; x_wconf 72' lang='lat' dir='ltr'>l.</span> <span class='ocrx_word' id='word_1_314' title='bbox 662 4022 790 4104; x_wconf 76' lang='lat' dir='ltr'>Quirites</span> <span class='ocrx_word' id='word_1_315' title='bbox 808 4042 870 4083; x_wconf 84' lang='lat' dir='ltr'>om.</span> <span class='ocrx_word' id='word_1_316' title='bbox 890 4021 959 4083; x_wconf 67' lang='lat' dir='ltr'>ttae</span> <span class='ocrx_word' id='word_1_317' title='bbox 979 4041 1057 4081; x_wconf 82' lang='lat' dir='ltr'>unus</span> <span class='ocrx_word' id='word_1_318' title='bbox 1070 4020 1183 4081; x_wconf 74' lang='lat' dir='ltr'>Wmii.</span> <span class='ocrx_word' id='word_1_319' title='bbox 1203 4022 1288 4099; x_wconf 69' lang='lat' dir='ltr'>faeti</span> <span class='ocrx_word' id='word_1_320' title='bbox 1303 4033 1382 4085; x_wconf 79' lang='lat' dir='ltr'>suut.</span> <span class='ocrx_word' id='word_1_321' title='bbox 1400 4034 1469 4085; x_wconf 79' lang='lat' dir='ltr'>suut</span> <span class='ocrx_word' id='word_1_322' title='bbox 1495 4046 1556 4089; x_wconf 88' lang='lat' dir='ltr'>om.</span> <span class='ocrx_word' id='word_1_323' title='bbox 1576 4028 1663 4091; x_wconf 84' lang='lat' dir='ltr'>Bern.</span> <span class='ocrx_word' id='word_1_324' title='bbox 1681 4054 1707 4094; x_wconf 90' lang='grc' dir='ltr'>ι.</span> <span class='ocrx_word' id='word_1_325' title='bbox 1729 4047 1864 4118; x_wconf 67' lang='lat' dir='ltr'>praeposo</span> <span class='ocrx_word' id='word_1_326' title='bbox 1878 4028 1952 4099; x_wconf 78' lang='lat' dir='ltr'>horr.</span> 
     </span>
     <span class='ocr_line' id='line_1_32' title="bbox 558 4122 1950 4209; baseline 0.01 -20"><span class='ocrx_word' id='word_1_327' title='bbox 558 4128 621 4189; x_wconf 76' lang='lat' dir='ltr'>nu.</span> <span class='ocrx_word' id='word_1_328' title='bbox 634 4126 700 4200; x_wconf 65' lang='lat' dir='ltr'>nl.</span> <span class='ocrx_word' id='word_1_329' title='bbox 719 4127 805 4189; x_wconf 74' lang='lat' dir='ltr'>nem.</span> <span class='ocrx_word' id='word_1_330' title='bbox 819 4124 882 4192; x_wconf 65' lang='lat' dir='ltr'>at.</span> <span class='ocrx_word' id='word_1_331' title='bbox 902 4134 1046 4205; x_wconf 75' lang='lat' dir='ltr'>qrwrruvn</span> <span class='ocrx_word' id='word_1_332' title='bbox 1059 4122 1120 4185; x_wconf 80' lang='lat' dir='ltr'>ritu</span> <span class='ocrx_word' id='word_1_333' title='bbox 1140 4126 1226 4187; x_wconf 81' lang='lat' dir='ltr'>Paris.</span> <span class='ocrx_word' id='word_1_334' title='bbox 1242 4126 1273 4193; x_wconf 89' lang='lat' dir='ltr'>b.</span> <span class='ocrx_word' id='word_1_335' title='bbox 1298 4128 1367 4189; x_wconf 82' lang='lat' dir='ltr'>Son.</span> <span class='ocrx_word' id='word_1_336' title='bbox 1383 4150 1409 4191; x_wconf 88' lang='grc' dir='ltr'>ι.</span> <span class='ocrx_word' id='word_1_337' title='bbox 1430 4128 1541 4209; x_wconf 69' lang='lat' dir='ltr'>Bebrio.</span> <span class='ocrx_word' id='word_1_338' title='bbox 1564 4155 1589 4196; x_wconf 87' lang='lat' dir='ltr'>r.</span> <span class='ocrx_word' id='word_1_339' title='bbox 1608 4134 1693 4199; x_wconf 79' lang='lat' dir='ltr'>Rem.</span> <span class='ocrx_word' id='word_1_340' title='bbox 1711 4160 1738 4200; x_wconf 91' lang='grc' dir='ltr'>ι.</span> <span class='ocrx_word' id='word_1_341' title='bbox 1760 4142 1857 4205; x_wconf 87' lang='lat' dir='ltr'>Guell.</span> <span class='ocrx_word' id='word_1_342' title='bbox 1873 4142 1900 4205; x_wconf 81' lang='lat'>3.</span> <span class='ocrx_word' id='word_1_343' title='bbox 1919 4162 1950 4203; x_wconf 76' lang='lat' dir='ltr'>er</span> 
     </span>
     <span class='ocr_line' id='line_1_33' title="bbox 555 4227 1951 4328; baseline 0.009 -35"><span class='ocrx_word' id='word_1_344' title='bbox 555 4254 613 4316; x_wconf 78' lang='lat' dir='ltr'>ego</span> <span class='ocrx_word' id='word_1_345' title='bbox 630 4230 726 4295; x_wconf 77' lang='lat' dir='ltr'>didici</span> <span class='ocrx_word' id='word_1_346' title='bbox 737 4230 894 4295; x_wconf 73' lang='lat' dir='ltr'>militando</span> <span class='ocrx_word' id='word_1_347' title='bbox 914 4228 974 4293; x_wconf 86' lang='lat' dir='ltr'>boe</span> <span class='ocrx_word' id='word_1_348' title='bbox 986 4227 1090 4292; x_wconf 77' lang='lat' dir='ltr'>ordine</span> <span class='ocrx_word' id='word_1_349' title='bbox 1101 4228 1250 4293; x_wconf 77' lang='lat' dir='ltr'>Gruterus.</span> <span class='ocrx_word' id='word_1_350' title='bbox 1269 4252 1303 4295; x_wconf 77' lang='lat' dir='ltr'>es</span> <span class='ocrx_word' id='word_1_351' title='bbox 1317 4254 1382 4295; x_wconf 84' lang='lat' dir='ltr'>om.</span> <span class='ocrx_word' id='word_1_352' title='bbox 1403 4232 1504 4300; x_wconf 73' lang='lat' dir='ltr'>Vinar.</span> <span class='ocrx_word' id='word_1_353' title='bbox 1515 4257 1543 4299; x_wconf 78' lang='lat' dir='ltr'>a.</span> <span class='ocrx_word' id='word_1_354' title='bbox 1561 4238 1675 4303; x_wconf 76' lang='lat' dir='ltr'>Vratisl.</span> <span class='ocrx_word' id='word_1_355' title='bbox 1687 4242 1717 4306; x_wconf 80' lang='lat'>3.</span> <span class='ocrx_word' id='word_1_356' title='bbox 1734 4248 1875 4328; x_wconf 69' lang='lat' dir='ltr'>pertirute</span> <span class='ocrx_word' id='word_1_357' title='bbox 1892 4248 1951 4309; x_wconf 73' lang='lat' dir='ltr'>llio.</span> 
     </span>
    </p>
   </div>
   <div class='ocr_carea' id='block_1_5' title="bbox 0 0 2030 5009">
    <p class='ocr_par' dir='ltr' id='par_1_5' title="bbox 0 0 2030 5009">
     <span class='ocr_line' id='line_1_34' title="bbox 0 0 2030 5009; baseline 0 1"><span class='ocrx_word' id='word_1_358' title='bbox 0 0 2030 5009; x_wconf 95' lang='lat' dir='ltr'> </span> 
     </span>
    </p>
   </div>
  </div>
 </body>
</html>
