4050 5009
1482 364 1557 455 203

157 526 294 609 itinere
315 532 414 613 fessis
431 538 627 633 omnibus3
649 538 754 615 Sulla
769 540 912 644 pariter
931 568 1021 617 cum
1045 556 1135 618 ortu
1146 536 1234 617 solis
1247 556 1367 617 castra
1383 542 1554 618 metaba-

156 668 243 743 tur,
266 648 386 761 quum
403 664 546 765 equites
557 664 686 739 Mauri
704 664 910 756 nunciant,
921 664 1148 770 Iugurtham
1161 664 1312 741 circiter
1328 658 1451 741 duum
1465 664 1555 757 rnil-

154 776 256 855 lium
277 782 475 862 intervallo
493 802 582 863 ante
599 812 659 863 eos
673 788 886 865 consedisse.
937 788 1055 887 Quod
1070 806 1273 894 postquam
1288 789 1553 882 auditumst,

154 918 244 981 tum
259 934 346 984 vero
372 910 504 1015 ingens
524 928 646 989 metus
663 928 808 988 nostros
828 912 976 988 invadit
996 944 1005 986 ε
1030 913 1184 989 credere
1203 914 1422 1017 sepmditos
1439 894 1552 991 Νο-

150 1024 244 1105 luce
266 1044 303 1107 et
319 1030 465 1111 insidiis
483 1036 765 1113 circumventos
810 1036 866 1110 Ac
881 1032 1003 1126 fuere,
1029 1036 1099 1139 qui
1118 1036 1309 1129 dicerent,
1331 1064 1453 1114 mauu
1470 1038 1554 1113 vin·

150 1148 366 1232 dicandum
379 1186 504 1262 neque
517 1159 620 1263 apud
634 1160 746 1235 illum
761 1173 913 1234 tantum
924 1160 1045 1235 scelus
1060 1159 1231 1236 inultum
1244 1160 1553 1264 relinquendum.

149 1278 205 1352 At
221 1278 337 1371 Sulla,
358 1310 593 1387 quamquam
605 1284 737 1361 eadem
747 1282 987 1375 memmabat‚
1006 1298 1134 1359 umen
1149 1285 1199 1358 ab
1212 1284 1356 1361 iniuria
1369 1284 1551 1364 Maurum
1563 1322 1619 1385 ¹07

149 1405 354 1511 prohibet:
378 1433 465 1484 suos
484 1410 678 1497 hortatur,
705 1407 764 1483 uti
784 1406 922 1483 fortem
936 1406 1112 1482 animum
1128 1424 1327 1512 gererent:
1349 1434 1447 1515 saepe
1464 1427 1554 1488 ante

151 1532 288 1634 paucis
303 1532 465 1609 strenuis
483 1531 684 1609 advorsum
709 1530 1000 1608 multitudinem
1021 1531 1119 1607 bene
1137 1549 1381 1637 pugnatum:
1406 1554 1553 1637 qsranto

150 1656 227 1731 sibi
250 1658 292 1732 in
316 1658 447 1765 praelio
471 1658 599 1733 minus
611 1654 882 1763 pepercissent,
908 1670 1016 1731 tanto
1032 1654 1189 1732 tutiores
1206 1655 1314 1733 fore:
1340 1683 1411 1733 nec
1423 1685 1556 1762 quem-

153 1809 275 1883 quam
296 1783 443 1873 decere,
469 1782 537 1886 qui
557 1804 694 1857 manus
712 1779 931 1869 armaverit,
951 1778 1001 1853 ab
1019 1779 1174 1855 inermis
1193 1778 1355 1885 pedibus
1366 1783 1556 1863 auxilium

151 1923 302 2010 petere,
328 1908 369 1983 in
391 1930 571 1983 maxumo
588 1920 694 1981 metu
717 1900 870 1981 nudum
887 1918 925 1981 et
947 1928 1091 1979 cacum
1111 1929 1249 2009 corpus
1263 1904 1314 1980 ad
1334 1902 1452 1985 hostis
1468 1936 1556 1987 roa.

153 2045 243 2107 tere
292 2032 442 2108 Deinde
461 2032 670 2121 Volucem,
696 2027 881 2132 quoniam
901 2024 1055 2103 hostilia
1082 2026 1242 2119 faceret,
1265 2030 1394 2106 Iovem
1421 2046 1556 2109 maxu-

153 2182 266 2231 mum
291 2157 513 2247 obtestatus,
545 2170 591 2229 ut
608 2152 754 2229 sceleris
774 2166 890 2257 atque
910 2150 1080 2256 perfidiae
1102 2150 1241 2228 Bocchi
1267 2154 1369 2230 testis
1394 2152 1554 2250 adesset,

154 2304 200 2355 ex
222 2281 351 2357 castris
367 2281 472 2355 abire
492 2279 608 2355 iubet
656 2277 728 2353 Ille
753 2276 970 2353 lacrumans
987 2302 1112 2367 orare,
1134 2302 1185 2352 ne
1204 2302 1248 2353 ea
1274 2276 1467 2355 crederet:
1494 2281 1556 2359 ni-

156 2402 215 2481 hil
236 2405 325 2482 dolo
348 2404 494 2481 sactum
506 2462 515 2495 ‚
529 2430 574 2479 ac
592 2400 709 2507 magis
729 2380 938 2476 calliditate
959 2396 1178 2505 Iugurthae,
1202 2400 1266 2476 cui
1281 2400 1457 2480 videlicet
1472 2430 1555 2511 spe-

155 2529 305 2607 culanti
326 2528 397 2604 iter
419 2554 533 2604 suurn
548 2525 745 2631 cognitum
765 2538 865 2599 esset
916 2524 1110 2613 Ceterum,
1136 2524 1321 2627 quoniam
1345 2552 1471 2633 neque
1496 2528 1557 2609 in.

157 2670 308 2759 gentem
326 2650 615 2728 multitudinem
635 2646 814 2737 haberet,
838 2660 877 2722 et
889 2670 972 2750 spes
992 2671 1156 2750 opesque
1181 2648 1262 2725 eius
1287 2676 1333 2726 ex
1351 2668 1460 2756 patre
1485 2681 1555 2734 suo

154 2776 391 2881 penderent,
415 2774 566 2851 credere
587 2772 700 2861 illum
719 2768 820 2845 nihil
836 2770 966 2875 palam
981 2796 1183 2863 ausurum,
1208 2800 1331 2876 quum
1356 2775 1437 2881 ipe
1454 2777 1556 2857 filins
1607 2844 1611 2849 .

159 2901 259 2977 testis
279 2898 444 2977 adesset:
472 2924 592 3001 quare
611 2913 815 3001 optumum
832 2893 978 2971 factum
997 2894 1137 2986 videri,
1161 2923 1231 3001 per
1247 2898 1372 2973 media
1394 2901 1475 2979 eius
1496 2930 1558 2980 ca·

37 3086 38 3089 Ἴ
160 3106 243 3175 Paris.
259 3106 321 3168 Bas.
330 3106 358 3179 d.
378 3104 448 3166 Tur.
469 3105 554 3165 Bern.
567 3126 593 3163 1.
615 3122 661 3165 ess
681 3122 742 3168 om.
763 3100 851 3161 Palas.
865 3119 893 3161 2.
913 3102 992 3179 quod
1005 3108 1160 3181 postquam
1172 3100 1308 3163 nuditmn
1321 3114 1362 3166 m
1375 3126 1437 3168 om,
1458 3107 1557 3170 culs,

161 3237 189 3293 7.
210 3234 240 3276 se
253 3214 398 3295 proditos.
418 3232 447 3273 se
462 3232 524 3271 om.
541 3210 626 3271 Rem.
648 3208 745 3273 Guell.
760 3205 827 3267 1.3.
847 3204 981 3267 Senatu
1002 3204 1102 3265 Hense.

242 3342 316 3424 Cup.
339 3363 405 3424 ¹⁰7·
431 3342 534 3401 ecdem
548 3339 716 3401 curmabat
742 3336 839 3396 Senat.
860 3356 886 3395 1.
907 3337 996 3397 Palat.
1016 3356 1042 3396 a.
1057 3334 1086 3407 d.
1103 3336 1133 3397 6.
1154 3340 1227 3421 Reg-
1246 3338 1407 3401 mamasac
1425 3339 1510 3403 Rern.
1526 3364 1557 3406 ι.

161 3448 228 3511 t'in.
243 3470 270 3510 a.
289 3450 386 3509 Scnat.
402 3468 429 3507 a.
450 3445 550 3505 Hense.
569 3444 649 3507 Vrat.
669 3463 696 3502 a.
712 3444 741 3507 ὅ.
762 3438 952 3499 autumabat
970 3440 1054 3501 seru.
1074 3463 1101 3503 i.
1127 3442 1310 3503 eeistr’mubat
1335 3449 1432 3507 ceteri.
1449 3451 1556 3528 prohi-

161 3554 243 3615 bebat
262 3552 347 3615 Bam.
362 3574 387 3612 r.
407 3552 477 3611 Tur.
497 3557 603 3629 gerant
622 3547 702 3611 Leid.
713 3544 744 3604 b.
753 3567 794 3605 m.
814 3544 883 3605 vin.
898 3564 924 3604 a.
945 3544 1029 3610 Bern.
1046 3566 1070 3611 1.
1082 3546 1112 3607 3.
1131 3550 1332 3630 artmpaacis
1350 3552 1418 3613 Seu.
1433 3574 1458 3612 1.
1470 3552 1557 3615 Febr.

165 3680 192 3725 a.
222 3659 321 3720 Gneli.
334 3655 364 3718 3.
376 3677 406 3737 9.
428 3674 482 3715 nec
498 3656 600 3715 decere
618 3672 701 3733 quem
718 3670 822 3709 munus
842 3649 918 3709 Edit.
935 3651 1081 3733 princeps.
1107 3666 1192 3731 quem
1213 3674 1317 3716 manus
1335 3656 1440 3719 Fraus.
1461 3658 1558 3721 uuest

168 3786 212 3833 ιι.
234 3763 310 3825 Edd.
323 3772 380 3827 ret.
399 3759 481 3821 leid.
497 3782 539 3818 m.
549 3778 580 3819 n.
601 3755 687 3816 Bern.
702 3775 728 3815 1.
747 3754 845 3813 Turis.
866 3772 971 3813 manus
986 3754 1038 3833 qui
1055 3755 1151 3820 Guell.
1162 3756 1191 3827 l.
1212 3760 1254 3818 cd
1271 3759 1382 3821 hostem
1397 3772 1472 3829 vert.
1491 3765 1559 3826 Seu.

168 3892 193 3932 ι.
214 3870 296 3933 Laid,
310 3889 342 3927 n.
354 3868 491 3946 secante
512 3863 589 3943 uque
604 3860 703 3923 lovem
715 3878 856 3938 mugmun
884 3858 981 3919 Guell.
993 3860 1023 3930 4.
1053 3858 1117 3920 loe.
1135 3880 1276 3941 mugitum
1295 3866 1382 3924 etiam
1396 3866 1457 3933 Erl.
1477 3890 1559 3929 max.

165 3974 225 4039 loc.
245 3974 313 4038 Vin.
327 3993 354 4039 a.
375 3971 472 4035 Gueli.
487 3990 512 4029 r.
533 3968 583 4028 alii
595 3967 699 4027 ducex
713 3962 794 4024 Cort.
814 3963 964 4025 arsamis
980 3963 1099 4024 Gmteri
1107 3964 1184 4025 libri.
1206 3967 1326 4029 Fabm.
1346 3970 1557 4037 Sti-ndreae.

168 4078 261 4143 Guelf.
276 4101 301 4142 ι,
314 4078 344 4140 3.
355 4078 384 4141 6.
404 4062 486 4137 aaut.
501 4093 528 4134 a.
549 4072 630 4155 Berg.
651 4066 832 4151 leidglni.
853 4068 894 4127 sic
914 4065 1012 4128 Pcmb.
1031 4068 1122 4128 Marl.
1137 4082 1173 4133 Λ.
1195 4068 1279 4131 eost.
1300 4071 1372 4155 λος.
1392 4073 1452 4137 ni.
1472 4076 1557 4140 Ber-n,

171 4208 195 4253 ι,
213 4186 310 4249 Turio.
330 4204 421 4267 prsep.
436 4200 496 4240 om.
512 4177 608 4239 ceteri.
628 4192 716 4235 orare
735 4194 796 4233 cm.
816 4171 914 4231 Turio.
934 4180 966 4230 at
987 4172 1083 4252 tnagis
1099 4194 1176 4233 unus
1191 4174 1275 4233 Paris.
1296 4176 1346 4236 cui
1362 4177 1498 4241 videlieet
1516 4203 1557 4263 sp.

167 4293 252 4355 videl.
277 4312 339 4353 cm.
359 4272 472 4356 lubrie.
492 4304 519 4346 a.
539 4298 658 4363 opesque
668 4278 731 4340 eius
748 4298 836 4361 pron.
854 4297 915 4337 om.
937 4275 1022 4337 Beru-
1040 4297 1066 4336 ι.
1087 4276 1156 4339 Tur.
1173 4280 1294 4341 crcclm
1315 4279 1408 4343 ἰιᾶωι.
1428 4287 1559 4348 emtam

1043 4380 1069 4438 *
