4050 5009
2899 409 3048 484 229

277 567 511 670 gloriae
531 570 932 651 demiserat
950 630 971 664 ‚
1022 597 1377 649 maxume
1427 570 1637 677 apud
1675 589 1954 650 veteres
1985 589 2061 649 et
2111 590 2407 649 sanctos
2448 572 2646 647 viros
2661 624 2684 660 ,
2717 566 3044 672 superba

276 692 699 801 illa,gravia
720 756 739 788 ‚
771 697 1088 803 indigna
1115 700 1457 776 Romano
1484 696 1804 801 imperio
1832 698 2383 774 existumantes.
2430 739 2533 754 ·-—
2579 707 2698 789 42.
2745 692 3049 768 Ruunt—

275 845 412 922 que
444 847 617 924 pars
653 848 927 927 magna
958 823 1269 897 suismet
1319 836 1457 895 aut
1495 847 2050 924 proxumorum
2095 823 2261 899 telis
2284 881 2304 914 ‚
2342 819 2568 898 ceteri
2614 817 2779 894 vice
2825 840 3039 920 peco-

275 970 434 1019 rum
480 946 1161 1021 obtruncabantur.
1209 990 1311 1004 —
1374 952 1491 1039 45.
1548 947 1966 1023 Occurrere
2004 948 2185 1023 duci
2249 964 2325 1023 et
2368 944 2719 1050 praelium
2782 965 3052 1015 accen·-

272 1067 473 1161 dere,
520 1069 714 1147 adeo
782 1072 898 1146 uti
948 1069 1256 1147 Metello
1304 1068 1386 1144 in
1441 1057 1705 1175 sagum
1733 1128 1752 1160 ,
1829 1071 2210 1148 Hirtuleio
2270 1072 2352 1144 in
2417 1065 2826 1146 brachium
2899 1062 3048 1139 tela

268 1195 613 1271 venirent.
667 1242 767 1259 --
814 1203 931 1289 44.
982 1194 1392 1297 Avidisque
1430 1194 1538 1269 ita
1605 1196 2078 1299 promtisque
2132 1197 2456 1272 ducibus
2480 1254 2499 1286 ‚
2544 1192 2662 1268 uti
2699 1188 3050 1266 Metellus

272 1316 421 1392 ictu
462 1318 777 1423 traguloe
818 1318 1303 1394 sauciaretur.
1350 1363 1453 1379 -·-
1501 1318 1622 1412 45.
1669 1319 1815 1396 Sed
1869 1320 2219 1397 Metellus
2265 1320 2348 1395 in
2397 1318 2720 1395 volnere.
2766 1354 2881 1371 --
2929 1312 3055 1406 46.

272 1442 507 1519 Primo
567 1442 843 1517 incidit
896 1441 1091 1517 forte
1135 1467 1364 1545 super
1414 1459 1717 1518 noctem
1770 1444 1853 1518 in
1900 1444 2324 1521 lenunculo
2358 1441 2732 1548 piscantis.
2783 1479 2882 1495 —
2930 1443 3053 1534 47.

272 1566 376 1640 Ad
408 1565 555 1642 hoc
597 1593 843 1671 pauca
900 1566 1241 1670 piraticae
1285 1565 1639 1672 adiungit
1681 1569 2020 1643 actuaria
2076 1570 2394 1673 navigia.
2448 1614 2549 1630 --
2595 1568 2716 1658 48.
2767 1561 3052 1636 Omnia

273 1708 542 1767 sacrata
590 1717 909 1795 corpora
956 1691 1039 1765 in
1085 1705 1328 1765 ratem
1361 1689 1811 1796 imposuisse.
1836 1741 1937 1755 —
1984 1700 2102 1790 49.
2152 1694 2339 1768 Suos
2384 1688 2675 1795 equites
2704 1683 3056 1760 hortatus

275 1816 451 1891 vado
478 1815 943 1894 transmittit.
993 1859 1095 1877 —
1148 1813 1261 1889 5ο.
1312 1814 1483 1887 Ictu
1506 1840 1813 1905 eorum,
1864 1815 2003 1918 qui
2048 1816 2134 1890 in
2165 1815 2491 1893 flumine
2525 1811 2886 1898 ruebant,
2921 1833 3058 1883 ne-

278 1939 655 2016 cabantur.
704 1982 809 2001 —
847 1938 962 2014 51.
1016 1937 1530 2013 Circumventi
1564 1936 1857 2028 dextra,
1902 1938 2116 2014 unde
2152 1939 2443 2016 ferrum
2470 1953 2660 2025 erat,
2706 1959 2884 2009 saxa
2921 1946 3059 2007 aut

272 2063 447 2166 quid
510 2064 660 2140 tale
720 2078 956 2166 caput
1017 2059 1496 2165 adfligebant.
1549 2107 1650 2122 —
1731 2060 1846 2138 52.
1897 2062 2044 2138 Sed
2109 2063 2462 2141 Metellus
2534 2060 2619 2134 in
2697 2055 3065 2132 ulteriore

277 2187 674 2290 provincia.
723 2232 826 2251 -
874 2185 987 2261 53.
1039 2188 1381 2260 Immane
1440 2201 1827 2286 quantum
1894 2187 2137 2264 animi
2207 2210 2556 2265 exarsere.
2604 2224 2703 2241 -
2778 2177 2892 2273 54.
2958 2181 3061 2252 At

277 2309 429 2402 illi,
477 2310 759 2415 quibus
798 2334 912 2383 res
968 2308 1356 2413 incognita
1412 2327 1606 2400 erat,
1656 2338 1877 2386 ruere
1928 2313 2190 2389 cuncti
2225 2314 2324 2388 ad
2372 2326 2626 2418 portas
2681 2300 3064 2378 inconditi

283 2435 586 2511 tendere.
638 2476 741 2493 -
789 2431 904 2509 55.
956 2434 1273 2507 Murum
1303 2432 1401 2506 ab
1440 2433 1723 2537 angulo
1763 2433 2007 2511 dextri
2039 2435 2291 2514 lateris
2330 2436 2428 2514 ad
2461 2428 2823 2542 paludem
2849 2424 3067 2502 baud

278 2561 532 2664 procul
563 2574 932 2637 remotam
966 2556 1206 2632 duxit.

1424 2783 1613 2855 Lm.
1714 2783 1880 2858 ΙΙΙ.

461 2927 531 3008 ἰ.
584 2929 1104 3033 Exaudirique
1133 2953 1361 3004 sonus
1393 2927 2119 3005 Bacchanaliorum.'
2145 2975 2246 2995 --
2297 2961 2361 3013 2.
2412 2939 2767 3036 Divorsa‚
2816 2947 2934 3025 uti
2951 2975 3068 3027 so-

282 3053 377 3130 let
435 3056 657 3133 rebus
717 3055 1069 3162 perditis,
1124 3070 1567 3158 capessunt:
1619 3080 1953 3157 namque
2002 3056 2136 3132 alii
2185 3059 2464 3140 fiducia
2520 3070 2915 3172 gnaritatis
2954 3074 3071 3149 lo-

285 3208 533 3258 corum
562 3183 647 3256 in
706 3180 1088 3257 occultam
1131 3179 1392 3285 fugam
1454 3177 1737 3281 sparsi3
1804 3178 1937 3253 alii
1986 3178 2228 3284 globis
2279 3180 2760 3294 eruptionem
2827 3210 3075 3301 temp-

291 3386 381 3462 13,
408 3389 463 3448 8.
502 3386 602 3447 sed
629 3404 740 3466 pro
773 3381 984 3444 {nexuit
1003 3424 1022 3458 ,
1051 3381 1262 3443 indicit
1298 3386 1390 3444 vel
1424 3383 1652 3444 inducit
1684 3386 1931 3467 legitur5
1972 3410 2083 3468 pro
2122 3412 2293 3471 super
2331 3392 2534 3454 Carrio
2560 3417 2670 3477 per·
2676 3420 2704 3474 3
2747 3402 3068 3464 ranuncula

285 3492 551 3552 idem.—-
603 3491 702 3571 47.
743 3488 899 3549 Non.
943 3493 1230 3569 13,9.—
1269 3487 1366 3558 48.
1412 3486 1481 3545 C.
1520 3493 1612 3548 Fr.
1655 3488 1793 3568 imp.
1834 3523 1917 3537 -
1972 3493 2070 3572 49.
2112 3493 2196 3553 id.
2237 3505 2485 3559 transm.
2529 3533 2612 3548 —-
2655 3504 2750 3564 50.
2791 3504 2947 3566 Don.
2988 3508 3069 3568 ad

285 3596 572 3677 Adelph.3
595 3636 616 3667 ‚
654 3616 721 3669 2,
756 3615 849 3653 2ι.
889 3626 972 3640 -
1032 3594 1128 3652 5ι.
1173 3592 1243 3651 C.
1268 3592 1363 3651 Fr.
1403 3593 1654 3670 adflicti.
1684 3595 1865 3675 capiti
1893 3600 2089 3678 vulgo.
2129 3632 2212 3645 —
2273 3601 2369 3660 52.
2408 3600 2566 3664 Don.
2603 3606 2683 3666 ad
2716 3606 2951 3676 Phorm.
3000 3633 3023 3671 1
3037 3654 3074 3688 o

289 3701 351 3775 A,
387 3704 472 3762 15·
510 3735 594 3750 —
658 3698 753 3761 53·
796 3698 951 3758 Non·
983 3717 1054 3771 2,
1085 3697 1223 3768 450-
1262 3730 1347 3744 —
1405 3698 1500 3768 54-
1541 3698 1697 3779 Serv·
1734 3700 1812 3759 ad
1844 3700 2043 3786 Eclog.
2090 3722 2160 3775 2,
2194 3704 2250 3774 l..
2291 3709 2447 3767 solus
2473 3708 2667 3772 ursini
2699 3713 2850 3774 uber
2888 3737 2957 3776 ex
2993 3717 3074 3783 11.

291 3803 408 3867 hist.
437 3806 559 3868 hoec
592 3804 813 3879 laudat,
847 3804 1017 3863 ceteri
1048 3803 1163 3862 fere
1201 3821 1269 3863 ex
1287 3798 1604 3883 Iugurtha,
1644 3802 1744 3862 sed
1777 3807 1952 3865 lectio
1972 3809 2178 3879 variat,
2208 3829 2319 3889 pro
2350 3832 2516 3875 ruer-e
2535 3819 2777 3896 plurimi
2796 3818 3076 3884 libriin-

293 3929 361 3975 τε.
402 3908 691 3973 inconditi
720 3909 954 3968 tendere
982 3927 1050 3966 ex
1084 3908 1417 3967 coniectura
1440 3908 1666 3987 recepi,
1706 3910 1951 3989 plurimi
1975 3910 2111 3970 libri
2139 3911 2449 3994 incogru'ta
2481 3922 2720 3984 tendere
2736 3927 2828 3987 vel
2861 3924 3079 3988 incon-

293 4017 395 4076 diti
421 4027 630 4082 tenere.
667 4045 752 4063 —-
793 4014 889 4078 55.
929 4013 1085 4078 Serv.
1115 4011 1193 4073 ad
1231 4010 1378 4072 Aen.
1408 4032 1432 4071 ι
1456 4052 1481 4083 ,
1520 4012 1658 4084 423.

440 4188 578 4251 Ῑιιι.
621 4185 757 4245 III·
846 4205 895 4243 ι-
933 4182 1090 4244 Non·
1122 4203 1198 4266 7,
1221 4181 1319 4263 49.
1360 4180 1620 4243 Macrob.
1644 4181 1874 4243 satum.
1913 4203 1979 4258 1,
2008 4183 2065 4251 3,
2092 4171 2175 4235 '-
2239 4209 2299 4250 2,
2330 4189 2498 4253 prisc,
2531 4215 2636 4273 ro,
2673 4196 2749 4270 3,
2775 4198 2928 4273 5043
2971 4199 3076 4264 ubi

308 4295 365 4354 in
393 4294 656 4377 plurimis
692 4290 853 4351 libris
888 4288 1165 4352 lacessivit
1188 4290 1423 4372 legitur,
1464 4290 1527 4348 in
1566 4288 1762 4349 ceteris
1804 4288 2135 4369 capessivi13
2176 4293 2281 4354 sed
2314 4298 2477 4377 apud
2517 4298 2776 4363 Nonium
2813 4325 2846 4365 2
2937 4308 3077 4389 367.

2762 4450 2772 4457 ο
2814 4343 2893 4412 κ’
