4050 5009
1640 400 1714 475 ²²9

341 575 409 638 xl..
429 593 530 656 quam
552 574 599 655 76.
619 571 683 636 ubi
703 569 777 636 dies
798 568 963 654 9991199.
985 566 1121 650 aliquot
1141 566 1217 633 dies
1235 566 1360 634 fiducia
1379 570 1500 656 augeri
1519 571 1622 638 nobis
1643 593 1713 640 999-

341 679 394 763 911
415 682 459 742 H.
482 679 551 742 ine.
573 680 643 742 968.

301 782 491 867 Differ-unt
507 803 572 854 ,vos
590 784 630 848 in
649 785 836 848 adventum
856 779 1012 865 Pompeji
1033 782 1077 844 H.
1096 782 1157 844 111.
1179 803 1229 849 99.

301 886 570 972 Difficillimum
591 893 686 972 quod
708 891 746 952 in
766 886 889 972 primis
909 896 960 950 est
972 888 1002 948 J.
1015 911 1044 968 7.
1065 908 1139 950 rem
1159 885 1361 972 aggreditur
1381 905 1453 950 non
1472 890 1594 954 eadem
1612 905 1712 974 aspe-
1740 906 1744 915 ’

295 1043 297 1049 ,
343 995 467 1072 ritate,
496 1005 646 1060 ceterum
672 995 767 1058 haud
798 1010 894 1056 secus
922 987 1100 1054 difficilem
1121 1013 1172 1070 99.
1193 991 1360 1057 Romanis
1380 1001 1564 1076 utramque
1595 1013 1712 1060 999999

340 1098 574 1164 difficiliorem
594 1123 643 1181 97.
674 1093 750 1162 diff.
770 1097 868 1160 aditu
887 1098 939 1178 87.
972 1099 1067 1179 quod
1099 1096 1347 1165 difficillimum
1373 1098 1466 1164 inter
1484 1099 1643 1165 mortalis
1666 1122 1713 1163 99.

344 1204 563 1288 difficultate
589 1225 630 1268 ex
662 1205 782 1270 eadem
810 1204 845 1267 c.
867 1205 915 1284 57.
951 1201 1006 1265 his
1028 1197 1103 1266 diff.
1124 1202 1377 1270 circumventus
1395 1205 1427 1267 J.
1449 1227 1479 1286 7.
1514 1205 1553 1268 in
1574 1225 1615 1270 99
1635 1199 1712 1268 diff.
1807 1193 1813 1206 ⁶

339 1329 506 1396 magnum
526 1319 561 1374 et
579 1309 769 1393 sapientem
787 1307 903 1372 virum
924 1305 1030 1372 fnisse
1049 1309 1246 1394 9999999199
1266 1313 1317 1384 46.
1338 1303 1413 1378 diff.
1434 1309 1506 1375 loci
1526 1309 1637 1374 eoacti
1658 1312 1708 1390 98.

338 1423 458 1478 eontra
479 1421 589 1478 tantas
611 1407 684 1480 diff.
707 1413 855 1476 consilio
876 1413 1062 1498 pnovidere
1082 1433 1136 1494 99.

299 1516 476 1604 Diffidens
495 1520 574 1584 vitae
602 1521 641 1583 G.
662 1523 713 1597 46.
741 1515 898 1584 diffidere
919 1518 988 1582 sibi
1008 1520 1199 1602 patrieque
1219 1524 1270 1584 89.
1299 1539 1344 1586 99
1362 1521 1419 1585 sui
1437 1517 1635 1585 diffiderent
1656 1524 1706 1583 86.

337 1623 458 1688 virtuti
483 1624 636 1688 militum
658 1629 706 1688 69.
738 1623 841 1688 rebus
861 1624 932 1688 suis
952 1627 1003 1687 89.
1025 1629 1075 1707 76.
1102 1625 1376 1690 ambianen
1407 1633 1481 1690 tum
1501 1603 1707 1709 diffidentia

338 1727 535 1792 1919991999.
557 1727 788 1794 diffidentiam
808 1727 861 1793 nei
880 1723 1047 1795 simulare
1068 1733 1116 1793 69.

297 1831 425 1924 Digna
447 1835 613 1900 memoria
643 1836 681 1897 G.
703 1853 733 1913 4.
764 1855 867 1920 poena
886 1854 951 1919 999
971 1833 1071 1899 199119
1090 1855 1212 1900 eorum
1233 1837 1283 1898 69.
1314 1835 1360 1898 eb
1380 1834 1498 1921 dignis
1516 1843 1551 1898 et
1570 1831 1709 1899 idoneis

338 1943 382 2003 ad
403 1940 567 2025 indignos
600 1948 634 2004 et
660 1960 733 2005 non
754 1939 900 2006 idoneos
921 1940 1125 2008 transfertur
1142 1941 1230 2006 ibid.
1258 1941 1371 2028 magis
1389 1941 1485 2023 quod
1504 1960 1541 2005 se
1561 1941 1709 2026 dignum
1735 1967 1738 1972 ·

334 2043 425 2108 19991
445 2045 531 2110 ibid.
552 2047 647 2110 dono
668 2044 814 2128 dignum
836 2050 886 2121 64.
914 2037 1042 2132 diguus
1070 2045 1227 2110 moribus
1248 2048 1359 2110 exitus
1377 2047 1458 2110 vitae
1480 2049 1529 2110 66.
1557 2049 1592 2107 (1.
1610 2053 1708 2129 99199

337 2148 432 2210 111199
450 2151 480 2210 J.
496 2170 526 2228 9.
550 2165 591 2212 ex
611 2149 702 2211 mala
725 2149 933 2213 conscientia
953 2152 1061 2235 digna
1082 2151 1204 2213 timere
1225 2153 1275 2212 69.
1296 2151 1381 2211 deos
1399 2147 1535 2230 penatis
1553 2169 1632 2210 9999
1652 2148 1708 2210 in·

335 2253 432 2340 genti
453 2248 636 2341 dignitate
655 2253 799 2318 dedistis
818 2255 862 2320 H.
883 2252 951 2317 ine.
977 2251 1199 2338 17.pristinae
1220 2253 1255 2313 d.
1275 2269 1409 2314 memor
1427 2246 1465 2313 C.
1485 2254 1535 2314 89.
1564 2249 1707 2332 reliqna
1781 2329 1788 2346 ⁶

335 2361 367 2423 d.
390 2360 631 2424 conservande
647 2377 723 2443 spes
743 2364 793 2424 86.
814 2365 941 2423 statum
961 2361 994 2422 d.
1016 2377 1089 2423 non
1110 2346 1269 2422 obtinere
1288 2353 1374 2419 ibid
1392 2353 1523 2440 parcite
1542 2354 1709 2442 dignitati

333 2463 474 2529 Lentuli
488 2471 535 2529 69.
557 2464 762 2550 dignitatem
779 2465 863 2529 huie
884 2465 1047 2532 severitas
1067 2462 1315 2538 addideratis.
1337 2463 1371 2525 d.
1391 2461 1503 2548 magis
1518 2481 1623 2544 quam
1641 2460 1705 2528 199

334 2572 516 2637 999991999
535 2583 568 2638 J.
588 2575 639 2636 88.
669 2568 876 2658 dignitatem
902 2571 941 2636 in
966 2571 1167 2636 lubidinem
1186 2578 1319 2636 vertere
1342 2569 1392 2644 49.
1420 2568 1503 2632 satis
1527 2566 1721 2664 dignitatis!

332 2678 514 2758 quesitum
545 2698 608 2762 999
632 2679 700 2743 1999
730 2697 904 2744 summum
938 2677 1126 2763 imperinm
1159 2678 1204 2739 H.
1231 2678 1262 2742 Ι.
1293 2677 1341 2740 95.
1375 2674 1581 2762 dignitatem
1605 2673 1706 2740 vobis

280 2788 284 2794 ’
337 2783 470 2844 detrahi
490 2784 518 2843 1.
541 2803 611 2859 19.·

293 2881 463 2970 Digressi
481 2902 501 2944 a
520 2867 722 2966 parentibus
739 2879 773 2946 l.
787 2885 835 2943 98.
857 2884 959 2944 domo
975 2903 1027 2964 79.
1047 2882 1294 2965 digrediuntur
1313 2879 1454 2958 utriqne
1475 2901 1524 2944 99.
1543 2883 1646 2945 ambo
1666 2883 1706 2944 in
1827 2867 1831 2872 ’
1854 2873 1857 2886 '

335 3006 397 3050 sua
415 2995 525 3050 eastra
544 2983 690 3070 digressi
715 3004 781 3064 999.
807 3005 873 3050 999.

294 3092 536 3174 116Ιαύ999199,
557 3109 633 3171 quse
654 3087 798 3152 collecta
817 3095 898 3152 sunt
917 3087 961 3154 H.
974 3087 1002 3150 I.
1018 3105 1067 3166 19.
1088 3083 1302 3153 9999911998.
1316 3088 1364 3150 98.
1383 3109 1438 3153 999
1454 3072 1613 3156 maxima
1633 3091 1706 3156 dis·

334 3197 454 3261 cordia
477 3219 523 3260 99.
553 3193 703 3278 divitiae,
720 3193 773 3259 vis
802 3191 959 3277 eorporis
980 3213 1011 3261 9.
1040 3189 1175 3257 milites
1197 3192 1233 3253 G.
1255 3193 1305 3275 67.
1334 3192 1469 3279 dilapsu
1499 3205 1652 3280 tempore
1671 3208 1705 3263 J.

335 3306 385 3367 86.
407 3302 543 3366 invidia
564 3319 614 3382 97.
914 3389 915 3392 ¹

226 3457 229 3464 -
292 3404 495 3496 Dilargitis
514 3406 788 3491 proscriptorum
806 3403 910 3468 bonis
929 3405 974 3468 H.
996 3405 1023 3467 Ι.
1048 3406 1095 3468 96.
1240 3463 1247 3476 ,

292 3513 425 3577 Dilata
446 3512 569 3594 proelia
590 3512 700 3598 magis
719 3531 825 3593 quam
845 3531 965 3595 pacem
987 3513 1107 3574 datam
1126 3508 1324 3595 intelligere
1346 3512 1391 3578 H.
1410 3511 1469 3576 1v.
1492 3526 1539 3574 99.

293 3612 501 3704 Diligentin
521 3617 682 3700 presenti
703 3619 777 3680 Cos.
799 3619 836 3680 C.
860 3619 909 3682 69.

293 3716 448 3788 Dimisit
471 3729 678 3786 conventum
698 3723 735 3786 C.
757 3743 808 3784 99.
828 3721 867 3785 19
886 3721 1051 3804 Apuliam
1071 3718 1181 3782 alium
1202 3719 1273 3784 9119
1296 3737 1346 3801 97.
1377 3739 1486 3787 exere.
1506 3723 1550 3785 H.
1570 3723 1628 3789 IV.
1651 3739 1699 3786 99.

333 3847 396 3912 999
415 3827 526 3892 scelus
546 3835 710 3909 occupata
731 3827 758 3889 1.
781 3831 828 3892 96.
849 3824 979 3892 auxilia
989 3820 1031 3890 'J.
1052 3823 1083 3886 8.
1114 3843 1255 3909 operam
1276 3827 1313 3892 C.
1333 3841 1386 3902 49.
1415 3827 1504 3894 elam
1522 3828 1565 3893 in
1583 3832 1634 3894 86.
1655 3829 1704 3892 ab

334 3932 438 3994 armis
459 3931 542 4014 aliq.
563 3933 607 3992 H.
628 3929 696 3998 ine.
717 3932 768 3994 88.

294 4034 510 4102 Dimoverat
531 4054 618 4118 quos
636 4053 712 4119 spes
732 4034 903 4100 societatis
923 4054 945 4097 9
965 4033 1069 4116 plebe
1087 4043 1124 4098 J.
1142 4048 1196 4108 sn..

294 4137 457 4206 Diremit
477 4161 518 4209 99
536 4161 591 4204 999
611 4140 796 4206 consilinm
814 4143 849 4203 c.
873 4144 918 4203 98.
941 4137 1103 4223 proelium
1124 4158 1194 4204 999
1211 4149 1244 4205 J.
1260 4142 1315 4203 89.

294 4240 459 4330 Diripere
476 4251 609 4333 predas
625 4245 769 4314 bellicas
787 4247 823 4312 l.
840 4247 889 4321 49.
909 4243 1111 4332 Bithyniam
1130 4246 1174 4308 H.
1194 4246 1251 4319 IV,
1274 4266 1328 4307 99..
