4050 5009
431 416 482 504 48

381 596 421 668 45
435 606 500 666 tur
521 591 600 694 ipse
623 592 782 695 propius
806 591 1017 666 aecederc.”
1048 592 1116 666 His
1139 593 1251 667 rebus
1269 593 1321 666 its
1345 592 1438 667 actis
1449 595 1465 682 ‚'
1485 592 1693 667 constituta
1717 608 1841 680 nocte,

428 743 507 818 qua
527 713 876 818 proficiscerentur,
904 716 1049 803 Cicero,
1071 743 1140 818 per
1168 715 1306 818 legatos
1330 731 1469 790 cuncta
1492 716 1670 803 edoctus,
1694 719 1734 788 Ι.
1763 718 1844 788 Va·

363 865 368 874 ¹
427 839 524 915 lerio
539 839 677 913 Flacco
694 855 733 913 et
747 841 785 913 C.
803 840 1006 941 Pomptino
1020 839 1245 912 Praetoribus
1265 839 1444 942 imperat,
1462 839 1521 912 uti
1540 838 1583 915 in
1599 856 1720 942 ponte
1733 838 1840 912 Mul·

428 963 491 1038 vio
506 989 576 1066 per
594 962 751 1037 insidias
769 962 1019 1066 Allobrogum
1036 962 1236 1036 comitatus
1248 961 1559 1065 deprehendant:
1585 987 1668 1036 rem
1680 987 1841 1036 omnem

429 1087 571 1190 aperit,
597 1086 706 1161 cuius
728 1085 848 1190 gratia
867 1086 1137 1178 mittebantur3
1160 1101 1300 1175 cetera,
1333 1085 1394 1160 uti
1416 1085 1517 1159 facto
1546 1111 1643 1188 opus
1674 1085 1751 1173 sit,
1784 1085 1843 1159 ita

428 1227 562 1316 agant,
587 1210 786 1314 permittit.
838 1209 901 1284 Illi
926 1207 1100 1283 homines
1123 1207 1325 1296 militares,
1348 1207 1430 1282 sine
1452 1209 1626 1283 tumultu
1654 1206 1845 1312 praesidiis

429 1335 640 1424 collocatis,
665 1334 778 1408 sicuti
797 1349 1031 1436 praeceptum
1045 1347 1144 1421 erat,
1169 1331 1318 1405 occulte
1335 1348 1495 1434 pontem
1513 1332 1706 1408 obsidunt
1733 1335 1843 1406 Post-

429 1487 549 1563 quam
569 1458 619 1533 ad
640 1457 682 1534 id
692 1457 768 1532 loci
793 1456 905 1560 legati
927 1483 1018 1531 cum
1035 1456 1235 1530 Volturcio
1259 1481 1414 1545 venere,
1438 1470 1478 1529 et
1498 1456 1615 1531 simul
1638 1455 1843 1558 utrimque

429 1585 577 1659 clamor
592 1597 744 1658 exortus
761 1597 833 1672 cst3
859 1580 983 1669 Galli,
1012 1580 1089 1654 cito
1113 1580 1264 1682 cognito
1293 1578 1475 1666 consilio,
1499 1578 1583 1654 sine
1607 1605 1716 1653 mora
1739 1603 1844 1682 proe-

431 1708 578 1783 toribus
601 1732 640 1782 se
664 1704 833 1779 tradunt.
872 1703 1092 1778 Volturcius
1117 1702 1264 1804 primo,
1289 1700 1508 1775 cohortatus
1525 1719 1683 1792 ceteros,
1707 1701 1844 1807 gladio

429 1857 468 1908 sc
496 1859 519 1906 a
554 1829 806 1905 multitudine
843 1826 1036 1916 defendit3
1059 1822 1219 1913 deinde,
1255 1823 1324 1898 ubi
1346 1851 1369 1897 a
1401 1824 1532 1928 legatis
1568 1824 1737 1900 desertus
1760 1843 1846 1915 est,

380 1999 386 2014 ·
430 1958 554 2033 multa
578 1953 686 2059 prius
706 1952 754 2027 de
780 1952 902 2026 salute
923 1976 990 2024 sua
1010 1946 1258 2050 Pomptinum
1290 1947 1516 2037 obtestatus,
1540 1947 1649 2049 quod
1670 1947 1707 2022 ei
1724 1965 1846 2024 notus

428 2097 533 2172 erat3
564 2094 754 2182 postremo
783 2073 959 2161 timidus,
992 2098 1037 2145 ac
1061 2070 1148 2145 vitae
1182 2068 1356 2145 diffidens
1382 2069 1489 2146 velut
1518 2069 1725 2167 hostibus,
1765 2105 1849 2159 sese

378 2203 658 2292 tsttorihus
681 2198 797 2273 dedit.
851 2195 1003 2292 Quibus
1038 2193 1149 2268 rebus
1172 2193 1380 2282 confectis,
1414 2194 1545 2267 omnia
1574 2221 1740 2297 propero
1772 2233 1848 2308 per

428 2327 587 2404 nuntios
610 2321 769 2400 Consuli
796 2320 1049 2394 declarantur.
1082 2320 1133 2390 At
1155 2316 1269 2389 illum
1290 2316 1422 2420 ingens
1445 2343 1539 2391 cura
1566 2335 1685 2418 atque
1705 2326 1843 2404 laetitia

427 2452 544 2528 simul
568 2469 822 2550 occupavere3
847 2469 939 2516 nam
968 2440 1185 2527 laetabatur,
1211 2438 1456 2543 (intelligens)
1481 2440 1752 2517 coniuratione
1773 2473 1847 2548 pa·

431 2575 591 2662 testem,
629 2569 821 2645 civitatem
851 2564 1031 2669 periculis
1060 2579 1232 2666 ereptam
1260 2589 1366 2636 esse:
1398 2589 1514 2666 porro
1540 2579 1671 2638 autem
1702 2568 1847 2643 anxius

512 2775 585 2856 Cap.
605 2774 655 2846 45.
684 2780 793 2833 cuncta
814 2771 926 2828 metus.
954 2767 1039 2826 Rem.
1055 2787 1082 2825 α.
1103 2763 1199 2825 Guell.
1212 2787 1241 2846 9.
1267 2765 1424 2845 Pomptino
1445 2766 1543 2826 Guelf.
1560 2767 1588 2830 5.
1618 2767 1697 2826 Paris
1714 2791 1745 2829 n.
1763 2795 1791 2833 c.
1810 2775 1845 2834 d.

426 2887 498 2946 Tur.
514 2905 539 2941 r.
560 2903 600 2939 m.
619 2900 674 2940 soc.
695 2877 745 2936 sed
762 2877 793 2936 in
813 2873 871 2934 hoc
885 2873 1006 2930 nomine
1021 2870 1089 2931 libri
1108 2880 1227 2950 mscrpt.
1249 2891 1337 2950 quam
1354 2873 1480 2930 maxime
1495 2873 1620 2933 variant.
1650 2871 1844 2958 Promptino.

427 2995 461 3051 in
487 2989 588 3048 multis
613 2985 769 3044 meliorum
786 2980 892 3060 legitur
899 2983 913 3051 ,'
937 2976 1023 3035 ceteri
1045 2977 1203 3056 genuinam
1230 2977 1385 3034 lectionem
1409 2975 1501 3056 magis
1523 2977 1611 3034 etiam
1631 2995 1845 3062 corrumpunt,

428 3093 595 3157 Pontinius.
616 3088 670 3151 Ed.
687 3087 771 3146 Hau
783 3081 903 3144 Mulvio.
926 3081 1058 3140 meliores
1068 3077 1146 3136 libri,
1166 3077 1248 3137 cuius
1262 3077 1306 3137 rei
1318 3079 1429 3157 gratio.
1450 3079 1549 3139 Gnell.
1567 3099 1613 3143 ια.
1640 3082 1742 3158 plures
1753 3081 1845 3142 Ririi.

426 3199 508 3261 Leid.
524 3221 550 3262 a.
572 3216 618 3256 cu.
630 3215 679 3272 gr.
698 3191 749 3252 rei.
772 3185 895 3246 Leid.d.
922 3183 1067 3264 permittit
1081 3182 1147 3241 illis.
1165 3203 1268 3241 omnes
1286 3184 1344 3242 lere
1362 3182 1441 3242 libri.
1470 3181 1529 3242 illis
1546 3185 1632 3242 omis.
1654 3183 1717 3242 an.
1736 3206 1766 3244 η.
1790 3188 1846 3246 itti.
1903 3261 1910 3270 ·

427 3305 525 3368 Guels.
541 3304 569 3362 8.
584 3309 613 3359 et
627 3318 673 3359 ιι.
696 3316 736 3357 m.
752 3312 797 3372 pr.
818 3289 903 3348 Fabr.
919 3307 1025 3350 mscc.
1051 3289 1148 3367 plures
1156 3287 1269 3346 wanti.
1290 3287 1359 3351 Tur.
1378 3308 1403 3351 ι.
1424 3309 1466 3345 m.
1481 3307 1528 3366 pr.
1548 3287 1676 3346 dirrtt'ttit
1694 3309 1765 3347 cum
1784 3291 1845 3351 tttis

336 3378 338 3384 Ι
428 3413 510 3470 hom.
531 3405 593 3465 mil.
616 3400 662 3460 itti
674 3399 757 3457 sicut.
777 3395 842 3453 Bas.
858 3395 887 3464 4.
921 3392 975 3450 tte.
998 3391 1119 3449 Parise.
1153 3390 1293 3449 obsident.
1318 3390 1404 3450 Paris.
1422 3391 1453 3449 b.
1473 3413 1500 3455 e.
1526 3391 1590 3450 Bas.
1607 3413 1634 3456 α.
1664 3384 1800 3456 Bemjr.
1817 3375 1849 3457 3.

427 3491 481 3576 clii
492 3511 559 3571 libri
569 3525 684 3566 venere.
698 3504 739 3560 ita
745 3501 807 3558 Bas.
826 3520 850 3560 ι.
871 3496 921 3554 alii
936 3503 1088 3553 venerunt.
1109 3495 1147 3552 ita
1157 3513 1258 3551 omnes
1269 3494 1350 3551 Leid.
1371 3495 1433 3553 Bas.
1447 3515 1476 3552 2.
1488 3494 1518 3555 ὅ.
1531 3495 1560 3564 4.
1580 3495 1652 3555 Tur.
1667 3519 1694 3555 r.
1708 3501 1846 3566 veniunt.

431 3613 615 3678 duowassii.
636 3604 779 3666 etsimul:
800 3610 829 3658 ct
842 3601 925 3658 omis.
947 3597 997 3656 Ac.
1018 3597 1079 3659 Bas.
1092 3596 1121 3655 3.
1140 3607 1197 3654 tres
1212 3596 1309 3655 Guelf.
1330 3597 1399 3655 cito.
1421 3598 1498 3656 delet
1507 3597 1623 3658 Putsch.
1639 3621 1696 3662 nec
1711 3609 1848 3686 agnoscit

432 3715 571 3806 Guels33.
591 3715 677 3771 bern.
691 3731 715 3767 1.
737 3706 854 3766 deincte.
875 3721 976 3760 omnes
990 3700 1083 3759 Cottii
1092 3700 1170 3758 libri.
1191 3701 1270 3757 dein.
1294 3699 1410 3759 Gruter.
1429 3703 1532 3761 edidit.
1555 3707 1639 3764 etita
1653 3707 1736 3767 leid.
1747 3714 1846 3791 legere

364 3858 367 3866 ,
431 3823 579 3887 ridentur.
607 3815 677 3875 vitre
692 3829 760 3872 suet.
782 3807 878 3865 Guett
892 3827 919 3884 7.
935 3807 963 3862 8.
985 3804 1043 3860 Erl.
1063 3802 1144 3860 Leid.
1156 3823 1196 3860 m.
1216 3803 1301 3861 Bern.
1318 3824 1344 3867 ι.
1366 3804 1454 3862 vehit.
1467 3825 1570 3866 omncs
1580 3810 1644 3867 Bm.
1663 3813 1748 3872 Leid.
1772 3814 1846 3874 Tur.

436 3949 463 3988 r.
483 3925 568 3984 Bern.
590 3941 617 3980 2.
634 3917 663 3976 3.
684 3915 781 3979 obtest,
797 3919 846 3968 ost.
868 3891 929 3965 Bas.
946 3905 975 3966 3.
997 3927 1051 3986 pro
1065 3906 1163 3975 dedit,
1178 3907 1281 3964 tradit.
1301 3907 1360 3965 Erl.
1382 3908 1480 3968 Guelf.
1499 3913 1527 3980 4.
1545 3933 1592 3971 ιο.
1613 3913 1696 3973 Leid.
1713 3918 1734 3974 l.
1749 3915 1784 3976 h.

413 4141 416 4147 ,
495 4091 572 4172 Cap.
590 4089 639 4162 46.
661 4084 835 4147 letabatur,
855 4071 1164 4152 intelligens-amin
1179 4083 1262 4144 eret,
1282 4076 1444 4137 dictitans.-
1471 4083 1629 4162 participia
1649 4104 1755 4145 omncs
1774 4087 1845 4147 libri

434 4203 562 4267 retinent
571 4195 626 4253 nisi
644 4188 726 4272 quod
740 4183 837 4242 Guelf.
856 4182 883 4238 5.
905 4179 1070 4256 intellegor
1085 4177 1246 4236 lambatur.
1267 4201 1339 4258 opus
1353 4182 1399 4239 sit.
1421 4182 1507 4242 Fabr.
1523 4197 1620 4268 uterq.
1647 4187 1712 4248 Bas.
1725 4210 1753 4249 2.
1773 4191 1844 4256 vin.

439 4329 466 4370 t·
488 4301 585 4364 Guell.
599 4297 628 4358 3.
643 4318 671 4378 7.
691 4291 760 4372 Teg.
772 4288 845 4365 sore
857 4283 1011 4348 credebat:
1021 4283 1096 4359 sore
1111 4283 1248 4342 omissum
1263 4285 1296 4343 in
1314 4284 1411 4348 Guell.
1433 4309 1478 4350 ro.
1508 4290 1639 4372 itemque
1663 4290 1693 4352 C
1691 4297 1844 4375 oqrarium
