4050 5009
369 379 451 498 818

373 569 576 642 „ovinum
584 613 595 647 ,
617 589 832 660 oegcrrumc,
856 587 1067 651 acerrume,
1085 566 1360 653 occultissume,
1381 569 1511 657 passim
1526 573 1567 637 in
1584 574 1787 662 antiquissi-

374 681 441 744 mis
462 681 569 743 Codd.
592 674 770 743 Parisinis.
798 678 870 738 Bas.
897 682 930 738 11
951 670 1127 734 Vaticanis
1148 671 1389 757 inveniuntur,
1411 671 1461 742 ita
1488 684 1594 748 utin
1623 685 1783 752 omnibus
1827 666 1831 672 Ι

373 784 590 874 superlativis
615 781 783 846 Salustius
810 781 966 845 vocalem
986 801 1011 843 u
1042 778 1222 845 retinuisse
1255 780 1425 848 videatur.
1459 788 1521 852 cir.
1544 793 1705 857 Schneid.
1740 796 1784 858 dc

374 893 481 960 Elem.
499 895 534 958 L.
554 893 592 952 L.
609 891 637 952 Ι.
652 911 686 972 p.
702 889 750 949 18.
772 889 939 952 Praeterea
957 889 1152 968 lacrumoe,
1174 886 1294 969 lubet,
1315 887 1455 970 lubido,
1470 915 1652 977 seorsum,
1673 880 1785 963 oestu-

376 1019 452 1080 mo,
480 993 678 1077 existumo,
703 994 807 1057 Sulla
831 1001 891 1058 etc.
922 991 1049 1075 passim
1070 993 1241 1078 leguntur.
1280 995 1322 1057 In
1343 1000 1513 1081 gerundio
1545 1013 1579 1066 ct
1608 1013 1695 1088 part.
1723 1010 1784 1069 lut.

373 1122 461 1190 pass.
480 1104 540 1164 III.
562 1109 594 1165 11
617 1101 715 1166 IVtae.
736 1098 832 1178 Conj.
856 1096 988 1179 ubique
1010 1118 1035 1160 u
1054 1118 1120 1182 pro
1138 1095 1155 1161 i
1171 1097 1354 1184 scriptum
1377 1124 1491 1187 neque
1512 1112 1616 1173 modo
1625 1106 1785 1200 faciun-

374 1211 478 1286 dum,
500 1202 740 1290 capiundum,
754 1200 954 1288 potiundi,
977 1200 1229 1290 ementiundo,
1249 1211 1311 1272 sed
1324 1208 1426 1275 etiam
1435 1212 1639 1300 perdundi,
1659 1239 1780 1307 agun-

375 1310 432 1398 di,
459 1307 710 1400 opprimundi,
731 1301 989 1399 referundum,
1017 1312 1256 1398 sumundum,
1283 1314 1457 1403 dicundo,
1484 1323 1670 1406 gerundo,
1699 1322 1785 1388 mit.

376 1420 514 1498 tundo,
536 1413 699 1508 legundi3
722 1415 840 1500 qualia
861 1416 970 1480 multa
994 1417 1050 1479 vel
1068 1417 1260 1484 mediocres
1281 1422 1386 1485 Codd.
1409 1423 1635 1490 retinuerunt.
1655 1427 1784 1492 Itidem

375 1529 588 1594 adulescens
601 1515 794 1590 constanter
811 1543 876 1608 pro
896 1522 994 1588 adol.
1011 1531 1045 1587 et
1062 1521 1220 1608 epistula
1240 1526 1280 1590 in
1296 1530 1334 1594 V.
1351 1550 1382 1598 a.
1403 1549 1507 1613 quam
1523 1531 1722 1616 scripturam
1739 1537 1781 1598 V.

374 1633 426 1698 cl.
448 1635 599 1720 Angelus
621 1631 732 1712 Majus
751 1629 856 1695 etiam
880 1629 918 1692 in
942 1631 1105 1695 Cornelio
1124 1635 1295 1700 Frontone
1313 1636 1465 1700 restituit.
1487 1640 1644 1702 Ceterum
1665 1640 1694 1702 si
1711 1641 1783 1702 An·

375 1762 453 1808 noco
474 1744 629 1806 Cornuto
651 1747 685 1806 et
708 1736 810 1803 Velio
834 1737 920 1801 fides
938 1738 1109 1823 habenda,
1127 1741 1236 1804 multa
1255 1761 1296 1806 ex
1312 1743 1368 1804 his
1380 1743 1533 1826 primum
1554 1747 1683 1810 Caesare
1705 1765 1785 1810 auc·

351 1834 357 1844 ¹
374 1855 450 1912 tore
464 1847 645 1912 exiliorem
665 1865 790 1911 sonum
808 1854 1027 1929 acceperunt,
1050 1845 1110 1909 cir.
1130 1847 1280 1915 Cassiod.
1300 1848 1367 1912 col.
1387 1857 1479 1926 salt.
1511 1851 1587 1916 Vel.
1614 1855 1656 1917 de
1683 1853 1782 1914 Orth.

375 1953 441 2018 col.
461 1955 571 2028 111111
600 1960 634 2016 11
651 1951 691 2015 in
715 1951 858 2037 optimis
883 1953 954 2026 Cic.
978 1955 1085 2023 Codd.
1106 1961 1295 2039 optumus,
1311 1977 1505 2020 maxumus
1528 1965 1591 2021 etc.
1610 1957 1681 2043 legi
1701 1957 1784 2022 satis

376 2067 514 2126 constat.
556 2060 684 2122 Contra
710 2080 732 2125 o
762 2081 827 2144 pro
851 2081 876 2123 u
904 2059 1063 2145 ponitur,
1098 2061 1163 2124 ubi
1191 2065 1313 2126 eadem
1340 2062 1454 2127 littera
1480 2063 1661 2148 praecedit3
1690 2066 1784 2140 volt,

376 2167 503 2251 voltus,
524 2166 737 2251 volturcius,
758 2161 965 2257 divolgovit,
979 2169 1134 2257 volgum,
1156 2170 1294 2249 volnus,
1314 2173 1503 2252 eademque
1516 2169 1635 2234 littera
1649 2168 1687 2231 in
1708 2150 1784 2234 cml
1829 2187 1833 2190 ·

375 2271 481 2338 nibus
500 2271 622 2337 formis
645 2271 745 2338 verbi
764 2282 901 2338 vertere
919 2272 1065 2360 legitur3
1088 2270 1219 2357 vortit,
1242 2273 1445 2357 convortit,
1467 2297 1630 2349 vorsum,
1652 2275 1781 2340 advor-
1859 2336 1862 2338 ,

373 2399 471 2465 sum,
492 2387 741 2465 transcursus,
763 2377 983 2459 vorticosus,
1005 2381 1066 2446 cfr.
1077 2381 1245 2469 Quinctil.
1257 2384 1338 2445 Inst.
1349 2383 1451 2446 Rhet.
1465 2403 1493 2444 1.
1509 2402 1539 2463 7.
1553 2385 1602 2446 15.
1623 2384 1783 2446 sedunus

377 2487 482 2554 etiam
497 2483 591 2559 vivos
599 2507 664 2572 pro
677 2488 774 2552 vivus
789 2497 822 2553 el
836 2488 874 2552 id
881 2507 988 2574 genus
999 2487 1079 2566 alia,
1090 2498 1128 2550 ut
1135 2508 1191 2573 ap.
1198 2487 1398 2554 Terentium
1407 2487 1467 2551 cfr.
1476 2490 1566 2551 Don.
1579 2490 1624 2550 ad
1635 2491 1741 2551 Andr.
1754 2489 1784 2550 ὅ.
1829 2517 1834 2524 ·
1905 2563 1908 2566 Α

376 2595 406 2668 t.
419 2593 1076 2679 1.scribendasint,incertum.secordia
1086 2615 1131 2656 an
1139 2592 1782 2667 socordiarectiusscribaturdubium3

377 2701 476 2782 illud,
491 2699 721 2784 aliquotiesin
731 2701 845 2768 Vatb.
859 2699 1034 2782 scriptum,
1043 2698 1264 2784 etymologiae
1272 2698 1371 2783 ratio,
1380 2699 1446 2762 hoc
1456 2699 1666 2782 optimorum
1675 2700 1784 2762 Codd.

375 2799 1785 2893 auctoritascommendemetiamjocundusrectius,proptervocaliumietusimi-

376 2914 572 2981 litudinem.
590 2910 812 3002 percontari
832 2932 972 2998 quoque
989 2911 1114 2976 melius
1128 2909 1235 2976 scribi
1251 2910 1388 2976 videtur
1412 2932 1516 2995 quam
1529 2907 1783 2995 percunctari.

376 3023 541 3088 Praeterea
560 3045 669 3106 quom
687 3043 759 3085 uno
778 3023 857 3086 loco
874 3021 912 3084 in
928 3025 1003 3086 Vat.
1026 3039 1127 3104 apro
1144 3039 1251 3100 quum
1257 3044 1268 3092 ς
1290 3019 1379 3087 Hist.
1399 3018 1441 3082 lr.
1458 3022 1495 3086 L.
1512 3021 1539 3083 I.
1564 3022 1610 3084 15.
1623 3020 1683 3082 Or.
1702 3022 1784 3105 Lep.

378 3148 481 3210 quam
491 3129 693 3214 scripturam
708 3126 1024 3212 praestantissimam
1042 3125 1176 3208 ubique
1193 3126 1451 3210 exprimendam
1470 3136 1643 3211 putarem,
1661 3126 1729 3190 nisi
1745 3127 1785 3191 in

378 3231 606 3300 vetustissimo
617 3235 774 3298 Parisino
793 3257 874 3298 cum
895 3243 1051 3297 constans
1065 3241 1151 3295 esset
1163 3232 1286 3312 lectio,
1301 3233 1372 3295 sive
1384 3233 1603 3317 praepositio,
1618 3234 1690 3299 sive
1704 3255 1786 3298 con-

371 3339 506 3420 junctio
522 3351 581 3406 111.
599 3345 636 3406 Ε
644 3362 708 3426 pro
720 3339 735 3404 ἰ
746 3349 795 3405 111
805 3340 843 3401 in
853 3337 1015 3422 pluribus
1029 3335 1229 3418 compositis
1240 3336 1338 3400 verbi
1352 3339 1484 3424 legere:
1493 3341 1662 3427 neglego,
1678 3344 1786 3405 intel·

378 3449 479 3538 lego,
498 3445 729 3538 neglegentia
738 3455 798 3512 etc.
813 3462 889 3525 quae
898 3441 1041 3524 quidem
1052 3440 1089 3504 in
1099 3439 1299 3505 universum
1312 3442 1409 3506 verbi
1421 3443 1589 3528 simplicis
1597 3426 1786 3522 dloelsoyistt

378 3555 476 3636 sequi
484 3554 656 3620 videntur.
677 3559 763 3618 Nam
771 3549 874 3616 lectio
886 3554 959 3614 Bas.
972 3569 998 3612 r.
1008 3542 1260 3638 neglegissetl.
1271 3564 1320 3623 so.
1330 3550 1464 3613 duobus
1477 3549 1585 3614 Parisi
1590 3552 1642 3616 nis
1651 3563 1682 3617 et
1693 3555 1784 3618 Med.

380 3679 408 3722 r.
419 3661 641 3726 confirmatur
654 3669 686 3726 11
700 3662 773 3727 Vat.
786 3679 816 3723 a.
837 3653 1086 3747 intellegerint
1095 3655 1291 3718 habetHist.
1304 3653 1346 3718 fr.
1360 3657 1386 3718 1.
1401 3657 1460 3726 Or.
1474 3659 1555 3742 Lep.
1575 3657 1652 3723 Alia
1668 3661 1711 3723 de
1724 3679 1786 3724 vo-

379 3764 512 3830 calibus
538 3769 618 3834 vide
644 3767 753 3846 infra,
777 3765 840 3831 ubi
860 3767 906 3829 dc
927 3760 1160 3828 declinatione
1180 3770 1212 3826 et
1232 3762 1473 3848 conjugatione
1495 3776 1626 3852 agetur.
1655 3768 1787 3830 Conso·

379 3878 500 3934 nantes
521 3875 615 3952 quod
638 3871 777 3958 attinet,
805 3868 972 3934 Salustius
993 3869 1171 3951 antiquam
1191 3868 1366 3932 scribendi
1391 3890 1549 3934 normam
1570 3873 1609 3936 in
1625 3893 1667 3937 co
1688 3893 1786 3937 secu·

380 3984 434 4040 lus
462 3985 524 4059 111,
556 3982 651 4062 quod
683 3978 721 4042 in
745 3977 906 4063 pluribus
931 3975 1110 4041 vocabulis
1141 3973 1362 4040 semivocales
1394 3997 1465 4040 non
1490 3979 1687 4064 geminavit.
1735 3985 1786 4044 lta

380 4099 505 4167 causo,
519 4086 651 4167 poulo,
674 4084 790 4170 belua,
807 4081 903 4161 mile,
917 4085 1115 4167 paululum
1125 4079 1256 4165 ubique
1267 4082 1507 4160 scribendums
1524 4093 1643 4150 contra
1658 4109 1787 4171 reppu-

380 4181 445 4271 lit,
465 4186 644 4275 rcppcrit,
665 4187 832 4274 rettulit,
856 4196 1055 4272 quattuor,
1079 4185 1208 4252 littero
1235 4187 1275 4251 in
1299 4187 1441 4272 optimis
1465 4189 1571 4258 Oodd.
1595 4205 1653 4255 est.
1673 4192 1786 4255 Etiam

379 4303 605 4380 oportunus,
630 4297 825 4382 opulentus
848 4293 1037 4381 sepissime
1061 4312 1233 4380 expressa,
1254 4314 1331 4378 quae
1359 4315 1438 4359 cum
1454 4292 1558 4360 etiam
1586 4301 1678 4381 apud
1698 4299 1785 4361 alios
