4050 5009
402 340 453 436 46

497 540 585 614 Jam
606 539 746 643 siquis
766 564 812 615 ex
837 564 899 616 me
926 554 1099 643 quaerat,
1120 568 1218 617 num
1243 556 1329 647 post
1354 557 1411 619 tot
1427 539 1546 623 Codd.
1562 539 1647 617 Mss.
1667 542 1817 621 exami-

398 670 525 746 natos,
549 656 591 730 in
619 656 728 731 libris
751 656 992 747 Salustianis,
1032 672 1078 733 ut
1100 685 1207 734 nunc
1239 676 1330 735 sunt
1354 660 1464 750 editi,
1487 658 1610 735 multa
1634 684 1816 739 censeam

397 771 642 876 corrigenda,
667 772 707 847 id
731 773 887 875 quidem
905 776 1092 849 affirmare
1113 802 1193 850 non
1213 777 1345 853 ausim.
1384 778 1470 852 Non
1490 777 1595 851 enim
1620 774 1816 855 librorum

398 878 618 963 multitudo
634 888 699 963 sed
732 888 882 964 bonitas
912 890 1128 993 plurimum
1154 891 1264 966 valet
1318 895 1418 968 Cum
1451 920 1539 969 vero
1571 892 1614 966 in
1645 890 1816 970 Salustio

397 995 546 1080 edendo
574 1003 709 1106 optimi
729 1003 819 1078 libri
840 1004 919 1108 jam
946 1024 1059 1083 antea
1085 1009 1249 1083 consulti
1271 1008 1430 1099 fuerint,
1453 998 1541 1084 xlieri
1561 1034 1642 1084 uon
1668 1025 1816 1113 potest,

397 1135 445 1195 ut
465 1145 593 1196 recens
616 1121 845 1209 examinati,
876 1124 1020 1197 etiamsi
1049 1124 1347 1227 praestantissimi
1377 1126 1469 1215 sint,
1495 1125 1545 1200 ad
1570 1124 1698 1199 omnia
1723 1152 1816 1201 mu-

345 1286 348 1290 ·
398 1237 515 1311 tanda
535 1238 698 1317 valeant.
743 1238 815 1313 Sed
839 1240 1008 1342 primum
1037 1241 1145 1316 haud
1172 1243 1279 1345 parvi
1302 1258 1356 1317 est
1389 1240 1593 1329 momenti,
1621 1240 1725 1341 quod
1748 1242 1819 1317 ni-

398 1352 456 1430 hil
477 1354 544 1428 abs
565 1371 602 1429 te
617 1356 797 1429 omissum
811 1382 888 1429 esse
906 1357 1108 1463 intelligis,
1135 1376 1180 1431 ut
1205 1358 1368 1434 auctoris
1390 1358 1554 1460 alicujus
1581 1356 1672 1430 libri
1691 1384 1816 1461 quam

398 1471 692 1545 emendatissimi
710 1472 798 1546 sint.
822 1474 905 1547 Hoc
926 1475 1082 1575 quidem
1104 1474 1185 1549 lieri
1208 1500 1290 1550 non
1311 1501 1430 1578 posse,
1448 1474 1523 1548 nisi
1541 1473 1701 1563 plurimi
1718 1474 1814 1550 libri

398 1588 485 1669 Mss.
508 1588 715 1663 examinati
738 1588 903 1679 fuerint,
927 1616 1040 1668 nemo
1068 1606 1142 1681 est,
1165 1592 1262 1695 quin
1287 1592 1437 1667 nesciat.
1475 1589 1560 1665 Sola
1581 1591 1686 1665 enim
1705 1590 1815 1665 codi-

480 1846 578 1904 modis
598 1848 766 1917 inserviant,
791 1847 848 1905 Sed
867 1849 926 1906 lere
948 1847 1079 1926 optimus
1100 1848 1223 1929 quisque
1241 1846 1316 1905 liber
1331 1868 1365 1907 ex
1387 1846 1567 1907 monasteriis
1590 1847 1623 1903 iu
1645 1844 1814 1907 bibliothe-

481 1964 528 2002 cas
548 1942 682 2021 publicas
703 1947 855 2003 hariolatus
874 1964 932 2002 csse
950 1944 1075 2003 videtur.
1104 1942 1183 2003 Num
1204 1942 1336 2026 Augustae
1357 1944 1553 2003 Taurinorum
1577 1944 1608 2001 iu
1629 1942 1814 2005 bibliotheca

480 2040 559 2121 regia
578 2041 695 2120 aliquot
708 2041 826 2100 Salustii
840 2041 936 2100 Codd.
949 2044 1028 2116 sint,
1048 2042 1185 2101 nondum
1205 2045 1338 2125 cognovi.
1359 2042 1435 2101 Cum
1454 2040 1533 2099 hanc
1554 2040 1657 2099 urbem
1679 2040 1813 2107 adeundi

480 2135 576 2195 otium
599 2136 675 2195 mihi
692 2159 754 2196 non
772 2148 860 2211 esset,
880 2159 897 2196 a
914 2139 950 2199 V.
969 2138 1016 2197 Cl.
1041 2144 1168 2219 Peyron,
1190 2138 1375 2199 bibliothecae
1396 2141 1547 2218 praesecto,
1568 2156 1620 2217 per
1643 2138 1738 2195 literas
1754 2158 1815 2217 pe-

480 2233 551 2305 tiri,
565 2244 599 2290 ut
616 2230 705 2310 bujm
723 2237 765 2293 rei
782 2256 829 2295 me
849 2238 1136 2309 laceretcertiorcm3
1155 2258 1218 2316 quac
1234 2256 1416 2318 cognovero,
1437 2238 1468 2294 in
1487 2231 1707 2294 commentariis
1720 2254 1815 2314 expo-

480 2350 618 2387 nam-
658 2329 800 2390 Caeterum
822 2334 1071 2413 pmstantiuimus
1089 2334 1208 2392 Salustii
1230 2333 1320 2392 codex
1346 2352 1441 2411 nuper
1463 2332 1601 2389 incendio
1620 2330 1730 2389 deletus
1752 2350 1814 2391 esse

482 2427 600 2486 dicitur.
638 2426 726 2487 llunc
742 2429 891 2509 lapidariis
914 2431 1003 2488 literis
1025 2431 1169 2507 scriptum
1195 2439 1224 2488 et
1244 2433 1275 2487 in
1296 2429 1473 2487 monasterio
1495 2427 1681 2506 Hispaniensi
1707 2428 1814 2508 (Mont

481 2525 595 2599 Serrat)
617 2526 802 2584 reconditum
821 2526 1081 2607 Franccgallorum
1103 2526 1258 2599 barbaria,
1285 2526 1336 2605 qui
1359 2535 1454 2583 totum
1479 2525 1687 2583 monasterium
1708 2527 1815 2585 diruo·

483 2632 571 2694 runt,
591 2622 708 2699 periisse
720 2626 761 2682 V.
777 2624 813 2681 D.
837 2623 960 2682 Haehulc
983 2645 1031 2682 me
1052 2623 1186 2694 edocuit,
1208 2644 1269 2702 quo
1292 2632 1433 2701 praesento
1451 2619 1530 2679 hanc
1547 2628 1690 2697 jacturam
1705 2642 1813 2681 mona-

484 2716 534 2778 chi
552 2722 704 2797 conquesti
721 2720 848 2780 suerunt.
884 2720 976 2793 Quod
991 2722 1096 2779 attinet
1120 2720 1156 2777 ad
1171 2718 1268 2779 Codd.
1289 2720 1482 2791 salustianos,
1498 2718 1548 2797 qui
1571 2719 1604 2775 iu
1625 2717 1813 2779 bibliothecis

487 2814 671 2874 Germanicis
689 2820 821 2891 latitant,
843 2819 879 2878 de
896 2819 996 2899 paucis
1011 2818 1135 2877 certiora
1147 2818 1287 2898 cognovi,
1305 2816 1358 2875 sed
1374 2836 1439 2897 quae
1452 2834 1515 2873 non
1533 2834 1641 2897 magno
1658 2814 1734 2875 mihi
1747 2817 1815 2876 Γιιο·

484 2922 555 2970 runt
576 2912 784 2989 incitamento,
805 2927 840 2974 ut
855 2937 903 2974 cos
922 2916 1092 2996 diligentius
1112 2926 1285 2974 excuterem.

523 3008 608 3067 Extat
619 3011 803 3091 Stuttgardiae
823 3014 856 3070 in
877 3010 1057 3070 bibliotheca
1077 3012 1167 3093 Regia
1184 3010 1259 3069 Cod.
1278 3010 1395 3067 Salustii
1417 3008 1595 3067 Chartaceus
1617 3010 1655 3067 de
1671 3004 1813 3067 Catilium

484 3106 691 3183 conjuratione
707 3109 785 3180 (Ν.0
806 3108 896 3186 403.)
916 3110 984 3173 Saec.
1004 3128 1059 3169 xrs.
1087 3110 1208 3167 ineunte
1228 3108 1372 3186 scriptus,
1400 3106 1556 3183 adjunctus
1571 3114 1613 3163 est
1628 3116 1815 3165 commenta-

482 3206 562 3273 rius,
580 3224 668 3283 quem
683 3208 725 3262 V.
742 3206 779 3263 D.
802 3211 916 3278 ltloscr,
937 3203 1196 3277 bibliothecarius,
1210 3202 1247 3261 ab
1264 3200 1402 3261 Jobannc
1421 3200 1568 3263 Aventino
1587 3204 1730 3281 scriptum
1752 3220 1814 3259 esse

481 3302 614 3379 conjicit.
644 3301 787 3380 Sequitur
802 3303 862 3364 rita
883 3302 1001 3360 Salustii
1019 3300 1122 3360 eodem
1146 3302 1204 3359 lere
1221 3302 1376 3378 exemplo,
1396 3317 1456 3377 quo
1474 3299 1532 3359 rita
1545 3300 1576 3355 in
1591 3298 1720 3356 editione
1733 3296 1814 3377 Lug-

482 3399 610 3457 dunensi
624 3397 821 3456 Muxxxllt.
836 3418 973 3477 expressa.
995 3397 1140 3456 Caeterum
1155 3396 1231 3455 liber
1245 3407 1279 3455 ut
1292 3395 1519 3466 recentissimus,
1535 3396 1575 3451 ita
1594 3395 1625 3453 iu
1647 3393 1813 3452 emendan-

487 3496 526 3553 do
548 3496 673 3554 Salustio
691 3498 767 3554 nulli
788 3498 846 3554 lere
865 3498 930 3553 usui
950 3505 1003 3557 est.
1041 3492 1099 3552 Alii
1115 3514 1162 3553 sex
1179 3491 1276 3551 Codd.
1294 3493 1411 3551 Salustii
1425 3503 1494 3550 sunt
1514 3491 1660 3565 berolini,
1682 3509 1810 3571 quorum

485 3603 652 3652 accuratam
674 3592 901 3672 descriptionem
919 3604 956 3651 et
965 3592 1109 3653 5feriantes
1130 3592 1268 3665 lectiones
1291 3609 1407 3647 summa
1431 3609 1499 3646 cum
1525 3588 1677 3667 diligentia
1702 3606 1735 3645 ex
1754 3587 1813 3645 eli-

488 3700 562 3771 quot
591 3689 736 3768 capitibus
763 3693 900 3749 collectas
923 3689 961 3747 ad
984 3708 1030 3746 me
1061 3687 1219 3746 transmisit
1243 3688 1356 3763 juranis
1378 3684 1714 3761 hirmanissimsujatque
1738 3682 1812 3741 doc-

487 3790 631 3858 tissimus,
653 3785 816 3845 Fridcricus
831 3786 959 3859 Sander,
982 3783 1151 3864 Philologiae
1172 3784 1337 3861 studiosus,
1353 3783 1555 3845 berolinensis,
1577 3778 1810 3839 Beroliuensisl.

486 3888 565 3946 inter
585 3886 681 3944 Codd.
701 3884 768 3941 lllss.
789 3883 886 3941 latin.
907 3882 970 3939 Fol.
983 3883 1033 3961 49.
1067 3878 1245 3938 Chartaceus
1265 3881 1340 3937 soliis
1365 3880 1508 3938 maximis.
1528 3878 1597 3935 Sacc.
1617 3876 1680 3936 XV.
1708 3886 1743 3933 ut
1765 3876 1819 3963 7³¹.

489 3985 574 4044 detur
586 3987 718 4061 scriptus.
744 3982 847 4038 Solum
870 3980 1004 4037 continet
1024 3976 1182 4055 Catilinam
1206 3977 1258 4057 qui
1285 3978 1371 4035 titulo
1391 3986 1477 4034 caret.
1497 3974 1676 4033 Berolincns.
1696 3970 1736 4028 IL
1763 3970 1812 4029 in-

486 4092 530 4141 tcr
545 4080 642 4139 Codd.
661 4081 726 4138 Mss.
740 4078 836 4135 latin.
861 4080 923 4137 Fol.
946 4096 993 4155 29.
1022 4073 1216 4145 Chartaceus,
1231 4075 1308 4131 soliis
1329 4074 1461 4131 maximis
1480 4090 1560 4127 anno
1578 4064 1811 4128 Mcccctxx.

493 4180 588 4258 Prsgae
605 4179 745 4255 scriptus,
767 4173 798 4231 id
815 4172 897 4255 quod
910 4173 942 4229 in
959 4175 1020 4230 fine
1036 4169 1189 4251 iugurthae
1209 4181 1343 4229 notatum
1360 4180 1412 4238 est,
1445 4174 1549 4229 Insunt
1567 4178 1702 4246 praeterea
1722 4163 1813 4221 multi

449 4274 460 4283 ’
490 4274 629 4335 aliilibri.
650 4271 747 4331 Codd.
762 4270 956 4331 berolinensis
969 4269 1026 4328 111.
1046 4266 1296 4341 Membranacens,
1310 4268 1435 4340 octonis,
1452 4265 1651 4324 nitidissimus.
1671 4262 1742 4324 Sec.
1753 4278 1813 4323 ιιι.
