4050 5009
1611 460 1653 513 tl

330 638 436 719 Cujus
457 633 570 701 socius
591 638 625 697 et
640 626 843 697 administer
869 628 1066 713 Perperna,
1085 630 1228 710 propter
1250 624 1364 691 melus
1384 624 1595 712 supplicium
1618 630 1665 695 ti-

251 763 367 830 mens,
396 764 437 809 ex
458 740 618 805 Sardinia
635 738 676 803 in
694 734 873 825 Liguriam
891 726 1117 816 transve'etus,
1131 731 1336 818 Hispaniam
1353 732 1486 819 petivit.
1520 736 1607 819 App.
1628 738 1664 798 Β.

252 841 794 931 Giv.1.ro7.Plut.Sert.16.⁰)

249 1188 404 1287 leritate,
425 1208 495 1271 qua
517 1184 658 1269 exarsit,
675 1152 826 1251 evanuit·
846 1181 932 1263 App.
954 1179 990 1239 Β
985 1098 1049 1240 Ι(1
1063 1176 1091 1239 Ι
1116 1194 1185 1261 107.
1206 1160 1477 1254 messenatae
1492 1156 1542 1246 irs
1560 1170 1662 1254 ἀπίο-

252 1312 322 1393 χιον
343 1328 374 1375 ιι.
394 1328 426 1371 τ.
449 1311 484 1371 λ.
505 1300 885 1389 SedLepidumiterum
899 1307 1020 1364 contra
1032 1298 1155 1364 urbem
1170 1302 1316 1388 duxisse,
1332 1310 1424 1367 reete
1436 1301 1661 1367 exPlutarchi

250 1430 366 1495 verbis
390 1426 578 1514 colligitur.
606 1426 725 1509 Pomp.
753 1424 801 1491 16.
829 1404 862 1481 ἓν
891 1394 1137 1503 δῖΜουτίιο
1097 1437 1153 1494 τις
1171 1412 1347 1559 Γαλοῖιῖις
1374 1403 1660 1501 oimsa'dmo
1610 1445 1659 1489 τοι

249 1520 370 1635 Βριυτῳ
388 1556 507 1623 sextat
524 1556 634 1627 χρονον
654 1540 742 1626 (scil.
761 1516 980 1629 nomisff
964 1556 997 1603 ιι
1015 1558 1044 1632 ῳ
1026 1516 1286 1615 ‘walerdae
1226 1558 1285 1607 tm
1303 1562 1357 1622 ιηι
1374 1522 1483 1636 roipert
1501 1532 1581 1639 ῥυεὶς
1598 1538 1659 1609 καὶ

249 1641 528 1755 προποθημιιος
545 1637 672 1743 ἔξωθεν
689 1634 888 1727 ereata*
869 1678 931 1749 pret
963 1637 1110 1753 dtam'pot
1138 1681 1218 1733 aar.
1238 1667 1273 1729 λ.
1305 1666 1365 1731 cfr.
1388 1668 1449 1731 Or.
1466 1667 1557 1731 Phil.
1570 1668 1661 1733 med.

249 1774 324 1848 ,dn
342 1769 544 1857 exspectatis
563 1770 648 1833 dum
671 1766 821 1835 exercitu
838 1788 956 1834 rursus
974 1771 1116 1834 admoto
1136 1767 1229 1835 terro
1251 1778 1356 1855 atque
1372 1773 1512 1837 damma
1537 1772 1660 1836 urbem

250 1876 391 1941 invadat
402 1886 419 1920 ²>
439 1876 502 1941 et
490 1898 529 1941 ιιι
541 1876 601 1942 fin.
620 1874 820 1962 ,Quoniam
827 1875 978 1962 Lepidus
991 1875 1178 1941 exercitum
1188 1876 1324 1962 privato
1340 1876 1488 1943 consrlro
1497 1886 1661 1963 paratum

248 2022 290 2039 -
309 1988 353 2051 ad
374 1985 497 2049 urbem
516 1983 648 2049 ducit.»
667 1984 734 2049 Sed
752 1986 856 2049 Bruto
877 1992 976 2069 capto
999 1993 1102 2065 atque
1121 1983 1321 2064 interiecto,
1349 1983 1443 2050 nibil
1461 2003 1578 2068 ausus,
1598 1982 1660 2047 iti·

250 2112 331 2159 nere
354 2106 538 2176 converso,
558 2091 597 2155 in
615 2088 786 2154 Etruriam
806 2088 982 2157 recessisse
999 2090 1154 2173 videtur,
1174 2092 1236 2155 ubi
1254 2092 1381 2157 iterum
1397 2090 1473 2155 acie
1492 2098 1658 2154 certatum

250 2203 310 2259 est.
331 2196 392 2256 ct'r.
415 2196 514 2253 Oros.
534 2194 559 2251 l.
577 2194 602 2251 l.
623 2214 690 2269 qua
709 2198 751 2257 de
769 2214 807 2258 re
829 2194 879 2257 ita
899 2196 1041 2277 exponit
1061 2194 1413 2277 tul.1-:xruperantius
1428 2216 1457 2257 c.
1475 2196 1533 2256 vl.

329 2298 417 2373 ,Sed
440 2294 480 2358 in
501 2291 644 2357 Etruriae
667 2290 771 2357 litore
789 2292 970 2357 commisso
984 2294 1109 2376 proelio
1136 2302 1280 2375 coeperat
1298 2292 1450 2379 lepidus
1462 2311 1534 2357 esse
1559 2312 1661 2377 supe·

248 2406 322 2469 rior
338 2421 402 2487 per
421 2408 588 2464 armatam
608 2396 884 2483 multitudinem,
905 2416 982 2479 quas
1005 2397 1089 2460 odio
1112 2416 1229 2460 rerum
1245 2397 1466 2461 Sullanarum
1483 2416 1519 2463 se
1535 2398 1662 2485 Lepidi

247 2509 403 2595 partibus
419 2504 618 2593 applicaret.
643 2504 711 2569 Sed
730 2502 913 2586 Pompeius
933 2503 976 2567 de
995 2500 1111 2565 Gallia
1129 2502 1284 2600 rediens,
1306 2522 1378 2567 non
1391 2522 1513 2587 passus
1532 2512 1584 2569 est
1596 2506 1661 2570 Le·

245 2616 324 2701 pidi
344 2614 523 2679 audaciam
542 2634 621 2677 cum
637 2610 788 2698 publicis
806 2607 1055 2675 detrimentis
1043 2630 1187 2695 impune
1208 2608 1361 2675 bachari.
1382 2612 1469 2673 Nam
1486 2608 1660 2696 fugientes

247 2722 320 2801 ejus
336 2719 453 2806 copias
476 2740 515 2783 ac
546 2738 583 2785 se
600 2717 818 2804 implicantes
845 2714 1067 2782 testinatione
1085 2716 1286 2783 formidinis
1312 2716 1362 2801 ita
1383 2716 1585 2800 prostravit,
1605 2723 1656 2790 ut,

247 2828 378 2906 majore
391 2846 534 2892 numero
545 2824 733 2911 privatus,
722 2846 760 2889 ιιι
769 2824 965 2913 Sardiniam
978 2822 1195 2909 confugerete
1211 2833 1260 2905 ut,
1270 2821 1440 2905 impedito
1453 2831 1656 2903 commeatu,

247 2932 416 3017 populum
432 2934 628 2995 Romanum
638 2930 799 3015 fatigaret
809 2930 930 3013 inopia
944 2948 984 2991 ac
997 2946 1075 2991 suas
1089 2928 1180 2985 vires
1196 2924 1301 2985 armis
1316 2922 1495 3005 copiisque
1510 2934 1545 2987 et
1562 2924 1660 2987 omni

248 3033 479 3097 instrumento
495 3034 658 3093 reticeret.
678 3032 789 3109 Atque
803 3032 856 3089 ibi
875 3027 1049 3091 contrario
1069 3035 1297 3113 propraetore,
1315 3028 1420 3092 variis
1429 3028 1562 3115 proeliis
1577 3050 1657 3117 gra·

246 3137 417 3219 vibusque
433 3132 693 3199 centimanum
704 3128 928 3195 solertissime
941 3132 1086 3192 nutando
1101 3128 1325 3215 provinciam,
1335 3127 1463 3219 effecit,
1484 3144 1522 3199 ut
1531 3136 1657 3220 Lepidi

247 3242 393 3309 consilia
407 3258 496 3306 vana
510 3238 634 3305 forent.
655 3236 819 3313 Undique
836 3228 931 3295 enirn
939 3229 1139 3315 prohibitus
1155 3232 1409 3299 munitionibus
1424 3258 1465 3303 ac
1479 3239 1658 3304 civitatum

247 3347 501 3435 expugnatione
512 3339 692 3427 depulsus,
712 3334 869 3420 nequivit
888 3334 1037 3423 cogitata
1053 3337 1228 3424 perficere.
1246 3343 1295 3405 Ac
1314 3344 1399 3407 dum
1417 3344 1527 3409 multa
1545 3354 1658 3431 parat,

248 3454 371 3519 morbo
389 3449 485 3537 gravi
504 3463 684 3534 oppressus
697 3463 737 3507 ac
755 3448 910 3507 mortuus
926 3451 986 3509 est.

327 3557 364 3641 θ)
383 3558 574 3641 Perperna,
592 3561 776 3635 antequam
791 3549 830 3615 in
844 3550 1048 3637 Hispaniam
1057 3552 1347 3637 proficisceretur,
1369 3552 1407 3617 in
1426 3554 1568 3641 Liguria
1580 3557 1656 3623 bel·

248 3664 322 3729 lum
337 3680 516 3727 renovasse
531 3660 678 3725 ridetur.
698 3656 758 3725 cfr.
771 3657 869 3723 Oros.
883 3658 924 3725 V.
947 3673 995 3735 rt.
1014 3658 1209 3741 ..Perperna
1226 3658 1265 3721 in
1281 3656 1423 3743 Liguria
1439 3669 1472 3722 ct
1486 3670 1565 3745 post
1578 3684 1657 3727 cum

247 3768 401 3837 Sertorio
425 3767 465 3831 in
491 3764 695 3852 Hispania.l
725 3766 778 3831 ad
806 3764 940 3831 bellum
965 3763 1006 3829 in
1025 3761 1169 3851 Liguria
1190 3774 1324 3850 gestum
1348 3765 1452 3830 etiam
1477 3766 1658 3834 referenda

249 3884 347 3961 sunt,
367 3892 444 3958 quae
463 3873 561 3938 Oros.
582 3873 624 3940 V.
643 3888 692 3937 aa.
706 3880 837 3937 narrat:
866 3872 1102 3951 ,albanorum
1120 3870 1240 3937 civitas
1258 3873 1442 3939 obsidione
1463 3885 1656 3962 expugnata

249 3993 353 4065 atque
375 3979 566 4046 excruciata
581 3976 671 4045 tame
686 3977 809 4044 ultima
831 3976 1082 4043 miserabilium
1096 3976 1324 4063 reliquiarum
1345 3979 1524 4047 deditione
1544 3998 1657 4045 serva·

250 4096 286 4153 ta
301 4082 361 4171 est.
381 4084 677 4170 UbituneScipio,
691 4083 814 4173 Lepidi
820 4084 924 4169 filius,
937 4093 1056 4170 captus
1067 4086 1307 4169 atqueoccisns
1319 4095 1400 4151 est.»
1419 4089 1504 4172 Quae
1515 4085 1658 4169 quidem

249 4192 354 4261 lectio
370 4192 400 4257 si
413 4193 564 4287 genuina
577 4202 643 4277 est,
663 4193 755 4257 hunc
772 4192 967 4278 Scipionem
983 4188 1149 4258 affinitate
1165 4212 1243 4256 cum
1257 4192 1299 4278 Q.
1314 4192 1476 4257 Cornelio
1495 4188 1661 4275 Scipione

251 4297 401 4367 Asiatico
417 4299 637 4380 conjunctum
659 4306 694 4365 et
715 4316 736 4363 a
757 4297 889 4387 Lepido
911 4300 1113 4385 adoptatum
1138 4295 1244 4365 tuisse
1266 4306 1396 4374 statuo,
1424 4295 1488 4377 qui
1507 4294 1658 4362 nctnx

1338 4410 1363 4455 ιι

466 4646 482 4717 Ι
641 4704 644 4711 ,

1881 2404 1895 2440 Ι
