4050 5009
1602 407 1677 506 5⁸9

339 605 390 673 Fr.
414 608 443 688 r]
464 617 579 670 versum
599 607 733 690 primum
753 605 898 668 emisam
919 625 981 668 esse
999 605 1191 668 menifestum
1213 615 1275 684 ert,
1293 606 1400 691 viginti
1419 607 1501 669 sulm
1521 625 1620 674 versus
1640 609 1675 672 iu

259 712 371 797 pagiua
391 714 481 775 fuisse
506 712 639 774 dubitari
666 733 730 774 nou
750 721 856 794 potest.
876 715 930 774 lim
954 713 995 795 2.]
1016 711 1071 776 ttr.
1092 715 1126 776 iu
1146 714 1208 776 fine
1227 711 1354 794 syllabas
1373 711 1426 778 Vd
1444 747 1487 766 -
1507 713 1590 789 Qut
1610 735 1675 778 nou

259 815 360 880 habet.
380 820 438 881 liu.
459 819 492 899 ὅ]
512 817 566 879 sub
587 819 643 882 fin.
663 817 717 879 Kr.
737 817 868 896 MRNSU
887 821 943 881 liu.
966 819 997 893 d.
1019 818 1061 902 5.]
1090 829 1167 882 recte
1186 819 1225 881 tt.
1245 816 1308 880 hau
1327 820 1479 903 jungenda
1498 831 1528 883 et
1548 817 1675 884 mdrd's

259 927 305 987 rel
318 922 479 988 rnadelr'taa
499 924 659 1010 legendum
681 945 743 988 esse
763 927 891 988 sensuit.
912 923 1025 1007 lust]
1045 929 1100 988 tin.
1114 927 1152 986 ll.
1174 923 1312 988 uultus
1333 945 1425 1008 quare
1444 925 1495 987 rub
1515 927 1675 1010 legendum

259 1032 392 1104 censuit,
427 1030 501 1113 quid
521 1033 643 1114 reliquis
663 1033 770 1094 litteris
789 1034 893 1106 fieret,
922 1033 956 1094 iu
982 1031 1084 1094 medio
1111 1033 1243 1115 reliquit.
1264 1033 1321 1093 liu.
1341 1031 1372 1095 6.
1394 1031 1435 1115 7.]
1467 1029 1530 1094 herr
1550 1051 1672 1116 quoque

258 1134 430 1219 jungendas
450 1147 480 1196 et
496 1137 628 1219 plerique
646 1140 693 1198 vel
710 1138 883 1220 pleramque
902 1140 1048 1222 scriptum
1067 1159 1126 1201 esse
1146 1138 1249 1200 statuit
1261 1137 1315 1206 ltr.
1336 1139 1393 1202 lin.
1414 1136 1457 1218 8.]
1479 1137 1532 1200 Kr.
1545 1135 1603 1199 ΕΔ.
1624 1137 1678 1200 sed

259 1252 288 1301 et
307 1243 370 1321 ipsa
390 1241 446 1302 ΕΜ
466 1242 646 1307 emendavit.
666 1244 723 1306 liu.
744 1243 787 1325 9.]
818 1242 861 1304 sisi
877 1242 961 1305 haud
981 1243 1074 1313 dubis
1094 1244 1297 1310 scribendum.
1328 1241 1381 1306 xr.
1401 1241 1548 1304 ODUPLI
1567 1244 1626 1307 liu.
1646 1265 1677 1327 9.

262 1367 309 1408 ro.
335 1347 394 1428 rr.]
416 1359 460 1409 est
479 1346 538 1411 hoc
558 1353 801 1433 supplementum
822 1350 988 1435 Kreysigii3
1008 1352 1107 1432 Maius
1127 1351 1161 1413 iu
1181 1353 1243 1414 fine
1262 1348 1355 1412 habet
1373 1347 1501 1412 DRUM.
1520 1349 1586 1412 NU.
1618 1351 1676 1412 liu.

261 1473 310 1518 ra.
328 1452 388 1533 rr.]
410 1452 516 1516 Prima
534 1476 604 1518 uum
626 1458 705 1518 luae:
726 1458 768 1518 ita
787 1457 826 1520 ab
846 1456 1014 1541 Kreyssigio
1034 1459 1216 1520 restitutum.
1232 1457 1289 1518 liu.
1307 1454 1366 1538 vt]
1389 1457 1495 1518 melius
1505 1455 1598 1517 Kr...
1619 1473 1675 1518 uos

258 1559 372 1624 edificia
394 1582 450 1644 pro
470 1563 606 1626 edificiis.
629 1563 685 1628 lin.
709 1563 862 1645 rd.-16.]
882 1565 1039 1648 ingeniosa
1059 1564 1111 1631 Kr.
1132 1571 1302 1645 conjectura
1321 1559 1385 1624 har
1403 1563 1446 1624 ita
1465 1565 1618 1644 suppleta:
1647 1568 1677 1622 et

257 1675 322 1727 tum
342 1677 463 1730 matura
482 1667 515 1730 in
534 1689 618 1750 ugr-aa
636 1678 725 1730 erunt
744 1669 883 1732 αιαωηιιί
891 1671 1084 1759 svamtnta.”
1104 1673 1168 1752 ipsa
1187 1669 1340 1754 scriptoris
1361 1667 1451 1733 rerba
1470 1669 1607 1730 restituta
1627 1666 1678 1727 di-

257 1775 449 1860 cotemnit
469 1779 581 1838 lueuua
601 1783 699 1858 major
718 1786 809 1853 esset,
830 1797 922 1860 quum
942 1798 1008 1861 quaa
1026 1775 1123 1840 verbis
1142 1775 1282 1838 ratramni
1290 1777 1452 1854 fiuutenta
1471 1773 1581 1856 expleri
1601 1791 1675 1855 pos·

255 1888 308 1940 sst.
330 1901 423 1963 quare
441 1881 558 1966 aliquid
578 1882 715 1946 excidisse
735 1893 848 1956 statuor
866 1893 996 1945 ueterum
1019 1881 1132 1945 dehac
1152 1883 1285 1945 dictione
1305 1881 1360 1949 alr.
1380 1879 1490 1964 Porph.
1512 1879 1552 1940 ad
1571 1879 1676 1941 Horat.

255 1982 310 2065 tp.
329 1985 372 2053 Π.
395 2006 422 2049 ι.
443 1986 494 2060 do.
515 1989 571 2049 liu.
595 1987 656 2071 ¹7·]
685 1988 738 2048 Kr.
758 1987 912 2050 SEDINO.
933 1989 990 2050 lin.
1015 2007 1063 2071 ¹7·
1087 1989 1149 2068 rs]
1175 1987 1271 2068 gnava*
1289 1986 1371 2049 haud
1391 1985 1484 2048 dubie
1502 1985 1676 2069 legendum·

254 2090 312 2157 liu.
335 2089 396 2172 ad]
423 2091 479 2154 Kr.
498 2103 577 2156 recte
596 2113 653 2175 pro
672 2093 806 2177 genitivo
834 2096 915 2174 plur.
935 2093 1110 2175 superlativi
1130 2091 1247 2153 habuit.
1267 2091 1324 2154 liu·
1348 2090 1407 2173 ¹9·]
1434 2089 1487 2151 Kr.
1505 2111 1568 2152 uua
1588 2093 1676 2152 litera

255 2197 372 2258 auctius
392 2195 487 2258 FUGI
507 2199 564 2261 in·
585 2195 720 2260 Cruenta
738 2219 779 2260 au
800 2198 921 2263 inventa
939 2198 1084 2283 primaria
1103 2198 1194 2262 lectio
1215 2199 1375 2260 iuuenum.
1396 2197 1453 2258 liu.
1474 2195 1534 2277 am]
1562 2195 1674 2257 iinon

254 2299 347 2362 habet
374 2302 428 2363 Kr.
456 2302 537 2366 idem
568 2305 603 2366 iu
631 2307 694 2373 iius
721 2303 843 2368 sssrtlu.
870 2306 905 2367 id
935 2307 1017 2369 euim
1046 2308 1180 2370 solemne
1200 2305 1233 2367 iu
1260 2301 1308 2368 his
1328 2303 1502 2388 fragmentis
1521 2300 1674 2385 scripturae

254 2407 482 2491 compendium.

314 2513 364 2577 Fr.
376 2514 419 2596 a]
429 2514 521 2576 initio
528 2534 607 2578 unus
615 2535 714 2581 versus
726 2518 847 2590 excidit.
857 2519 914 2588 liu.
928 2517 970 2600 a]
983 2517 1027 2580 NI
1037 2515 1081 2580 SE
1090 2518 1146 2580 lin.
1157 2517 1202 2599 3.]
1214 2519 1267 2582 tiu
1278 2516 1332 2579 Kr.
1341 2515 1380 2580 Ο.
1393 2517 1451 2578 liu.
1467 2513 1512 2599 8.]
1523 2509 1582 2576 81Τ
1591 2511 1674 2574 utu

253 2619 307 2683 sr.
321 2619 371 2680 sed
387 2624 416 2684 D
432 2627 652 2701 exconjectura
671 2621 799 2686 addidit.
810 2627 844 2686 in
860 2628 918 2689 fia.
931 2624 986 2697 Kr,
1000 2623 1063 2688 ΜΟ
1079 2625 1151 2706 (tam
1162 2643 1260 2686 secum
1270 2621 1364 2705 conj.)
1377 2623 1434 2691 liu.
1447 2621 1493 2705 9.]
1510 2621 1564 2682 Kr.
1582 2617 1674 2680 initio

254 2723 396 2802 QUAMC
409 2729 464 2788 tin.
483 2727 540 2787 Ul)
562 2739 652 2809 atque
670 2726 732 2792 hos
750 2751 822 2792 cum
841 2742 984 2810 sequente
1003 2731 1117 2792 lineola
1137 2736 1334 2811 conjunctum
1355 2727 1441 2790 uliud
1461 2725 1555 2789 uliam
1573 2731 1674 2810 legeu-

254 2830 327 2892 dum
348 2833 472 2894 censuit.
483 2831 542 2892 lin.
555 2831 615 2914 ιο.]
633 2833 689 2895 fin.
706 2830 760 2891 Kr.
779 2831 844 2890 SPE
858 2831 931 2910 (jam
951 2828 1053 2908 CdPl)
1069 2831 1122 2890 lin.
1144 2830 1205 2910 rr.]
1224 2831 1406 2894 fluxum
1425 2831 1675 2912 ssdetipsepvu·

253 2939 355 3000 demes
375 2936 553 3000 emandavit.
574 2937 629 2998 lin.
654 2935 715 3018 ad]
744 2935 798 2998 Kr.
819 2932 894 2997 PiU
913 2935 964 2998 sed
981 2941 1043 3015 jam
1064 2933 1326 3011 LAUDAMQUE
1345 2934 1524 2998 emendavit.
1544 2936 1601 2998 liu.
1624 2933 1673 2995 15.

256 3043 318 3124 ad]
337 3041 392 3106 t's.
413 3043 451 3104 tia
468 3047 516 3107 rel
537 3051 578 3105 ter
597 3041 759 3126 legendum
781 3043 898 3105 sensuit
923 3042 976 3104 Kr.
1006 3041 1124 3124 reliqua
1152 3051 1268 3125 partem
1294 3041 1378 3107 verbi
1399 3041 1535 3122 adfluere
1554 3037 1672 3104 habuit.

253 3150 311 3211 lin.
337 3150 385 3218 16.
410 3150 471 3233 ¹7·]
492 3149 561 3212 ΟΠ
580 3149 633 3212 Kr.
647 3159 679 3211 st
697 3147 760 3212 hasa
780 3170 851 3210 rum
864 3145 1055 3232 sequentibus
1069 3155 1232 3230 conjuncta
1251 3149 1339 3235 legit:
1350 3151 1447 3226 firmo
1456 3148 1561 3224 fideus
1580 3141 1671 3208 artai·¹

254 3253 312 3317 liet
332 3276 368 3317 ex
385 3255 459 3337 liuji
478 3255 574 3319 verbis
593 3257 695 3337 potius
714 3255 857 3340 colligas:
877 3255 1077 3336 Proxumus.
1098 3274 1171 3317 aur.
1184 3287 1227 3306 ·-
1246 3257 1303 3316 liu.
1322 3251 1446 3336 17.18.]
1464 3251 1572 3334 patrae
1590 3259 1671 3314 recte

253 3362 384 3423 rertituit
403 3361 457 3429 llr.
481 3361 570 3424 inane
588 3382 657 3445 pars
674 3361 813 3424 vocabuli
833 3361 983 3426 mmmm
1001 3365 1050 3429 vel
1071 3359 1223 3425 inmeritus
1243 3381 1303 3424 esse
1320 3360 1449 3425 videtur.
1468 3361 1525 3421 liu.
1543 3359 1594 3440 ιθ]
1615 3359 1670 3422 flu.

252 3465 494 3529 Kr.Ulss.huue
515 3489 636 3551 quoque
655 3469 749 3529 finem
769 3470 942 3551 superlativi
964 3489 1024 3532 esse
1037 3472 1196 3553 putaverim·
1218 3464 1388 3531 mummi
1401 3466 1536 3549 pumma·
1548 3468 1595 3530 vel
1610 3469 1671 3530 tale
1788 3463 1790 3468 ’

254 3571 339 3653 quid.
359 3573 415 3635 liu.
436 3572 498 3655 19.]
518 3574 718 3637 risuum
738 3573 858 3638 Servilii
875 3575 971 3652 ducis,
992 3587 1140 3657 quantum
1161 3575 1301 3656 squidem
1322 3575 1395 3648 seio,
1414 3574 1450 3633 iu
1469 3571 1550 3634 ballo
1570 3571 1671 3636 servili

253 3681 340 3738 nulla
359 3674 395 3740 tit
416 3680 550 3755 mentio,
569 3679 620 3741 sed
640 3683 729 3765 legati
746 3683 792 3744 rel
811 3682 941 3762 praefecti
961 3701 1073 3742 noman
1095 3682 1128 3741 ln
1149 3689 1231 3747 tauta
1251 3679 1394 3742 brevitate
1420 3681 1600 3760 scriptorum
1621 3679 1670 3740 la·

221 3782 225 3787 ’
253 3787 310 3845 sile
329 3783 479 3846 obscurari
500 3786 610 3866 putuit.
630 3787 688 3849 lin.
713 3786 773 3871 ι9.]
794 3787 848 3848 fin.
868 3787 921 3848 Kr.
941 3786 1027 3848 IUM.
1049 3785 1187 3867 (Uim
1207 3781 1519 3868 PRAEscmtrUtm

333 3889 383 3953 rr.
399 3889 444 3972 3.]
464 3889 531 3952 rol.
539 3891 580 3952 11.
602 3890 710 3954 dimid.
730 3893 795 3957 Lat.
813 3893 905 3976 prim.
925 3913 996 3976 pag.
1016 3903 1107 3956 recta.
1127 3887 1217 3974 apird.
1238 3890 1290 3954 Kr.
1311 3893 1346 3955 fr.
1367 3893 1398 3954 6.
1418 3902 1547 3956 ueterum
1569 3891 1665 3952 totum

251 3991 311 4057 hos
331 3995 549 4079 fragmentum,
579 3999 604 4058 si
633 3999 775 4084 spurcis
801 3999 967 4063 discesseris
986 4005 1049 4079 jam
1070 3997 1249 4060 Garatonius
1269 3998 1346 4061 bene
1365 3998 1552 4074 emendavit,
1583 4003 1667 4077 eujus

252 4101 480 4185 explationem
500 4123 539 4163 ne
554 4102 692 4164 Italicum
707 4104 830 4187 quidem
851 4104 995 4166 editorem
1015 4103 1160 4179 laudasse,
1180 4125 1282 4188 nemo,
1301 4103 1400 4180 credo,
1415 4106 1443 4165 el
1462 4103 1545 4164 laudi
1567 4102 1666 4164 ducet.

252 4209 308 4268 liu.
333 4207 374 4290 m]
394 4207 445 4269 Kr.
465 4207 559 4271 CON.
579 4211 695 4293 reliqua
713 4211 786 4292 Maj.
806 4211 965 4295 supplevit.
983 4212 1041 4272 liu.
1063 4210 1106 4292 3.]
1126 4211 1236 4272 TIMU.
1257 4211 1351 4272 Uilli.
1373 4253 1382 4272 .
1405 4251 1414 4272 .
1443 4207 1510 4270 MA.
1529 4209 1583 4271 Kr.
1604 4208 1665 4270 du·

251 4310 320 4375 laius
339 4315 386 4377 nil
406 4316 479 4377 uerti
498 4318 610 4381 statuit.
622 4319 679 4379 liu.
692 4315 734 4398 4.]
755 4315 813 4379 Kr.
826 4315 999 4382 sxlosls.
1020 4315 1073 4380 sed
1093 4327 1125 4383 rt
1143 4319 1208 4400 ipss
1228 4315 1356 4380 leuiores
1374 4317 1422 4386 vet
1442 4313 1556 4379 matris
1574 4311 1665 4378 scribi
