4050 5009
300 417 303 419 ’
326 396 399 483 150

319 609 425 677 supra
444 591 490 686 ad
511 593 540 653 3.
565 609 614 669 ι7.
633 604 711 672 pag.
732 605 783 670 91.
812 604 857 653 ne
877 577 1010 649 certum
1030 582 1171 669 quidem
1192 590 1260 665 est,
1292 583 1366 647 hec
1394 602 1436 651 ex
1463 584 1631 657 historico
1659 593 1737 658 lau-

318 701 403 767 data
421 713 514 776 esse,
538 696 668 758 nedum
690 713 733 758 ex
749 691 1007 765 8519565115.
1028 696 1058 756 3.
1080 694 1129 755 36.
1152 688 1212 759 clr-
1233 687 1301 753 inc.
1325 691 1394 771 198.
1422 696 1516 759 uude
1537 697 1735 765 herverus

321 810 458 888 sumpta
486 808 577 865 suut.
605 802 653 864 id.
674 804 704 867 3.
727 802 775 879 54.
818 802 909 863 Tum
933 788 1095 885 primum
1127 793 1192 862 uisi
1216 793 1396 862 Romanis
1424 799 1564 865 cameli.
1591 806 1665 871 haec
1695 825 1748 871 er·

318 906 448 976 Graecis
468 905 644 969 Plutarchi
659 925 766 974 versa.
783 908 824 974 V.
844 909 927 971 Luc.
949 926 995 970 rr.
1012 940 1055 957 -
1074 902 1123 967 id.
1144 908 1173 967 3.
1196 906 1246 987 57.
1265 903 1382 968 laudat
1396 910 1650 988 tempestatum
1670 932 1735 996 pro
1835 936 1840 947 ·

320 1014 516 1101 magmento
546 1013 640 1095 quod
671 1012 808 1076 Servius
827 1015 872 1075 ad
899 1013 1023 1098 Georg.
1048 1031 1075 1073 1.
1098 1029 1148 1093 ²7·
1176 1006 1329 1073 monuit=
1364 1016 1618 1093 tempestatum
1638 1019 1734 1098 quod

323 1140 379 1205 ep.
399 1117 589 1205 Virgilium
609 1125 679 1202 est,
699 1138 798 1203 posse
817 1118 931 1184 videri
950 1139 1015 1205 pro
1037 1124 1240 1205 temporum
1261 1116 1411 1192 dietum,
1432 1124 1470 1180 ut
1490 1119 1620 1201 ubique
1641 1124 1734 1205 apud

319 1225 525 1303 Salustium
546 1224 640 1288 uude
661 1245 788 1290 norum
804 1227 979 1307 quoddam
996 1222 1228 1312 fragmentum
1241 1220 1392 1309 lingere,
1411 1222 1619 1311 ridiculum,
1639 1227 1734 1308 quod

220 1322 223 1326 ’
323 1337 517 1416 tempestus
532 1330 725 1396 innumeris
736 1333 823 1397 locis
833 1334 897 1397 hec
906 1312 1158 1419 significatione
1167 1350 1221 1417 ap.
1231 1330 1418 1395 Salustium
1428 1331 1588 1397 occurrit.
1601 1332 1731 1399 Verba:

323 1432 413 1501 duci
424 1435 588 1519 probare
608 1435 671 1500 lib.
689 1438 718 1507 3.
737 1437 778 1501 fr.
801 1455 868 1504 rao.
883 1459 961 1522 quae
976 1458 1018 1503 er
1039 1437 1278 1524 Quinctiliano
1298 1438 1388 1503 VIII.
1407 1438 1435 1499 6.
1455 1436 1661 1520 laudantur,
1680 1436 1733 1501 ihi
1772 1424 1775 1427 ¹

321 1560 396 1607 nou
413 1542 588 1628 leguntur,
607 1562 720 1627 neque
735 1544 868 1611 incerta
885 1566 951 1631 pro
971 1545 1073 1610 certis
1092 1565 1259 1631 reponere
1273 1562 1375 1607 ausus
1394 1559 1480 1610 sum.
1499 1545 1615 1621 rerbas
1637 1543 1732 1609 unde

323 1648 394 1716 hee
409 1646 499 1713 tulit
513 1650 674 1716 colorem
693 1650 718 1715 l.
730 1654 761 1715 3.
774 1648 817 1715 fr.
835 1668 903 1713 raa.
922 1650 1039 1718 Servii
1051 1671 1122 1715 nou
1135 1649 1277 1717 Salustii
1297 1668 1386 1734 esse,
1401 1648 1475 1728 jam
1495 1648 1558 1712 diu
1578 1650 1732 1716 animad-

322 1755 428 1819 vertit
445 1758 669 1819 Burmannus.
690 1756 716 1818 1.
727 1761 757 1820 3.
779 1758 849 1834 148.
869 1755 950 1821 vide
972 1776 1075 1841 supra
1094 1765 1250 1821 nostrum
1270 1758 1460 1821 Comment.
1482 1758 1559 1829 Ρ,Ῑ.
1580 1776 1658 1843 pag.
1682 1774 1730 1821 aa.

192 1871 203 1892 ²
322 1858 348 1922 l.
368 1864 396 1924 3.
421 1860 602 1949 1541119111
619 1876 651 1937 4.
668 1863 715 1922 16:
737 1859 863 1925 iterum
880 1862 985 1924 verba
1006 1880 1047 1925 ex
1061 1860 1211 1926 Catilina
1232 1860 1322 1926 iuter
1334 1860 1525 1928 Salustiana
1541 1860 1730 1947 fragmenta

322 1961 438 2029 refert.
463 1962 524 2027 etr.
544 1964 644 2027 Catil.
665 1966 716 2045 59.
735 1963 899 2029 insulsius
921 1964 1026 2029 etiam
1047 1968 1142 2049 quod
1162 1966 1187 2029 1.
1208 1982 1238 2043 4.
1261 1968 1311 2046 34.
1331 1969 1437 2033 verba
1463 1969 1572 2056 longe
1600 1990 1625 2031 o
1644 1990 1731 2043 eon·

325 2065 463 2133 liuenti
487 2087 567 2154 pro·
580 2070 785 2134 Salustianis
805 2071 942 2156 laudet,
974 2092 1053 2135 cum
1080 2072 1219 2138 Servius
1247 2074 1292 2135 ad
1312 2075 1395 2137 Aen.
1416 2077 1447 2146 3.
1470 2090 1548 2151 ιο4.·
1560 2073 1597 2137 id
1618 2074 1730 2138 solum

323 2184 577 2257 commemoret,
599 2176 706 2241 verbe
720 2172 837 2253 medie
851 2172 890 2242 iu
903 2182 1032 2245 Ponto
1052 2182 1242 2249 secuudum
1255 2179 1442 2245 Salustium
1461 2200 1563 2265 posse
1580 2180 1731 2267 intelligi

224 2368 229 2377 ἢ
321 2282 428 2369 louge
447 2300 469 2345 a
488 2281 1049 2352 continenti.undemanitesn1m
1070 2296 1136 2372 cat,
1155 2288 1341 2355 Salustium
1361 2286 1481 2369 aliquo
1501 2288 1540 2351 iu
1559 2287 1638 2352 loco
1659 2307 1730 2351 me·
1823 2344 1825 2346 ,

325 2385 386 2452 dio
418 2384 457 2450 iu
484 2390 609 2454 Ponto
631 2408 831 2474 usurpasse,
858 2399 897 2455 ut
924 2391 1047 2459 insulae
1066 2394 1228 2479 procula
1254 2391 1447 2456 continenti
1467 2401 1607 2457 remota
1626 2391 1730 2456 situm

323 2492 540 2557 describeret.
571 2492 631 2560 cfr.
653 2494 694 2555 fr.
716 2494 783 2559 inc.
809 2512 878 2560 arr.
906 2496 949 2559 fr.
969 2516 1000 2575 4.
1023 2499 1072 2561 6ι.
1095 2498 1146 2577 46.
1174 2516 1216 2562 ex
1234 2498 1329 2561 bello
1349 2496 1562 2582 iugurthino
1581 2497 1730 2581 petitum

323 2598 402 2681 lug.
422 2604 474 2677 73.
494 2600 612 2683 Neque
633 2596 737 2664 labos
755 2618 787 2679 4.
803 2602 852 2686 59.
871 2623 937 2687 pro
957 2602 1127 2687 peculiari
1147 2600 1188 2666 lr.
1210 2600 1295 2685 poni
1314 2592 1456 2684 poterat,
1478 2620 1556 2665 eum
1576 2600 1667 2666 Serv.
1688 2602 1727 2665 iu

324 2700 523 2765 universum
533 2712 687 2787 moneat,
708 2706 774 2769 hae
789 2707 1034 2775 terminatione
1051 2726 1152 2770 usum
1171 2724 1242 2771 esse
1261 2704 1466 2783 Salustium,
1486 2706 1729 2790 eaquesaepina

323 2805 523 2872 inCatiliua
535 2812 753 2899 etJugurtha
773 2819 990 2879 occurrat-
1008 2826 1039 2889 4.
1060 2824 1107 2895 72.
1127 2834 1213 2877 uum
1233 2808 1527 2888 labetuuiversa
1549 2831 1629 2893 quoe
1644 2831 1729 2895 pre·

324 2910 450 2979 uendit
457 2914 568 2983 Servii
582 2919 694 2986 rerba
702 2934 781 2985 sunt
796 2923 936 2992 adden.
949 2923 980 2984 3.
997 2936 1068 2998 4²¹·
1089 2938 1119 3000 4.
1135 2938 1185 3004 74.
1198 2918 1259 2983 cfr.
1273 2916 1315 2983 fr.
1329 2917 1397 2981 inc.
1413 2935 1482 2981 ano.
1495 2917 1684 2981 succedere
1699 2932 1729 2993 4.

325 3041 377 3101 79.
398 3039 452 3104 ap.
472 3024 565 3087 Serv.
587 3027 618 3087 6.
642 3028 708 3091 125.
730 3029 818 3113 (nou
836 3029 927 3111 425.)
948 3048 991 3093 ex
1009 3025 1205 3117 fragmento
1221 3026 1294 3107 jam
1314 3043 1416 3111 supra
1435 3024 1574 3087 laudato
1605 3020 1729 3106 repeti·

213 3130 216 3133 ’
325 3131 410 3187 tum.
425 3124 588 3193 cfr.Serv.
607 3134 652 3196 ad
671 3134 788 3222 Eclog.
809 3136 839 3200 5.
860 3137 891 3198 6.
911 3143 949 3199 et
968 3134 1038 3199 inc.
1063 3138 1179 3201 raa-
1198 3133 1240 3197 fr.
1261 3137 1311 3195 26.
1330 3133 1354 3194 l.
1376 3134 1404 3195 5.
1425 3152 1465 3195 cx
1484 3129 1669 3193 Plutarcho
1690 3128 1728 3191 in

324 3228 486 3293 Latinum
499 3236 712 3305 translatum.
722 3243 762 3308 V.
776 3244 857 3305 Luc.
878 3262 907 3311 c.
918 3245 968 3304 33.
990 3244 1034 3305 de
1056 3238 1097 3302 t'r.
1121 3258 1171 3319 ²7·
1193 3245 1226 3301 et
1246 3242 1296 3313 34.
1318 3234 1378 3300 cfr.
1398 3232 1439 3297 fr.
1460 3234 1527 3297 inc.
1549 3250 1669 3300 ara-
1687 3233 1728 3295 fr.

326 3335 376 3399 58.
395 3334 460 3403 lib.
474 3338 512 3403 ’3.
535 3339 599 3422 qui
616 3344 876 3427 rempublicam
897 3348 1035 3411 salvom
1058 3347 1135 3408 vult
1155 3364 1211 3406 me
1228 3348 1415 3424 sequatur.
1435 3342 1508 3404 haee
1528 3342 1632 3405 Debr.
1652 3341 1728 3403 lau-

324 3441 385 3505 dat
396 3462 438 3506 ex
451 3443 627 3510 Prisciano
639 3448 678 3514 X.
692 3450 763 3513 666.
785 3454 846 3517 scd
866 3452 919 3516 ibi
940 3471 1012 3522 non
1033 3450 1213 3535 leguntum
1225 3440 1337 3527 neque
1349 3446 1423 3513 haee
1442 3464 1507 3529 pro
1517 3445 1729 3529 Salustianis,
1855 3455 1861 3465 ’

325 3545 449 3611 habeo.
478 3548 582 3613 etiam
612 3554 661 3632 59.
689 3554 818 3620 Senoti
837 3552 990 3640 quidem.
1021 3576 1074 3639 ap.
1095 3552 1224 3617 Charis.
1257 3568 1354 3629 1.4o.
1386 3548 1638 3633 Cledon.1930.
1664 3570 1729 3637 pro

325 3646 526 3748 fragmentis
545 3656 682 3724 laudari
711 3656 964 3751 nonpossuut,
989 3680 1068 3725 eum
1100 3678 1172 3723 non
1193 3677 1264 3721 uno
1285 3656 1364 3721 loco
1384 3656 1424 3720 in
1444 3655 1593 3721 Catilina
1613 3666 1647 3721 et
1665 3659 1729 3721 Ju-

277 3839 281 3848 ,
324 3757 450 3837 gurtha
469 3759 637 3845 legantur.
657 3768 816 3831 Feroees
828 3769 1028 3832 Dalmatas
1048 3783 1101 3849 ap.
1114 3762 1260 3827 Tertull.
1281 3764 1325 3826 de
1345 3762 1467 3826 Anima
1488 3786 1525 3847 p.
1544 3764 1612 3825 313.
1634 3762 1729 3825 idem

326 3877 405 3922 eum
425 3862 539 3926 verbis
556 3887 673 3951 genus
692 3870 807 3935 ermis
816 3868 937 3962 feroc·
956 3890 1029 3937 esse
1048 3869 1194 3935 ridetur.
1231 3872 1352 3933 Cetera
1371 3888 1448 3951 quae
1469 3888 1510 3932 eu
1529 3856 1646 3931 recens
1668 3870 1729 3929 ad·
1783 3912 1788 3923 .

327 3961 411 4029 ditis
427 3965 540 4053 omisi,
560 3972 678 4035 autin
698 3994 774 4040 moa
793 3976 948 4043 editione
964 3978 1037 4057 jam
1059 3994 1212 4061 expressa
1231 3982 1326 4059 sunt,
1348 3974 1469 4039 autad
1490 3970 1673 4036 Catilinam
1695 3982 1729 4036 et

320 4069 529 4159 ¹iugurtham
548 4078 732 4161 pertinent.
