4050 5009
1575 414 1619 490 ι9

637 592 767 671 Oratio
794 592 975 671 Catilinoe.
996 594 1105 697 (cap.
1121 588 1206 690 58.)

308 736 497 819 Nequiquam
516 764 537 783 ·
552 732 648 795 officit
665 766 685 782 -
703 734 849 815 uobisque
864 734 977 795 cladem
997 766 1017 782 -
1037 754 1098 815 quo
1113 736 1181 793 loeo
1199 760 1221 777 ·
1237 728 1337 789 omnis
1350 724 1543 808 intelligitis·
1561 720 1617 783 sd·

221 832 382 918 credimini
399 864 420 881 ·
436 832 526 893 roltis
544 861 565 877 ·
582 832 793 891 ismunmum
806 842 851 891 est
868 861 889 879 ·
906 841 1039 891 estnmo.

487 975 617 1049 Oratio
640 976 813 1073 Micipsae
837 974 890 1051 ad
912 976 1140 1077 rogorum
1165 970 1362 1075 (capro.)

300 1116 341 1177 Te
360 1113 509 1197 iugurtha
527 1146 547 1162 ·
567 1134 691 1195 regnum
712 1136 812 1175 meum
832 1148 852 1164 -
871 1116 1029 1177 oneraristi
1047 1146 1067 1163 -
1094 1116 1172 1173 inter
1192 1112 1330 1172 mortales
1345 1120 1389 1171 est
1406 1142 1425 1157 ·
1442 1110 1508 1170 rite
1526 1110 1616 1169 linem

221 1213 293 1273 tacit
310 1242 330 1261 ·
348 1210 538 1291 obtestorque
563 1220 591 1269 te
609 1242 629 1258 -
646 1211 832 1271 inbecillum.

494 1354 625 1429 Oratio
651 1355 867 1431 Atherbolis
891 1362 929 1429 in
952 1356 1098 1433 Senatu.
1124 1352 1229 1455 (cap
1260 1352 1337 1447 lle)

299 1498 364 1556 Vos
388 1495 534 1555 adfinium
563 1497 629 1554 loco
649 1526 668 1543 ·
688 1516 773 1575 posse
796 1496 913 1556 scobis
937 1516 1003 1556 sur.
1023 1528 1042 1544 -
1069 1498 1105 1555 iis
1127 1493 1238 1553 finibus
1257 1499 1366 1569 ejectus
1385 1520 1404 1537 -
1421 1487 1580 1571 suplsscem
1599 1517 1618 1535 ·

220 1590 320 1650 liberis
336 1594 478 1672 regnique
498 1624 517 1638 -
536 1611 693 1672 nunquam
718 1612 786 1673 ergo
806 1592 937 1651 -isdem
961 1592 1037 1651 dolis
1058 1590 1189 1671 nonquit
1206 1620 1225 1635 ·
1246 1590 1302 1647 tuti
1319 1608 1420 1647 sumus
1437 1589 1469 1646 in
1489 1618 1508 1635 -
1527 1585 1619 1644 bene-

218 1689 285 1747 ficis
303 1690 363 1747 suis
380 1699 460 1745 ratus
478 1697 522 1745 est
547 1720 566 1733 -
595 1699 647 1745 aut
668 1706 728 1767 quo
748 1689 883 1767 potissim
910 1718 930 1735 -
959 1689 1144 1768 propinquos
1171 1717 1190 1733 -
1218 1694 1346 1759 eeteros,
1365 1685 1459 1743 elium
1480 1682 1618 1739 -anima

217 1793 264 1842 est
280 1814 300 1831 ι·
317 1784 390 1841 mali
407 1781 561 1841 accidisset
579 1814 599 1831 -
618 1786 684 1843 exul
703 1814 723 1829 -
741 1794 863 1863 expecto
883 1784 944 1861 (ita
962 1774 1097 1863 semper)
1118 1814 1137 1831 -
1156 1804 1215 1843 neu
1237 1780 1345 1843 loedera
1364 1812 1383 1827 ·
1403 1790 1581 1839 transvorsos
1601 1807 1619 1823 ·
1712 1806 1715 1814 ⁴

218 1879 328 1958 quoius
343 1881 438 1959 impio
458 1910 476 1924 -
496 1898 534 1936 ne
550 1880 618 1953 ille,
640 1881 691 1959 qui
710 1900 792 1938 nunc
809 1912 830 1926 -
848 1880 899 1939 sod
913 1880 1012 1939 omnis
1031 1877 1083 1937 has
1102 1908 1122 1925 ··
1141 1890 1238 1960 patres
1257 1900 1283 1939 c.
1302 1877 1454 1939 subvenite
1473 1906 1492 1923 -
1512 1875 1618 1935 misero

121 2032 126 2039 .
219 1970 295 2032 mihi
317 1974 459 2051 (omissa,
479 1994 543 2054 quae
559 1976 593 2033 in
611 1976 718 2033 oseteris
738 1974 825 2034 codd.
842 1976 1016 2055 interposita
1034 1973 1134 2052 sunt.)

320 2118 451 2193 Oratio
480 2120 518 2192 C.
542 2121 695 2193 Memmi
721 2122 782 2194 Tr.
807 2122 870 2195 Pl.
891 2120 945 2194 od
963 2120 1139 2219 populum
1163 2118 1268 2194 Ilom.
1294 2116 1397 2222 (cap.
1419 2118 1493 2216 51.)

299 2256 426 2317 Obviam
446 2258 488 2317 iro
506 2260 645 2337 potentia
665 2260 801 2319 factionis
821 2290 840 2305 -
858 2260 899 2318 M.
912 2260 998 2319 Fulvi
1011 2260 1118 2319 caedcm
1137 2291 1157 2306 -
1175 2256 1301 2319 honores
1321 2279 1383 2317 non
1399 2258 1507 2339 prades
1524 2256 1618 2319 habe-

173 2372 179 2381 ·
216 2363 285 2413 rent
303 2384 323 2401 -
340 2354 400 2413 Vos
415 2356 448 2412 in
465 2354 592 2433 imperio
612 2356 676 2412 nati
697 2386 716 2401 -
735 2354 773 2413 At
789 2356 841 2435 qui
857 2366 928 2413 sunt
948 2357 970 2413 ii
989 2387 1009 2404 ·
1028 2356 1252 2415 sceleratissumi
1272 2386 1291 2401 -
1311 2362 1414 2435 ltaque
1429 2376 1518 2434 quam
1534 2358 1618 2436 quis-

217 2468 276 2531 que
295 2480 314 2495 -
333 2452 432 2509 omnis
453 2450 532 2509 idem
549 2470 656 2530 cupere
669 2482 688 2497 -
707 2471 809 2509 curam
830 2452 973 2511 libertatis
993 2483 1012 2498 -
1026 2454 1118 2533 magis
1143 2452 1227 2510 robis
1254 2454 1352 2511 secisse
1372 2483 1391 2499 -
1410 2462 1516 2511 aeterna
1532 2452 1619 2511 solli-

216 2544 321 2604 citudo
340 2576 359 2592 -
374 2547 551 2628 intellegetis
570 2578 590 2594 -
608 2549 794 2628 impunitum
818 2550 961 2607 amittatis
980 2580 999 2595 -
1018 2550 1098 2609 serari
1117 2579 1136 2595 -
1156 2549 1214 2607 nisi
1230 2549 1422 2609 vindicantur
1440 2581 1459 2597 -
1478 2547 1550 2629 qnid
1571 2568 1619 2607 re-

216 2642 322 2702 licum.

371 2738 501 2814 Oratio
529 2741 567 2814 C.
591 2741 696 2814 Mari
721 2740 827 2815 Conr.
851 2741 903 2815 ad
920 2742 1097 2841 populum
1121 2741 1225 2816 Rom.
1251 2751 1356 2843 (cap.
1373 2740 1454 2839 55.)

298 2877 367 2937 Non
384 2877 478 2939 isdem
498 2910 517 2926 -
537 2880 666 2937 maximo
685 2890 780 2939 restro
795 2879 942 2948 beneficio
959 2912 978 2926 -
998 2900 1063 2939 mea
1081 2878 1223 2937 beneficia
1238 2880 1269 2937 in
1290 2899 1352 2937 rem
1372 2878 1524 2957 publicam
1546 2898 1619 2961 pro-

216 2973 328 3033 cedunt
347 3006 366 3021 ·
392 2976 598 3055 imperatorem
617 2977 742 3053 jussistis
762 3006 782 3023 -
809 2974 916 3056 probra
936 2975 1121 3054 objiciuntur
1140 3005 1158 3021 ·
1189 2996 1223 3033 ex
1240 2987 1332 3034 matre
1349 2974 1450 3035 Albini
1469 3008 1488 3023 -
1509 2978 1619 3037 iaciant

215 3073 288 3129 item
309 3103 329 3119 -
348 3069 409 3131 heco
424 3092 476 3152 per
494 3075 547 3130 illa
565 3074 630 3151 cepi
651 3074 731 3131 -ita
749 3094 779 3131 se
793 3093 838 3131 res
854 3070 967 3131 habent
984 3104 1004 3119 -
1024 3074 1157 3152 inopiam
1174 3076 1268 3132 fateor
1281 3071 1478 3131 -lacundiam
1494 3084 1618 3133 etoom·

215 3169 346 3247 positam
371 3200 391 3216 -
409 3179 526 3249 egomet
542 3170 680 3248 plurimis
696 3168 848 3228 laboribus
867 3201 886 3216 -
914 3168 1083 3248 presidium
1104 3171 1213 3251 agitare
1234 3202 1252 3216 -
1277 3171 1424 3228 incultum
1448 3168 1581 3229 moribus
1600 3202 1619 3217 ·

215 3266 311 3344 praetii
325 3284 434 3345 eoqum
454 3297 474 3312 -
492 3265 630 3325 sudorem
649 3275 678 3323 et
697 3266 755 3322 alia
774 3268 846 3323 talia
860 3266 1050 3344 -turpissimi
1067 3265 1215 3325 bonorum
1236 3264 1387 3324 -bonum
1407 3266 1541 3323 animum
1561 3262 1618 3324 ha-

216 3361 283 3422 bete
300 3392 320 3409 -
339 3372 369 3421 et
389 3359 569 3420 mehercules
588 3392 608 3407 -
627 3372 680 3421 aut
693 3362 726 3420 in
747 3364 847 3441 pmlio
866 3362 1021 3421 -Etenim
1041 3382 1130 3422 nemo
1152 3362 1279 3444 ignavia.

391 3507 521 3582 Oratio
548 3508 587 3579 L.
613 3507 743 3582 Sosim
768 3507 822 3580 od
843 3507 981 3607 Regem
1004 3509 1201 3581 Bocchum.
1227 3508 1330 3609 (cap.
1345 3510 1455 3624 roa.)

296 3648 405 3730 Magna
417 3649 519 3709 latitia
536 3679 556 3695 ·
576 3649 727 3728 tutiusque
746 3647 803 3704 rati
822 3677 841 3692 ·
859 3645 929 3705 (lein
946 3649 1018 3727 quia
1035 3658 1169 3728 parentes
1189 3678 1208 3694 -
1227 3646 1358 3707 demitte.

443 3800 573 3875 Oratio
596 3801 641 3874 R.
665 3802 811 3874 Bocchi
834 3799 886 3872 od
909 3802 949 3872 L.
974 3800 1141 3875 Sarma.
1174 3800 1278 3903 (cap.
1302 3804 1403 3894 110.)

295 3940 379 3998 Sulla
404 3942 519 3999 nullius
548 3941 668 4021 indigus
694 3970 714 3985 -
740 3941 874 4019 praetium
894 3940 1032 3999 amicitiae
1051 3949 1107 3998 tua
1132 3970 1151 3987 ··
1176 3937 1254 3999 nihil
1273 3940 1368 3999 carius
1391 3950 1434 3999 est
1460 3972 1479 3987 -
1509 3939 1615 4002 adfinis

211 4055 298 4096 meos
319 4034 384 4095 adr.
404 4067 424 4081 -
443 4037 534 4116 gerite
550 4035 631 4115 quod
648 4036 747 4095 vultis.

299 4152 336 4221 C.
355 4152 455 4234 Crispi
468 4154 591 4215 Sattuot
610 4155 710 4219 Orare.
732 4164 874 4234 eccepto
889 4157 927 4213 oe
945 4154 1024 4215 bottis
1042 4154 1160 4233 explicit
1164 4154 1305 4230 feliciter.

298 4257 335 4320 C.
355 4258 454 4340 Crispi
464 4260 583 4321 Sallusti
601 4259 759 4322 Orationes
777 4261 815 4319 de
831 4258 958 4320 historiis
975 4258 1078 4338 incipit
1087 4258 1226 4335 feliciter.
1260 4274 1262 4279 ·

1009 4362 1035 4417 ’k
