4050 5009
1605 415 1630 496 5

227 612 284 686 tio
309 610 477 685 intentus
510 605 682 712 praeclari
708 602 886 678 facinoris
921 619 989 678 aut
1021 601 1112 677 artis
1140 583 1265 677 bonae
1298 599 1441 676 famam
1469 598 1661 704 quaesita

228 733 302 809 Sed
324 734 366 806 in
386 758 524 842 magna
544 728 653 833 copia
683 753 811 802 retum
833 726 942 802 aliud
959 727 1026 802 alii
1050 741 1191 800 natura
1214 725 1287 800 iter
1315 723 1490 800 ostendit
1540 723 1631 799 Pul·

230 855 369 934 chrum
389 873 444 932 ost
466 853 704 930 benefacere
725 849 984 955 reipublicae:
1009 849 1125 924 etiam
1158 849 1257 926 bene
1287 849 1412 924 dicere
1433 847 1542 924 haud
1566 849 1633 924 ab·

228 983 390 1058 surdum
411 996 487 1056 cst:
512 978 571 1054 vel
589 1001 703 1081 pace,
728 973 788 1050 vel
812 973 912 1049 bello
933 973 1082 1050 clarum
1103 973 1185 1048 fieri
1212 973 1326 1048 lieet:
1353 990 1391 1048 et
1412 974 1482 1076 qui
1503 973 1633 1048 secere,

228 1125 268 1183 et
289 1107 356 1208 qui
378 1103 477 1180 sacta
494 1103 659 1176 aliorum
678 1098 875 1202 scripsere,
901 1099 1016 1174 multi
1033 1097 1252 1173 laudantur.
1277 1102 1332 1172 Ac
1352 1096 1450 1173 mihi
1464 1096 1636 1200 quidem,

229 1229 376 1306 tametsi
392 1227 694 1330 haudquaquam
712 1251 784 1326 par
802 1221 921 1327 gloria
938 1238 1121 1324 sequatur
1136 1223 1358 1325 scriptorem
1379 1240 1417 1296 et
1439 1237 1634 1299 auctorem

229 1379 376 1447 rerum;
401 1369 528 1426 tamen
561 1347 754 1452 inprimis
779 1345 946 1420 anluum
965 1345 1117 1420 videtur
1132 1373 1188 1421 res
1209 1362 1326 1450 gestas
1345 1345 1533 1422 scribere:
1554 1345 1634 1449 pri-

228 1506 337 1553 mum
358 1476 462 1580 quod
479 1475 577 1548 lacta
600 1470 710 1546 dietis
740 1485 833 1544 suut
856 1469 1116 1572 exaerpiauda:
1155 1467 1297 1545 dehine
1323 1469 1414 1572 quia
1441 1469 1634 1574 plerique,

230 1629 330 1706 quae
356 1601 493 1676 delicta
516 1593 817 1700 reprehenderis,
847 1593 1109 1668 malivolentia
1128 1611 1167 1669 et
1183 1594 1329 1670 invidia
1351 1594 1454 1669 dicta
1474 1611 1635 1698 putant:

228 1726 297 1800 ubi
319 1725 515 1827 demagna
536 1720 677 1794 virtute
693 1735 730 1792 et
749 1717 867 1822 gloria
890 1717 1082 1794 bonorum
1104 1743 1304 1810 memores,
1330 1717 1517 1820 quaesibi
1532 1718 1636 1822 quis·

227 1877 305 1952 que
328 1848 456 1922 facilia
478 1847 584 1920 factu
600 1857 729 1946 putat,
753 1867 863 1942 aequo
888 1841 1018 1916 animo
1035 1843 1197 1945 accipit3
1220 1869 1334 1946 supra
1348 1869 1410 1932 ea,
1431 1843 1550 1918 veluti
1569 1843 1636 1919 lic·

227 1991 289 2062 ta,
323 1999 394 2076 pro
420 1969 521 2046 salsis
542 1966 657 2041 ducit.
692 1963 764 2038 Sed
787 1991 854 2068 ego
879 1965 1187 2040 adulescentulus
1216 1967 1343 2056 initio,
1379 1967 1491 2043 sicuti
1520 1967 1635 2072 pleri-

228 2125 324 2198 que,
349 2095 475 2168 studio
498 2093 547 2166 ad
574 2087 850 2192 rempublicam
876 2089 975 2163 latus
1002 2115 1108 2179 sum,
1137 2089 1269 2191 ibique
1293 2089 1392 2166 mihi
1420 2091 1544 2165 multa
1565 2091 1633 2166 ad·

227 2245 333 2293 vorsa
353 2219 465 2292 luere.
515 2217 611 2288 Nam
629 2241 698 2316 pro
726 2211 894 2314 pudore,
920 2239 990 2314 pro
1011 2213 1261 2303 abstinentia,
1289 2242 1360 2318 pro
1381 2214 1541 2307 virtute3
1565 2242 1635 2290 au-

228 2343 356 2430 dacia,
381 2340 551 2444 largitio,
577 2336 734 2412 avaritia
756 2335 941 2438 vigebant.
986 2335 1084 2432 Quae
1111 2336 1259 2412 tametsi
1280 2339 1432 2413 animus
1455 2365 1633 2442 asperna-

228 2468 368 2555 batur,
394 2465 556 2539 insolcns
576 2461 767 2534 malarum
792 2459 956 2552 artium3
993 2477 1122 2534 tamen
1147 2465 1248 2534 inter
1271 2477 1377 2535 tanta
1404 2463 1496 2538 vitia
1516 2463 1634 2538 imbe-

230 2591 318 2665 cilla
350 2606 437 2662 atas
465 2585 674 2662 ambitione
703 2599 882 2685 corrupta
907 2583 1128 2658 tenebatur:
1154 2611 1198 2660 ac
1223 2611 1305 2674 me,
1330 2614 1454 2688 quum
1474 2587 1523 2661 ab
1548 2588 1636 2662 reli-

230 2740 397 2815 quorum
419 2711 529 2785 malis
552 2707 721 2784 moribus
742 2703 992 2798 dissentirem,
1015 2705 1141 2784 nihilo
1158 2709 1288 2784 minus
1305 2709 1463 2786 honoris
1483 2711 1638 2816 cupido,
1663 2797 1666 2804 ¹

229 2929 281 2968 nes
293 2907 381 2968 credo
398 2907 475 2967 libri.
499 2917 560 2966 lum
580 2915 606 2966 cl
620 2906 654 2966 si.
678 2907 769 2966 blarlt.
785 2921 819 2970 Λ.
841 2917 981 2967 actorem.
998 2906 1082 2966 Basil.
1111 2927 1140 2967 ι.
1157 2907 1186 2966 3.
1212 2918 1241 2966 et
1265 2929 1290 2967 ι.
1310 2929 1351 2968 ιιι.
1365 2928 1422 2970 see.
1436 2908 1534 2971 Turio.
1558 2933 1584 2971 ι.
1606 2933 1635 2974 2.

228 3015 296 3096 l'eg.
316 3015 400 3072 Paris.
419 3035 447 3072 c.
469 3034 509 3070 m.
529 3033 585 3071 sec.
607 3011 691 3070 Bern.
705 3011 735 3072 3.
752 3013 865 3072 Fabrie.
882 3011 959 3072 Riiii
980 3011 1078 3070 Pcmb.
1096 3009 1129 3070 B.
1154 3011 1226 3070 Pub.
1243 3012 1317 3071 Bod.
1346 3013 1438 3074 Mark.
1453 3027 1483 3079 r.
1499 3029 1535 3078 Λ.
1571 3037 1637 3077 cre-

230 3121 269 3180 do
284 3131 312 3180 et
327 3121 378 3178 alii
391 3129 495 3198 msept.
514 3137 587 3198 quos
604 3116 728 3176 editores
742 3117 861 3178 laudare
882 3117 1052 3176 omiserunt.
1077 3115 1217 3195 sequitur,
1237 3117 1318 3176 laid.
1339 3121 1360 3176 l.
1378 3117 1477 3179 Guell.
1503 3142 1530 3179 1.
1554 3140 1584 3182 a.
1604 3121 1635 3182 ὅ.

229 3225 258 3296 4.
276 3226 303 3284 5.
317 3224 415 3282 Turio.
434 3244 460 3281 1.
476 3244 517 3282 m.
530 3241 576 3302 pr.
590 3219 701 3280 Charis.
720 3243 787 3304 pag.
812 3242 877 3304 ¹9²·
901 3219 956 3279 Ed.
974 3217 1089 3280 Putsch.
1116 3223 1301 3300 crepantia
1318 3221 1387 3282 sint.
1413 3223 1493 3283 Laid.
1509 3246 1536 3284 a.
1559 3224 1590 3285 b.
1605 3227 1633 3286 l.

229 3334 250 3390 l.
271 3330 455 3407 aaoeqnanta
482 3336 561 3386 aurat.
577 3324 659 3384 Basil.
681 3346 705 3384 ι.
724 3327 752 3396 Δ.
774 3325 875 3386 Turia.
896 3347 921 3385 ι.
947 3327 1034 3387 ceteri
1055 3347 1173 3407 quoqne
1195 3325 1292 3386 Codd.
1309 3327 1463 3402 inJordine
1478 3329 1633 3390 verbenam

230 3457 317 3518 quam
335 3436 458 3492 maxime
478 3433 600 3493 variant.
624 3431 706 3490 dieta
721 3441 839 3511 palent,
856 3433 977 3511 plorimi
995 3440 1024 3489 et
1036 3441 1098 3511 opt.
1116 3431 1214 3490 Codd.
1230 3430 1312 3490 dacto
1337 3434 1487 3492 omittunt.
1507 3434 1588 3494 laeid.
1603 3434 1634 3495 b.

228 3539 335 3616 luca.
365 3539 487 3598 dietum.
507 3535 591 3595 Fabr.
620 3535 746 3600 cleia.
768 3537 896 3596 iuncta
917 3535 1004 3596 dead.
1026 3537 1173 3617 usquein
1194 3539 1294 3596 ceteris
1311 3536 1408 3596 Codd.
1435 3550 1570 3599 constans
1594 3552 1635 3600 est

229 3647 323 3706 lectio.
337 3663 425 3725 quere
439 3641 520 3702 Cart.
530 3642 678 3721 expunxit.
699 3640 940 3712 nabilescenlulus,
964 3641 1025 3700 llas.
1041 3661 1069 3700 a.
1084 3641 1113 3712 d.
1127 3642 1196 3725 Τις.
1211 3642 1295 3703 Bem.
1311 3663 1339 3702 1.
1360 3643 1447 3704 initu
1463 3645 1543 3726 apud
1552 3645 1634 3706 Cort.

230 3753 367 3810 omissum
383 3789 394 3825 ,
411 3747 524 3808 incuria
542 3744 727 3804 librariorum
744 3744 841 3804 eredo.
864 3755 896 3804 ιιι
910 3765 1059 3804 memores.
1078 3745 1160 3804 leid.
1180 3747 1208 3806 l.
1229 3749 1314 3808 Basil.
1334 3749 1365 3820 Δ.
1396 3770 1416 3808 ιι
1431 3749 1538 3810 ttmlio.
1553 3751 1633 3810 laid.

229 3855 258 3913 b.
278 3878 303 3915 e.
320 3853 350 3912 d.
366 3875 391 3912 e.
408 3855 429 3912 l.
444 3875 472 3934 g.
494 3851 556 3910 Bas.
578 3871 603 3908 ι.
619 3848 649 3909 3.
664 3850 692 3921 l.
714 3849 800 3908 Bem.
814 3869 841 3908 ι.
856 3849 885 3909 3.
904 3861 998 3930 uterq.
1016 3850 1152 3910 lismens.
1170 3851 1267 3912 Guell.
1284 3855 1313 3924 4.
1327 3855 1356 3913 6.
1369 3877 1397 3934 7.
1415 3856 1443 3914 Β.
1464 3875 1510 3915 ιο.
1526 3876 1571 3914 ιι.
1587 3877 1633 3916 ra.

215 3955 328 4019 'Vanae
347 3980 375 4018 2.
390 3957 454 4019 luc.
472 3967 565 4036 uterq.
580 3955 675 4017 strue.
695 3965 723 4014 et
738 3953 826 4013 dead.
840 3953 921 4013 leid.
942 3958 963 4014 l.
982 3977 1024 4014 ιιι.
1043 3976 1099 4017 see.
1116 3957 1244 4017 osuulfo
1262 3957 1393 4038 litterula
1412 3959 1494 4018 laeid.
1515 3957 1547 4019 b.
1562 3961 1633 4023 Tus.
1660 3957 1665 3965 ’

229 4085 258 4126 a.
279 4085 299 4122 a
314 4062 412 4122 studio
435 4061 612 4120 litterariae.
634 4059 731 4118 Gnell.
754 4081 783 4138 9.
806 4069 835 4117 et
853 4063 966 4140 aliquot
988 4061 1092 4122 Wassii
1112 4060 1163 4119 scd
1178 4065 1276 4141 plures
1297 4065 1448 4122 meliorem
1477 4067 1632 4127 lectionem

228 4161 416 4228 continuant.
437 4164 604 4224 litterarum
625 4164 722 4222 edatis.
750 4163 835 4222 Basil.
863 4185 889 4222 ι.
908 4169 999 4246 glossa
1020 4165 1176 4246 adscripta.
1200 4185 1322 4247 perpes.
1341 4189 1359 4224 a
1386 4169 1546 4229 omiserunt
1570 4170 1635 4232 'l'u-

227 4275 279 4334 rie.
302 4293 327 4330 ι.
342 4271 427 4329 llern.
450 4291 475 4327 ι.
494 4269 577 4328 Paris.
596 4290 622 4328 c.
640 4268 670 4325 d.
692 4267 752 4326 Bas.
770 4289 797 4326 a.
816 4268 895 4326 Leid.
913 4291 939 4327 a.
957 4271 977 4328 i.
999 4290 1030 4327 n.
1052 4280 1080 4328 et
1095 4274 1116 4328 l.
1133 4291 1173 4329 m.
1192 4290 1237 4350 pr.
1256 4272 1358 4352 fragm.
1384 4271 1492 4331 Colou.
1510 4275 1633 4335 etl'ho-

226 4397 289 4438 san.
321 4395 395 4458 quos
420 4375 514 4434 Palm.
531 4373 649 4447 laudat,
676 4371 821 4430 Commcl.
856 4371 924 4432 Nn.
950 4374 1037 4433 Palae
1057 4395 1084 4435 a.
1107 4375 1136 4433 6.
1159 4396 1189 4456 9.
1231 4375 1329 4437 Guell.
1355 4397 1380 4434 1.
1398 4396 1425 4435 2.
1446 4377 1479 4436 ὅ.
1501 4382 1534 4440 5.
1573 4380 1634 4442 ta-
