4050 5009
1564 347 1678 472 ιε’

207 635 231 683 a
256 607 386 684 ceteris
406 603 597 710 sejuncta,
621 596 867 705 peculiariter
886 595 1081 702 explicita,
1101 595 1144 672 in
1164 621 1291 670 unum
1313 589 1450 699 corpus
1462 593 1615 669 redacta

207 741 326 828 atque
346 725 387 799 in
409 723 584 798 ordinem
601 717 780 822 disposita
805 714 974 804 fuerint,
992 715 1072 820 ipsa
1094 714 1305 790 eruditione
1329 713 1445 788 moles
1462 711 1616 786 Latina·

207 867 299 914 rum
315 858 431 943 atque
444 838 668 913 Graecarum
691 833 888 908 literarum
911 831 1039 908 studio
1061 832 1276 936 plurimum
1294 829 1428 906 damni
1452 827 1617 902 allatura

204 957 267 1030 sit.
292 958 389 1032 Cum
401 981 526 1059 nuper
536 953 710 1040 demum,
726 950 872 1028 Wolfio
890 949 1129 1054 potissimum
1146 963 1301 1022 auctore
1323 946 1468 1020 lactum
1491 943 1556 1034 sit,
1571 959 1618 1019 ut

206 1072 323 1146 rariae
334 1087 431 1145 artes
453 1086 569 1172 atque
590 1066 817 1170 disciplinae,
834 1091 921 1169 quae
940 1064 1193 1140 humanitatis
1209 1065 1344 1141 studiis
1367 1063 1618 1138 continentur

205 1187 307 1262 etin
331 1186 530 1262 academiis
543 1202 582 1260 et
601 1184 643 1258 in
656 1183 858 1288 gymnasiis
869 1182 1073 1286 separatim
1088 1182 1316 1272 doceantur,
1335 1179 1409 1256 boc
1432 1179 1548 1255 etiam
1567 1175 1618 1252 ad

206 1302 493 1406 componendos
516 1301 824 1391 commentarios,
851 1299 992 1403 quibus
1010 1315 1181 1373 auctores
1198 1299 1457 1385 illustrantur,
1475 1294 1619 1385 valere,

206 1445 324 1493 nemo
348 1445 428 1494 non
447 1417 636 1522 intelligit.
665 1419 795 1520 Neque
815 1417 928 1490 latius
951 1415 1209 1519 evagandum,
1234 1441 1359 1518 neque
1375 1414 1499 1489 aliena
1521 1428 1620 1490 trac·

207 1535 328 1609 tanda
347 1551 446 1609 sunt.
485 1535 616 1631 Quare
638 1531 734 1606 mibi
758 1531 913 1635 quidem
940 1529 1042 1604 nibil
1071 1530 1188 1606 levius
1212 1555 1287 1604 esse
1306 1528 1474 1619 ridetur,
1500 1555 1620 1632 qnam
1655 1595 1668 1606 .

120 1639 125 1646 ⁴
208 1651 371 1726 istorum
392 1649 596 1726 bominum
616 1647 759 1737 studia,
785 1648 852 1750 qui
876 1673 1090 1750 perversam
1114 1647 1396 1721 nonnullorum
1418 1661 1622 1721 consuetu·

207 1767 359 1859 dinem,
384 1783 554 1842 auctores
575 1793 664 1840 cum
691 1763 790 1838 notis
812 1765 1005 1839 variorum
1025 1763 1177 1852 edendi,
1198 1762 1257 1836 vel
1275 1763 1536 1853 retinuerunt,
1560 1761 1620 1837 vel

208 1883 352 1958 iterum
381 1896 628 1986 susceperunt
651 1895 689 1954 et
718 1879 860 1982 optime
888 1879 936 1953 dc
967 1878 1084 1954 literis
1109 1879 1288 1954 meruisse
1315 1878 1388 1952 sibi
1417 1879 1618 1969 videntur,

208 1997 317 2101 qnod
335 1999 498 2104 integras
517 1997 691 2072 omnium
706 1996 881 2099 priorum
898 1995 1090 2071 editorum
1106 1995 1449 2071 animadversiones
1462 1995 1622 2100 diligen·

211 2131 272 2188 ter
296 2115 470 2189 collectas
490 2115 630 2189 iterum
647 2111 846 2188 ediderint.
883 2113 993 2188 Hanc
1010 2114 1116 2186 enim
1136 2111 1248 2186 credo
1270 2109 1525 2185 eruditionem
1548 2137 1621 2214 pu·

211 2245 319 2319 tant,
336 2231 456 2305 varias
465 2227 748 2333 philologorum
769 2227 966 2332 opiniones
986 2229 1160 2331 ipsasque
1185 2227 1474 2330 perversissimas
1492 2227 1623 2332 cogni·

211 2361 268 2420 tas
293 2345 495 2432 haberer)
538 2344 799 2440 Quamobrem
825 2345 939 2418 etiam
960 2343 1114 2447 juvenes
1134 2346 1356 2437 hortantur,
1383 2361 1429 2418 ut
1441 2347 1522 2421 VV.
1535 2345 1621 2418 DD.

210 2461 502 2537 commentarios
528 2462 663 2565 saepius
694 2459 822 2566 legant
851 2480 966 2563 atque
993 2462 1212 2550 excutiant,
1253 2477 1292 2535 et
1314 2461 1455 2535 rivulos
1493 2461 1621 2573 potius

211 2605 331 2680 quam
357 2576 478 2652 fontes
499 2577 705 2651 consectari
725 2603 786 2651 eos
807 2575 952 2679 jubent.
987 2577 1118 2679 Neque
1137 2603 1199 2651 eos
1216 2593 1359 2666 moret,
1376 2577 1481 2679 quod
1498 2578 1621 2653 multa

211 2720 259 2768 ex
279 2693 354 2767 illis
374 2694 653 2768 commentariis
670 2692 891 2796 compilata,
919 2695 1164 2796 transcripta,
1187 2711 1362 2797 excerpta
1383 2694 1442 2769 vel
1455 2721 1523 2771 suo
1538 2696 1621 2771 loco

212 2808 370 2883 laudata
389 2825 500 2899 sunt,
522 2810 574 2883 ita
589 2825 634 2882 ut
652 2837 732 2882 non
751 2835 874 2911 pauca
895 2835 1028 2883 eorum
1044 2810 1086 2882 in
1103 2809 1210 2883 libris
1225 2809 1419 2914 legantur,
1447 2812 1515 2914 qui
1530 2839 1623 2915 pue-

212 2925 266 3000 ris
289 2925 419 3028 scripti
442 2941 540 2999 sunt.
577 2926 654 3000 Vix
676 2923 750 3000 boc
769 2941 1013 3028 speraverant
1033 2924 1184 3025 antiqui
1208 2925 1266 2999 illi
1291 2925 1496 3032 philologi,
1519 2927 1622 3015 fore,

213 3041 283 3143 qui
304 3041 453 3115 duobus
477 3040 621 3115 saeculis
646 3057 732 3143 post
756 3039 921 3116 studiose
950 3041 1079 3116 omnia
1115 3042 1403 3141 conquirerent,
1439 3069 1525 3144 quae
1550 3044 1621 3148 ipsi

212 3154 346 3230 multis
369 3155 417 3230 de
439 3156 530 3230 locis
554 3157 587 3233 ἐν
611 3147 773 3260 παρέργῳ
810 3153 1165 3232 animadverterant
1190 3203 1243 3219 -
1275 3157 1362 3232 Nou
1395 3157 1620 3262 negligenda
1650 3223 1661 3240 .

213 3271 374 3374 quidem
393 3270 456 3346 sed
482 3273 523 3347 in
544 3301 657 3351 usrun
680 3275 807 3379 potius
833 3273 1032 3362 vertenda,
1051 3301 1137 3375 quae
1159 3301 1180 3348 a
1199 3275 1390 3378 prioribus
1411 3273 1621 3351 editoribus

214 3387 366 3462 acutius
385 3405 579 3492 perspecta
602 3407 640 3466 et
656 3391 832 3466 subtilius
852 3405 1011 3462 tractata
1035 3388 1193 3483 fuerint3
1222 3391 1299 3465 imo
1319 3417 1368 3465 ne
1385 3417 1519 3465 eorum
1535 3392 1622 3494 qui-

215 3503 306 3578 dem
328 3502 434 3576 laudi
457 3505 750 3582 obtrectandum
765 3532 839 3582 esse
860 3531 1012 3594 censeo,
1040 3507 1108 3608 qui
1128 3505 1244 3610 primi
1266 3506 1404 3581 rectius
1427 3507 1476 3582 de
1493 3535 1534 3582 re
1551 3509 1621 3583 ali-

215 3645 294 3721 qua
308 3619 526 3709 emanarint,
550 3622 614 3697 sed
636 3621 710 3696 boc
732 3623 847 3697 etiam
865 3622 1125 3724 reputandum
1145 3639 1218 3712 est,
1245 3649 1331 3725 quae
1353 3623 1507 3699 tandem
1520 3625 1622 3700 anti·

215 3734 375 3836 quitatis
396 3735 614 3812 studiorum
646 3737 815 3813 conditio
836 3736 967 3811 futura
991 3739 1049 3814 sit
1095 3742 1313 3843 Augescunt
1339 3738 1382 3814 in
1412 3740 1490 3817 dies
1518 3768 1621 3817 com·

217 3995 245 4072 ⁴)
267 3995 398 4069 Quintil.
416 4003 488 4063 lust.
504 3999 620 4059 Orator.
639 4003 663 4065 1.
676 4023 713 4080 9,
735 3999 781 4060 ιθ.
799 3999 935 4078 persequi
955 3995 1076 4078 quidem
1096 3999 1177 4080 qnod
1195 4003 1319 4082 quisque
1337 4023 1470 4085 unquam
1486 4010 1532 4067 rel
1544 4029 1620 4068 con·

303 4096 544 4154 temtissimorum
561 4093 720 4155 bominum
736 4095 857 4169 dixerit,
877 4107 928 4155 aut
946 4097 1045 4153 nimiae
1063 4098 1199 4172 miserie,
1219 4109 1271 4158 aut
1286 4100 1384 4159 inanis
1401 4105 1547 4179 jactantiae
1565 4114 1621 4181 est,

302 4200 330 4250 et
348 4190 462 4250 detinet
478 4205 567 4269 atque
587 4191 687 4250 obruit
701 4195 837 4272 ingenia,
859 4193 964 4250 melina
986 4191 1052 4248 aliia
1068 4203 1205 4252 vacatura
1226 4235 1235 4253 .
1256 4235 1266 4255 0
1288 4243 1296 4262 .
1318 4237 1327 4256 .
1346 4195 1438 4279 atqui
1451 4202 1534 4281 pleni
1548 4211 1619 4261 sunt

268 4315 272 4326 ·
303 4284 448 4364 ejusmodi
471 4287 692 4366 impedimentis
710 4289 970 4369 grammaticorum
987 4291 1193 4350 commentarii
1212 4301 1270 4351 etc.
