4050 5009
1466 394 1534 469 ¹97

133 529 352 613 illestatim
375 540 415 615 L
439 541 587 619 Sullam
602 560 640 621 et
666 546 707 621 tt
729 546 921 625 Manlium
949 550 1005 627 ire
1028 550 1143 627 iubet
1190 550 1270 647 Qui
1299 574 1536 653 quamquam

135 656 253 733 acciti
276 660 408 755 ibant,
425 680 552 743 umen
577 666 726 773 placuit
748 672 859 748 verba
883 673 989 777 apud
1015 700 1141 780 regem
1162 672 1312 749 lacere:
1338 673 1536 778 ingenium

133 796 210 855 aut
223 806 397 862 svotsum
411 788 471 865 uti
490 788 702 885 flectetant,
725 810 794 871 aut
812 796 998 900 cupidum
1010 798 1113 902 pacis
1128 794 1389 873 vehementius
1402 822 1537 871 accen·

131 902 281 983 des-ent
330 914 465 1014 Itaque
484 913 609 1007 Sulla,
633 916 742 995 cuius
772 917 963 995 facundiis²
991 947 1074 997 non
1092 921 1244 996 aetetia
1273 920 1420 994 Manlio
1444 945 1544 997 con·-

132 1052 303 1125 ccssum,
328 1061 455 1139 pauca
470 1037 584 1114 verba
612 1036 876 1118 huiuscemodi
896 1043 1075 1121 locutus:
1445 1126 1448 1130 ¹

209 1212 230 1245 „
255 1157 507 1255 ltexBocche,
532 1190 669 1269 magna
695 1166 806 1241 uobis
822 1164 952 1241 laetitia
972 1183 1048 1260 est,
1073 1193 1197 1270 quum
1225 1185 1263 1243 te
1279 1171 1392 1244 talem
1410 1169 1537 1241 virum

33 1376 34 1385 ἶ
131 1278 186 1353 Di
213 1306 417 1375 monuere,
441 1285 500 1359 uti
522 1285 731 1389 aliquande
750 1314 883 1392 pacem
907 1316 1026 1392 qnam
1049 1290 1196 1365 bellum
1218 1292 1367 1385 malles3
1390 1317 1467 1363 neu
1499 1305 1537 1362 te

33 1446 34 1455 κ
134 1418 344 1505 optumum
367 1434 462 1485 cum·
475 1436 647 1513 pessumo
665 1412 841 1489 omnium
855 1410 1042 1517 Iugurtha
1059 1413 1251 1490 miscendo
1282 1412 1537 1489 commacula-

33 1520 36 1603 s
132 1528 337 1623 res3simul
346 1532 455 1609 nobis
472 1532 638 1611 demeres
651 1522 827 1613 acerbam
839 1536 1176 1628 necessitudinem,
1191 1538 1336 1642 pariter
1355 1554 1392 1611 te
1405 1562 1537 1611 erran·

33 1652 35 1707 ἓ
135 1668 213 1728 tem
225 1670 343 1759 atque
355 1656 467 1733 illum
477 1657 818 1735 sceleratissumum
830 1661 1012 1763 pemequi.
1039 1658 1184 1737 Adhuc
1201 1662 1347 1766 populo
1364 1663 1536 1737 Romano

136 1776 260 1881 iamsa
276 1779 467 1884 principio
489 1782 595 1887 inopi
616 1780 751 1858 melius
765 1782 889 1859 visum
912 1783 1052 1861 amicos
1068 1810 1187 1887 quam
1206 1810 1328 1859 servos
1351 1808 1537 1886 quaereas:

136 1901 259 1977 tutius
283 1903 375 1995 rati,
400 1905 614 1981 volentibus
637 1932 755 2007 quam
774 1906 911 1981 coactis
931 1905 1157 2009 imperitare.
1207 1908 1295 1980 Tibi
1314 1933 1403 1982 vero
1426 1907 1537 1982 nulla

139 2027 394 2129 opportunius
413 2044 541 2103 nostra
568 2028 760 2104 amicitia:
785 2027 973 2133 primum,
992 2028 1097 2131 quod
1113 2030 1251 2134 procul
1275 2030 1470 2118 absumus,
1494 2029 1539 2103 iu

137 2176 216 2251 quc
235 2149 385 2227 offensae
393 2150 625 2241 minumum,
642 2149 761 2256 gratia
778 2176 850 2253 par
861 2176 905 2225 ac
916 2150 948 2227 si
959 2178 1080 2255 prope
1090 2151 1299 2229 adessemus
1308 2184 1319 2245 3
1334 2152 1423 2227 dein
1433 2152 1540 2255 quod

34 2264 35 2271 '
139 2289 314 2373 parentes
332 2274 486 2349 abunde
501 2272 703 2365 habemus,
718 2274 929 2348 amicosum
948 2300 1073 2379 neque
1091 2271 1201 2351 nobis
1215 2302 1340 2378 neque
1354 2276 1539 2378 cuiquam

143 2398 316 2473 omnium
337 2396 528 2473 satisfuit
561 2401 686 2499 Atque
702 2394 778 2471 hoc
797 2395 948 2471 utinam
970 2423 992 2472 a
1020 2398 1213 2502 principio
1230 2399 1300 2474 tibi
1321 2400 1539 2503 placuisset!

143 2520 309 2621 profecto
327 2546 374 2595 ex
391 2520 537 2624 populo
557 2522 729 2595 Romano
746 2519 800 2624 'ad
820 2517 894 2593 hoc
917 2534 1065 2623 tempus
1081 2520 1204 2595 multo
1229 2522 1342 2625 plura
1358 2522 1461 2595 bona
1479 2546 1541 2595 ac·

145 2644 307 2745 cepisses,
322 2668 441 2745 quam
458 2644 558 2718 mala
579 2668 772 2747 perpessus
790 2668 888 2717 esses.
922 2643 994 2717 Sed
1012 2644 1197 2746 quoniam
1211 2641 1471 2720 humanarum
1484 2670 1555 2719 re·-

147 2792 232 2841 1um
251 2766 408 2841 fortuna
427 2767 609 2871 pleraque
630 2766 742 2871 regit,
766 2764 828 2839 cui
857 2764 1000 2839 scilicet
1021 2766 1204 2871 placuisse
1226 2784 1264 2843 et
1282 2768 1379 2859 vim,
1404 2784 1442 2843 et
1457 2794 1541 2871 gras

150 2888 238 2965 tiam
261 2905 429 2965 nostram
451 2906 494 2965 te·
509 2886 692 2993 experiri:
718 2914 840 2977 nunc,
861 2888 1017 2991 quando
1044 2890 1235 2993 perillam
1257 2890 1362 2979 licet,
1385 2890 1540 2995 festina,

151 3060 176 3129 l.
187 3062 214 3121 s.
232 3062 266 3123 a·
274 3060 354 3126 inore.
374 3061 436 3119 Bas.
452 3076 477 3119 ι.
493 3060 616 3125 Bemd.
637 3062 801 3139 dempstrus
820 3060 887 3119 Naz.
908 3068 936 3120 e't
951 3070 978 3120 tc
992 3070 1141 3121 urentem
1152 3060 1252 3123 llivius
1265 3082 1299 3120 ex
1314 3064 1380 3121 suis.
1401 3071 1487 3140 utque
1503 3061 1556 3119 1¹1--

152 3163 206 3223 lam
219 3186 259 3226 sc.
280 3166 379 3225 Bas-1.
401 3164 485 3223 ch.
500 3185 525 3222 ι.
538 3156 572 3234 l,
588 3166 629 3223 ad
643 3164 701 3223 hcc
718 3162 831 3222 utinum
845 3183 865 3221 a
875 3163 1022 3243 principio
1039 3165 1092 3223 titi
1108 3164 1208 3225 melius
1221 3167 1316 3225 vasum
1332 3165 1431 3229 Nam.
1453 3166 1541 3224 Palat.

154 3286 177 3325 2.
192 3290 231 3329 m.
245 3292 299 3331 sec.
321 3269 543 3331 atinamstiam·
563 3270 660 3329 Tun'c.
683 3268 775 3327 addit.
797 3267 912 3327 utinum
924 3267 1069 3347 principio
1089 3268 1173 3327 Bere.
1189 3270 1218 3339 4.
1239 3271 1281 3328 ad
1302 3270 1359 3328 hoc
1377 3269 1472 3327 visum
1484 3289 1556 3347 por
1637 3294 1644 3310 ¹

149 3372 212 3446 pulo
227 3374 363 3435 Romano
390 3374 451 3433 ium
472 3394 491 3432 a
506 3372 653 3453 principio
669 3372 751 3452 inopi
776 3372 835 3431 Erl.
857 3371 939 3451 inopi
957 3391 1019 3430 om.
1038 3370 1135 3431 Gucll.
1151 3394 1176 3438 1.
1190 3370 1264 3441 Μ.
1284 3372 1369 3430 Fabr.
1381 3391 1408 3431 a.
1429 3373 1542 3453 aliquot

36 3550 37 3556 ἵ
153 3476 278 3546 llanutii.
298 3478 462 3549 Palatini.
483 3478 517 3535 P.
535 3476 571 3537 R.
595 3477 674 3557 inop.
691 3478 757 3535 mel.
773 3476 867 3536 vuum
889 3476 1008 3535 Palatin.
1023 3475 1049 3533 5.
1069 3474 1169 3535 melicas
1188 3495 1249 3534 om.
1269 3474 1337 3536 Ecc.
1358 3475 1417 3534 Esl.
1437 3474 1500 3534 Bas.
1512 3475 1542 3545 l.

106 3655 109 3664 1
154 3578 281 3645 utana
302 3583 418 3643 ubsmde
442 3580 511 3661 ng.
540 3580 683 3660 tutiusque
703 3580 771 3641 reti.
803 3598 857 3658 que
875 3598 935 3637 om.
955 3580 1056 3638 incest
1075 3600 1102 3639 a.
1129 3578 1226 3639 Guell.
1238 3600 1267 3660 7.
1291 3578 1380 3639 itatius
1401 3599 1458 3640 esse
1484 3580 1562 3640 rati'

155 3681 210 3744 Bas.
230 3709 254 3752 ι.
283 3688 334 3751 sed
353 3706 411 3750 asse
427 3708 467 3745 m.
486 3706 545 3745 sec..
565 3684 680 3748 adiecit.
713 3682 782 3762 ptuit
800 3682 906 3762 procul
924 3682 985 3741 Bas.
1001 3704 1027 3741 1.
1056 3682 1140 3749 Beru.
1156 3683 1236 3753 Μ..
1258 3683 1329 3743 dein
1350 3684 1420 3761 qtsic
1440 3682 1502 3743 Bas.
1516 3706 1542 3745 1.

155 3785 267 3864 Betui.
296 3793 448 3871 satisfiat.
468 3800 508 3851 est
538 3790 633 3851 Struv.
652 3786 809 3851 Vassis.
830 3785 1015 3846 Ece'Guell.
1032 3808 1060 3866 7.
1079 3784 1200 3847 verbum
1221 3808 1284 3848 cm.
1303 3787 1400 3847 Guell.
1415 3789 1444 3859 A.
1472 3809 1543 3868 per·

156 3910 241 3969 pessus
248 3906 288 3957 est
309 3898 428 3957 Palatia.
441 3896 469 3965 Δ.
491 3892 597 3954 seilicet
616 3892 756 3971 placuisse
775 3893 815 3951 ita
828 3890 971 3950 Gsuterus·
982 3910 1016 3949 cx
1029 3890 1180 3953 Palatius.
1192 3890 1444 3973 acceduntplures
1461 3894 1542 3955 Laid.

159 3995 246 4064 Senst.
265 4022 288 4061 ι.
309 4002 407 4061 Guell.
420 4000 517 4080 1.qui
525 3995 678 4078 placuisset
693 3996 841 4069 exhibent,
861 3995 947 4055 ceteri
960 3996 1086 4068 variant,¹
1097 3995 1210 4074 placuit
1221 4014 1272 4054 seu
1282 3996 1457 4075 complausis
1472 4000 1559 4078 ptum·

164 4102 233 4161 rimi.
252 4116 278 4164 ct
300 4104 371 4165 vim.
397 4112 425 4163 et
439 4103 560 4185 plurimi
577 4101 669 4161 Corui
686 4119 747 4158 cm.
775 4098 828 4157 tibi
844 4096 1019 4177 aprincipic
1037 4096 1102 4177 Τις.
1124 4098 1236 4168 Basl..
1255 4098 1351 4166 Turic.
1372 4100 1495 4164 tems.
1516 4111 1559 4161 te·

164 4210 278 4285 experiri
291 4212 378 4273 ilem.
396 4210 497 4272 Vinar.
517 4206 667 4265 Fuluiam
689 4203 750 4267 Bas.
766 4202 830 4273 ul.
852 4202 932 4260 leid.
947 4199 978 4258 h.
993 4201 1012 4258 i.
1028 4220 1070 4263 m.
1089 4197 1286 4263 lusis-Bern.
1301 4202 1368 4273 ui.
1390 4204 1470 4265 Vrat.
1490 4206 1556 4267 Ace.

164 4306 247 4375 Sinus
265 4314 345 4398 Berg.
366 4313 506 4375 Guelta.
519 4311 547 4372 3.
564 4313 592 4381 i.
610 4311 637 4369 6.
654 4332 683 4389 9.
703 4328 751 4372 ιο,
769 4329 813 4367 ιι.
840 4304 980 4385 quonlam
990 4322 1044 4384 per
1056 4302 1135 4364 illan
1155 4305 1235 4366 Leid.
1252 4304 1283 4363 b.
1298 4308 1326 4364 k.
1341 4312 1476 4367 l..m.-n..
1487 4308 1557 4367 Pas·-
