4050 5009
317 417 320 420 ·
370 379 443 455 106
804 435 820 476 c

329 578 337 589 '
369 575 470 649 bent,
492 561 585 635 nulli
605 578 694 636 sunt.
715 566 777 633 cfr.
803 585 907 654 supra
924 570 969 631 ad
993 567 1096 631 Catil.
1116 586 1145 631 c.
1166 589 1193 631 2.
1240 560 1322 631 Tibi
1339 565 1373 629 si
1384 577 1567 652 perpetuo
1582 594 1679 659 poce
1692 571 1786 669 srur'

371 676 467 761 licet,
488 674 564 741 nisi
581 676 702 751 hostes
724 670 928 760 opportuni
944 681 980 739 et
1000 668 1264 756 scelestissimi,
1285 670 1433 763 egregio
1451 670 1574 765 famo,
1594 674 1630 744 si
1648 682 1783 751 Romo.

371 782 439 851 n'os
463 778 702 869 oppresseris,
712 778 856 871 futuro
879 787 950 845 est:
971 780 1022 844 ita
1040 779 1130 843 Edit.
1153 781 1284 845 Veneta
1304 789 1339 845 et
1360 782 1450 846 Vatt.
1475 805 1504 848 1.
1524 804 1560 865 ²3
1581 808 1684 869 quom
1706 792 1784 873 qui.

372 893 453 955 dem
468 890 653 956 lectionem
673 909 695 951 a
713 886 891 973 prioribus
903 886 1097 951 editoribus
1108 886 1204 951 varie
1218 896 1416 974 corruptam
1431 898 1465 955 et
1482 898 1644 957 tentatam
1662 898 1784 962 Carrio

372 997 542 1076 restituit3
569 995 705 1060 Gortius
730 988 1018 1062 sceleratissumi
1040 1011 1106 1077 pro
1130 988 1379 1058 scelestissimi
1400 998 1539 1081 recepit.
1560 1006 1628 1065 tres
1652 1001 1784 1079 scilicet¹

374 1103 597 1169 condiciones
616 1100 783 1187 proponit
805 1108 945 1183 auctor,
968 1118 1045 1181 quae
1065 1100 1212 1165 Arsacen
1227 1101 1405 1166 dehortari
1421 1103 1648 1191 videbantur,
1668 1126 1713 1175 ne
1728 1126 1785 1174 so-

374 1210 532 1275 cietatem
553 1230 631 1273 cnm
649 1208 852 1272 Mithridate
869 1205 1004 1272 iaceret.
1025 1206 1174 1281 ,Probat
1192 1215 1307 1270 autem
1323 1208 1374 1281 in,
1385 1209 1609 1291 sequentibus
1625 1231 1682 1277 eas
1703 1233 1785 1277 con-

373 1318 528 1382 diciones
540 1316 656 1381 nullas
673 1334 761 1391 esse3
782 1334 908 1398 nempe
920 1332 1035 1398 neque
1054 1330 1173 1398 pacem
1193 1303 1410 1398 habiturum,
1430 1324 1465 1380 et
1484 1318 1601 1383 hostes
1619 1328 1784 1403 opportu-

375 1444 438 1488 nos
458 1432 559 1505 atque
579 1421 838 1490 scelestissimos
847 1440 938 1499 esse,
959 1428 993 1486 et
1006 1439 1168 1506 magnam
1186 1420 1335 1506 gloriam
1349 1427 1551 1505 secuturam,
1564 1422 1594 1486 si
1607 1426 1786 1490 Romanos

374 1530 613 1616 oppresserit?
639 1530 729 1593 Cort.
749 1530 851 1593 molo
874 1550 956 1592 meo
982 1548 1065 1592 eum
1094 1525 1169 1591 tuis
1196 1525 1301 1593 lonis
1321 1523 1498 1593 misceri.»
1517 1530 1594 1612 Ipse
1617 1528 1787 1594 Salustius

374 1637 635 1721 interpretatur,
664 1635 742 1719 Jug.
768 1655 796 1701 c.
822 1639 872 1715 73.
891 1655 926 1697 n.
949 1655 982 1697 ιε
1012 1654 1058 1698 ne
1067 1628 1336 1720 florentesvres
1363 1656 1450 1700 suas
1474 1656 1557 1700 cum
1582 1636 1786 1726 Jugurtltoe

374 1738 528 1825 perditis
550 1745 734 1822 misceret,
754 1748 950 1825 opportuna
966 1747 1001 1804 et
1016 1738 1133 1803 Plauti
1148 1740 1317 1807 sententia
1335 1760 1358 1805 a
1375 1744 1492 1806 Doma
1503 1742 1663 1805 laudata:
1684 1737 1787 1805 louis

379 1841 454 1909 tuis
472 1845 581 1909 'rebus
599 1866 696 1908 meas
721 1866 778 1908 res
802 1840 935 1908 irrides
959 1846 1111 1909 molas*
1130 1846 1235 1915 idem.
1255 1847 1382 1933 Atque
1402 1870 1447 1913 eo
1471 1848 1521 1911 ita
1545 1846 1630 1911 libri
1648 1848 1787 1931 Mscrpt.

380 1933 415 2017 et
433 1952 522 2016 Edit.
541 1955 660 2018 Venet.
677 1953 771 2033 quod
794 1958 827 2015 et
847 1951 1010 2016 hocloco
1033 1952 1284 2018 restituendum
1300 1954 1487 2039 multisque
1502 1952 1600 2029 aliis,
1631 1950 1694 2015 ubi
1710 1951 1791 2016 vut-
1893 2018 1894 2021 ,

383 2079 428 2145 go
447 2058 555 2140 atqui
563 2057 702 2142 legitur.
722 2054 783 2122 iro
803 2092 846 2111 -
862 2054 951 2120 delli
970 2060 1126 2126 debello
1144 2059 1303 2145 Tigranis
1323 2068 1442 2125 contra
1462 2058 1605 2123 Parthos
1623 2056 1685 2121 cfr.
1698 2056 1790 2121 Plut.

380 2163 514 2229 Lueull·
541 2186 569 2227 c·
593 2184 654 2225 21:
675 2160 736 2235 uui
763 2150 818 2248 niv
848 2150 1019 2261 Πάρθων,
1053 2162 1098 2247 oie
1128 2147 1239 2248 dhisse
1270 2157 1366 2247 silete
1399 2150 1532 2264 discipu
1567 2160 1786 2237 ἐταπείνωσεν.

381 2288 415 2344 et
427 2279 495 2343 Dio
516 2281 608 2343 Cass.
618 2277 746 2342 XXXV.
763 2282 831 2347 ui.
843 2274 970 2344 sivero
987 2276 1212 2345 existumare
1228 2282 1332 2346 voles.
1353 2278 1402 2343 ita
1419 2281 1510 2347 Vati.
1526 2287 1560 2342 et
1577 2278 1697 2343 Venet.
1718 2294 1789 2340 non

381 2394 577 2451 oestumore
597 2388 693 2468 quod
715 2384 828 2448 adhuc
844 2386 1024 2472 vulgatum
1042 2394 1103 2452 est.
1122 2385 1184 2451 cir.
1201 2387 1262 2448 Or.
1277 2384 1389 2453 Licin.
1406 2384 1483 2449 init.
1505 2384 1574 2449 Cic.
1594 2403 1661 2468 pro
1683 2380 1804 2449 ceno

383 2514 455 2577 cup.
470 2516 496 2555 ι.
515 2493 553 2554 Si
567 2494 743 2555 attendere
756 2491 952 2578 diligenter,
963 2495 1169 2559 existumare
1184 2511 1265 2558 rere
1275 2494 1319 2557 de
1335 2490 1434 2555 omni
1452 2490 1518 2555 hac
1531 2508 1632 2557 causa
1641 2488 1791 2597 rplueri·

387 2600 442 2660 tis.
464 2598 597 2659 eicite
619 2597 724 2660 alibi:
745 2595 775 2661 si
790 2618 911 2663 verum
930 2602 1133 2683 querimus,
1154 2600 1185 2667 si
1204 2620 1324 2665 verum
1343 2598 1431 2663 scire
1444 2597 1513 2675 vis3
1534 2598 1634 2661 item:
1661 2594 1794 2681 perspi-

386 2722 462 2766 cere
476 2720 613 2787 verum,
631 2722 712 2767 vera
719 2705 895 2792 judicare,
916 2727 1065 2791 quorum
1078 2700 1406 2771 ‹estimantesnihil
1417 2702 1566 2769 homi.»
1576 2704 1611 2766 G.
1623 2700 1796 2765 obnoxius

387 2808 447 2873 cir.
467 2828 570 2894 supra
586 2811 664 2896 Jug.
688 2812 857 2879 ducatil.
879 2836 927 2877 so.
948 2816 1009 2880 sed
1036 2810 1124 2879 falso
1144 2810 1283 2877 Cottius
1302 2830 1383 2877 eum
1404 2808 1612 2893 obnoxium,
1634 2826 1675 2871 ex
1697 2804 1794 2871 bello

297 2926 305 2943 ⁸
386 2917 487 3001 culpa
508 2927 696 3003 contracta,
715 2906 818 3002 dicit3
839 2942 918 2987 nam
938 2921 1055 3008 potius
1076 2940 1118 2987 ea
1142 2936 1243 2986 causa
1256 2918 1324 2985 tuit
1343 2916 1535 3001 obnoxius,
1555 2916 1650 2998 quod
1670 2930 1797 2999 magna

388 3026 485 3087 clade
505 3034 640 3108 accepta
661 3025 770 3092 alieni
796 3029 921 3093 auxilii
940 3030 1074 3115 egebat.
1096 3050 1202 3096 usum
1218 3023 1319 3093 dedit
1342 3025 1429 3091 berre
1442 3017 1623 3090 suadendi
1643 3020 1703 3085 cir.
1722 3019 1796 3083 Lir.

389 3133 440 3191 36.
463 3151 492 3209 7.
512 3132 595 3195 Cato
614 3151 667 3216 ap.
691 3134 782 3199 Gell.
810 3156 840 3215 7.
859 3140 888 3201 3.
917 3132 1050 3216 cupido
1071 3129 1276 3218 profunda.
1298 3132 1358 3195 cir.
1382 3132 1460 3212 Jng.
1481 3132 1531 3192 81.
1551 3138 1585 3190 et
1607 3125 1729 3189 lustin
1747 3126 1797 3189 38.

390 3236 428 3313 63
447 3236 524 3300 Tac.
544 3239 578 3302 h.
595 3258 624 3319 4.
647 3256 696 3320 74.
719 3262 793 3319 qua
800 3235 925 3319 primo
945 3254 1028 3295 cum
1044 3235 1093 3293 ita
1109 3236 1199 3294 Vatt.
1221 3233 1317 3310 quod
1338 3235 1479 3313 propter
1493 3228 1706 3312 euphoniam
1719 3231 1798 3294 rul-

387 3352 474 3429 gatae
492 3346 752 3429 preferendum.
773 3341 888 3400 Douza
905 3335 989 3397 inde
1006 3354 1132 3399 noram
1151 3333 1339 3400 lectionem
1357 3332 1539 3398 confinxit:
1561 3333 1613 3398 od
1633 3354 1732 3416 quoe,
1754 3352 1819 3401 eo·
1907 3416 1911 3431 Ι

389 3446 763 3515 etc—hortabuntur
774 3479 816 3493 -
838 3437 1023 3503 durissime
1036 3448 1070 3505 et
1088 3441 1175 3505 citra
1182 3458 1324 3508 omnem
1345 3440 1593 3507 necessitatem.
1614 3458 1697 3505 cum
1713 3462 1797 3531 rege

385 3544 633 3624 Macedonum
648 3545 820 3635 Philippo
833 3545 965 3611 bellum
981 3564 1175 3631 sumpsere.
1193 3547 1255 3615 cir.
1272 3549 1318 3613 ad
1331 3550 1410 3635 Jug.
1428 3566 1486 3628 ²05
1504 3548 1581 3613 Tae
1591 3546 1680 3611 Hist.
1695 3563 1726 3624 4.
1741 3550 1797 3626 69:

390 3663 480 3726 sumi
498 3658 631 3727 bellum
656 3656 761 3723 etiam
778 3658 822 3723 ab
846 3652 1000 3743 ignavis,
1019 3655 1252 3721 strenuissimi
1269 3656 1434 3739 cujusque
1454 3654 1611 3741 periculo
1629 3654 1719 3741 geri3
1739 3672 1799 3715 su·

390 3790 488 3834 mere
511 3770 619 3854 igitur
639 3766 735 3831 idem
755 3774 820 3842 est,
847 3766 944 3847 quod
973 3770 1097 3850 sponte
1124 3763 1314 3848 suscipere,
1334 3762 1510 3847 incipere,
1528 3762 1624 3827 bello
1645 3758 1798 3839 aliquem
1895 3758 1902 3775 ‘

390 3883 518 3962 petere.
538 3871 706 3937 Caeteruni
725 3890 788 3955 per
808 3888 844 3935 se
861 3878 971 3955 patet,
992 3888 1076 3953 quae⁴
1089 3871 1133 3935 de
1156 3868 1267 3935 causis
1283 3868 1461 3934 bellorum
1476 3864 1671 3953 exposuerit
1689 3863 1798 3929 Mith-

391 3982 539 4051 ridates,
568 3968 687 4041 eorum
717 3974 823 4041 fidem
842 3996 913 4041 non
932 3976 1083 4043 Salustio
1109 3996 1182 4043 esse
1204 3980 1445 4061 prestandam.
1465 3970 1685 4037 Mithridates
1704 3971 1799 4038 enim

392 4087 442 4151 ita
461 4082 826 4171 loquensinducitur,
848 4093 887 4145 ut
912 4070 1030 4171 regem
1047 4086 1134 4151 olim
1155 4082 1262 4149 totius
1286 4084 1375 4149 Asiae
1393 4078 1691 4168 potentissimum,
1708 4098 1799 4143 nnnc

394 4194 503 4256 eladis
529 4199 674 4278 acceptae
702 4191 824 4256 dolore
847 4189 997 4275 graviter
1023 4192 1188 4258 afflictum
1209 4191 1315 4259 verba
1334 4190 1455 4258 fecisse
1478 4185 1581 4253 tacite
1603 4182 1798 4251 credideris.

397 4300 596 4383 Ingeniosus
612 4298 733 4385 igitur,
753 4305 791 4361 ut
808 4297 898 4391 bene
916 4297 1071 4385 Cottius,
1092 4308 1142 4365 est
1155 4300 1200 4363 ad
1221 4300 1354 4365 crimen
1367 4296 1571 4381 fingendum
1584 4290 1801 4357 Mithridates
