4050 5009
497 290 573 383 2⁶4

497 467 668 547 minatus
688 476 753 546 est.
801 466 987 549 Lucullus
1001 469 1197 575 superiore
1220 478 1329 547 warrrro'
1350 467 1505 573 quantis
1520 463 1657 549 animis
1676 458 1765 539 ierit
1779 455 1832 547 in
1854 446 1892 521 Γ»

381 588 389 594 ’
498 591 1079 701 Quinctium‚ridistis=quantae
1089 594 1256 699 denique
1267 621 1376 671 nunc
1387 592 1484 673 mihi
1498 594 1621 671 turhoe
1631 578 1894 669 concitantur!

499 743 587 824 quae
598 717 768 824 profecto
780 717 970 795 incassum
977 720 1204 825 agebantur,
1212 720 1243 796 si
1254 720 1361 826 prius
1370 744 1489 823 quam
1496 745 1560 795 vos
1568 708 1897 795 serviundifinem,

498 843 559 921 illi
571 844 844 921 dominationis
856 842 998 921 factrrri
1013 862 1125 921 erant
1139 877 1148 919 ε
1160 838 1368 950 praesertim
1386 871 1510 949 quum
1523 843 1584 919 his
1596 841 1771 918 civilibus
1786 830 1896 911 armis

499 968 602 1047 dicta
620 970 714 1060 alia,
731 969 797 1046 sed
809 985 997 1045 certatum
1011 969 1207 1075 utrimque
1223 968 1271 1045 de
1282 968 1545 1046 dominatione
1562 968 1603 1043 in
1622 966 1728 1043 vobis
1742 963 1798 1039 sit
1823 963 1896 1035 Ita-

499 1121 579 1199 que
593 1111 715 1172 cetero
730 1120 776 1171 ex
789 1094 962 1186 licentia,
977 1111 1047 1169 aut
1060 1094 1168 1187 odio,
1188 1111 1255 1171 aut
1268 1095 1425 1172 avaritia
1435 1095 1478 1169 in
1491 1110 1639 1197 tempus
1650 1114 1781 1167 arsere.
1811 1088 1896 1171 'Per-

498 1220 641 1295 mansit
655 1246 735 1294 una
749 1246 809 1295 res
824 1220 952 1309 modo,
959 1244 1053 1322 quae
1069 1219 1265 1322 utrimque
1282 1220 1438 1323 quaesita
1459 1232 1565 1295 estet
1585 1231 1712 1320 erepta
1723 1215 1763 1289 in
1777 1224 1897 1316 postc-

495 1372 594 1437 rum,
610 1345 664 1421 vis
682 1344 911 1436 tribunicia,
925 1345 1046 1419 telum
1062 1371 1084 1418 a
1101 1342 1309 1420 maioribus
1321 1342 1488 1419 libertati
1501 1356 1691 1447 paratum3
1712 1336 1820 1442 quod
1830 1362 1896 1441 ego

495 1495 560 1547 ros
579 1496 717 1545 moneo
742 1494 945 1572 quaesoque
964 1485 1010 1543 ut
1034 1468 1367 1544 animadvortatis:
1399 1494 1477 1544 neu
1504 1466 1662 1542 nomina
1690 1490 1821 1539 rerum
1849 1460 1900 1535 ad
1989 1542 1990 1563 χ

496 1594 688 1700 ignaviam
700 1609 900 1684 mutantes,
910 1594 1034 1669 otium
1047 1622 1117 1698 pro
1130 1593 1282 1670 servitio
1295 1591 1501 1697 adpellctis.
1522 1590 1613 1689 Quo
1623 1590 1703 1665 iam·
1713 1588 1796 1692 ipso
1809 1586 1899 1678 irui,
1989 1664 1990 1679 ,

494 1718 523 1795 si
541 1746 628 1796 vera
647 1734 685 1796 et
701 1716 860 1794 honesta
876 1717 1066 1823 flagitium
1078 1716 1422 1822 superaverit,'non
1439 1730 1494 1791 est
1510 1714 1699 1791 conditior
1720 1710 1850 1821 fuisset
1867 1712 1899 1786 si
1989 1758 1990 1761 =

495 1844 655 1919 omnino
670 1843 869 1947 quiessetis.
893 1844 1008 1919 Nunc
1023 1844 1198 1920 animum
1211 1840 1415 1917 advortite:
1429 1857 1467 1916 et
1479 1840 1552 1915 nisi
1569 1838 1747 1929 viceritis,
1759 1838 1901 1941 quoni·

494 1996 558 2045 am
568 1968 696 2045 omnis
709 1966 854 2044 iniuria
868 1968 1052 2073 gravitate
1070 1968 1189 2043 tutior
1209 1984 1282 2057 ert,
1302 1965 1421 2042 artius
1438 1963 1652 2040 habebunt.
1681 1962 1789 2061 Quid
1809 1986 1901 2039 cen-
1989 1972 1990 2001 i

492 2118 547 2169 sat
571 2094 712 2198 igitur?
734 2090 873 2195 aliquis
892 2108 1060 2167 vestrum
1073 2089 1287 2169 ,subiecerit
1326 2090 1498 2164 Primum
1524 2089 1701 2168 omnium,
1717 2089 1900 2165 omitten-

491 2217 588 2295 dum
606 2244 752 2294 morem
777 2214 904 2307 hunc,
929 2243 1045 2318 quem
1066 2214 1196 2321 agitis,
1221 2214 1391 2319 impigrae
1416 2212 1572 2319 linguae,
1599 2213 1719 2288 animi
1747 2213 1899 2318 ignavi,
1989 2248 1990 2321 ᾗ

491 2370 573 2419 non
589 2341 697 2418 ultra
717 2339 912 2416 concionis
929 2339 1058 2416 locum
1078 2365 1260 2415 memores
1280 2339 1474 2415 libertatis
1487 2338 1601 2413 >Dein
1617 2338 1758 2436 (nevos
1779 2340 1832 2416 ad
1842 2341 1898 2417 vi·
1989 2356 1990 2363 ’

490 2466 578 2543 ri‘lia
604 2466 672 2541 illa
691 2490 838 2556 vocem,
863 2489 943 2567 quo
968 2462 1144 2539 tribunos
1165 2462 1306 2567 plebei,
1330 2463 1444 2540 modo
1470 2463 1676 2568 patricium
1698 2466 1896 2571 magistra-
1989 2550 1990 2571 ζ

493 2606 593 2681 tum,
618 2590 739 2666 libera
760 2588 811 2665 ab
833 2586 1053 2664 auctoribus
1073 2587 1243 2692 patriciis
1265 2588 1443 2695 suffragia
1463 2588 1623 2665 maiores
1646 2589 1758 2665 vestri
1780 2618 1895 2695 para-
1989 2574 1990 2619 t

489 2716 616 2814 vere);
637 2712 832 2817 quumvis
857 2712 998 2804 omnis,
1023 2710 1209 2809 Quirites,
1234 2712 1277 2787 in
1295 2714 1401 2789 vobis
1419 2713 1485 2805 eit,
1509 2728 1548 2789 et
1568 2738 1654 2817 quar
1672 2715 1771 2791 itura
1785 2744 1896 2793 nunc
1989 2786 1990 2789 ,

488 2822 564 2945 pro*
585 2838 670 2914 aliis
691 2836 882 2929 toleratis,
908 2863 979 2942 pro
1008 2836 1114 2912 vobis
1136 2862 1245 2942 agere
1272 2855 1342 2912 aut
1368 2866 1449 2913 non
1467 2864 1579 2944 agere
1599 2855 1701 2915 corte
1725 2842 1893 2945 possitis,
1989 2868 1990 2919 Ψ

488 2966 614 3053 Iovem
636 2978 705 3039 aut
724 2961 845 3037 alium
858 2988 974 3065 quem
990 2960 1107 3037 deum
1127 2961 1383 3039 consultorem
1404 2964 1644 3069 exspectatis?
1669 2992 1809 3073 magna
1826 2966 1892 3043 illa

488 3088 692 3167 consulum
711 3086 872 3193 imperia
895 3102 934 3164 et
951 3102 1107 3192 patrum
1129 3084 1304 3185 decreta,
1332 3113 1397 3165 vos
1411 3086 1649 3192 exsequendo
1670 3104 1752 3165 rata
1777 3092 1892 3167 effici·

488 3216 555 3307 tis,
585 3213 774 3313 Quirites,
797 3211 978 3316 ultroque
1002 3210 1199 3289 licentiam
1228 3212 1270 3291 in
1300 3239 1365 3292 vos
1390 3228 1548 3290 auctum
1574 3228 1691 3318 atque
1713 3214 1892 3294 adiutum

486 3338 709 3445 properatis
742 3337 875 3441 Neque
901 3363 969 3443 ego
998 3362 1063 3413 vos
1091 3337 1220 3414 ultum
1248 3337 1409 3414 iniurias
1435 3336 1587 3433 hortor;
1612 3339 1730 3445 magis
1752 3342 1812 3418 uti
1837 3366 1891 3417 re·
1934 3414 1936 3417 .

487 3468 619 3569 quiem
638 3463 824 3568 cupiatis:
849 3488 975 3567 neque
992 3461 1214 3555 discordias,
1239 3480 1286 3541 ut
1300 3462 1359 3540 illi
1375 3462 1649 3557 criminantur,
1671 3464 1737 3543 sod
1755 3494 1888 3545 earum

486 3694 536 3755 tic.
553 3701 582 3751 et
598 3698 708 3752 veteres
722 3685 792 3746 libri
808 3686 1001 3748 sCiacconio
1023 3685 1142 3748 laudati.
1164 3684 1323 3769 agor-entur
1342 3690 1441 3773 vulgo.
1474 3686 1566 3750 Nunc
1586 3688 1722 3750 animun
1739 3693 1888 3754 odram

486 3796 572 3862 Fabr.
592 3792 668 3853 Bric.
690 3812 750 3852 om.
770 3822 789 3840 ·
808 3792 896 3874 agitis
914 3792 950 3852 C.
973 3798 1081 3855 Fronto
1104 3814 1127 3853 s.
1146 3818 1175 3860 r.
1198 3814 1295 3874 ogere.
1315 3815 1404 3875 quum
1424 3794 1556 3859 tribunos
1572 3796 1663 3877 plebis
1682 3796 1750 3858 libri
1769 3820 1788 3858 a
1803 3798 1886 3859 Ciac.

486 3902 575 3965 conio
594 3897 716 3959 laudati.
735 3916 807 3976 quos
825 3898 925 3959 Ursini
944 3897 1028 3960 liber.
1050 3899 1277 3980 magistratuum
1296 3902 1395 3963 Vatic.
1415 3898 1498 3967 Febr.
1519 3900 1596 3963 Bric.
1618 3901 1692 3963 mihi
1712 3903 1832 3985 quidem
1846 3904 1884 3963 le.

484 4007 614 4091 gendum
629 4022 687 4065 esso
699 4002 851 4066 videbatur
866 4023 1039 4065 mummium
1051 4014 1169 4086 purtem
1182 4006 1427 4087 magnorum,
1446 4008 1505 4069 sed·
1514 4011 1680 4071 auctoritati
1690 4010 1788 4079 Codd.
1807 4012 1884 4074 cessit

483 4112 617 4175 audacia.
638 4108 768 4190 quumvis
780 4109 876 4171 ommi
893 4109 1023 4189 Quirites
1040 4112 1079 4171 ito
1094 4121 1201 4173 veteres
1214 4112 1282 4172 libri
1297 4134 1313 4172 a
1332 4113 1493 4174 Ciacconio
1509 4115 1630 4177 laudati.
1649 4136 1739 4197 qtmm
1758 4118 1802 4182 vis
1819 4137 1882 4178 om·

482 4222 528 4281 nis
546 4218 665 4279 latinus
684 4216 816 4277 Latinius
828 4215 1016 4279 viterbiensis
1030 4218 1171 4293 coniecit,
1193 4219 1348 4283 confirmat
1362 4220 1526 4285 Vaticanus.
1547 4220 1593 4283 uti
1610 4242 1674 4303 quoe
1693 4226 1769 4288 iusso
1788 4228 1878 4308 vulgo.
