4050 5009
391 421 460 494 108
930 516 933 521 ¹
1282 420 1284 425 ’
1343 440 1367 477 ¹

389 616 514 681 falsum
523 612 631 699 igitur
640 613 735 693 quod
745 606 880 693 Lipsius
889 606 1084 673 emendavit
1095 602 1278 673 insomnio
1285 610 1346 693 Ep.
1356 611 1480 695 Quaest.
1494 630 1523 691 4.
1541 630 1595 692 ιιι
1608 622 1699 684 aede
1708 639 1802 685 mor.

391 724 434 789 tis
442 741 583 808 genere,
593 738 663 800 quo
670 714 987 781 Perseusinteriisse
995 712 1132 778 dicitur.
1140 712 1200 778 cfr.
1208 714 1296 778 Plut.
1302 718 1343 782 V.
1351 717 1475 781 Aemil.
1483 720 1585 786 Pauli
1595 744 1622 787 c.
1630 729 1684 807 373
1697 725 1799 790 Diod.

390 827 580 907 Sinxxxl.
589 847 623 907 p.
636 838 683 899 14.
704 822 765 884 Ed.
782 820 855 905 Bip.
865 819 987 899 Vellej.
998 820 1070 883 Pat.
1082 822 1108 883 I.
1124 840 1172 882 ιι.
1192 822 1390 885 Eumenem
1403 858 1444 873 -
1453 823 1653 908 prodidere
1669 826 1802 897 Antio·

394 934 461 999 cho
471 935 538 996 hoc
550 950 591 994 eo
602 928 838 1011 referendum,
851 928 946 1009 quod
958 924 1148 989 Antiochus
1159 925 1292 1007 aliquot
1304 930 1617 1016 regniPergameni
1631 935 1757 1020 oppida
1769 942 1802 1000 et

394 1039 533 1103 castella
555 1034 776 1121 oppugnavit.
805 1033 864 1096 cfr.
882 1032 960 1094 Lis.
978 1035 1029 1095 32.
1052 1032 1086 1093 8:
1106 1050 1190 1113 quas
1212 1032 1386 1119 quidem
1375 1034 1520 1114 injurias
1545 1046 1616 1101 tum
1638 1039 1803 1124 temporis

335 1194 338 1204 .
392 1145 488 1210 bello
507 1141 730 1207 Macedonico
747 1138 928 1225 impliciti,
954 1135 1139 1201 defendere
1161 1156 1230 1199 non
1251 1138 1326 1202 ausi
1345 1150 1434 1204 sunt
1466 1140 1571 1229 eujus
1596 1142 1799 1209 amicitiam

357 1260 360 1267 ¹
393 1247 556 1376 glol'lofe
577 1253 777 1313 ostentant.
805 1244 865 1308 cfr·
884 1241 1029 1327 ΑρΡίἃΠ
1048 1242 1080 1303 d.
1105 1241 1140 1303 b.
1163 1224 1302 1305 ΜίΐῙΙ.Ι
1284 1270 1389 1317 0thoe
1405 1231 1523 1339 τρόπον
1541 1236 1657 1331 illum
1673 1274 1708 1323 T!
1735 1234 1802 1321 ἐπ’.

398 1332 1380 1452 parumperprioratuiimiervptvtimiMoemtoerm
1400 1388 1476 1449 quae
1506 1370 1547 1431 in
1576 1372 1734 1436 oratione
1759 1371 1802 1433 ad

349 1506 353 1517 =
395 1476 600 1541 Archelaum
619 1473 737 1537 habita
755 1471 852 1537 Sulla
871 1470 1047 1555 gloriatur
1064 1478 1170 1554 post,
1191 1469 1356 1535 hobitum
1378 1470 1554 1539 custodiae
1577 1475 1627 1537 ita
1650 1476 1802 1542 Vatini.

396 1605 500 1667 quam
519 1582 703 1646 lectionem
725 1598 842 1643 veram
865 1577 1039 1661 existimo,
1072 1575 1218 1641 maxime
1240 1598 1319 1641 eum
1344 1586 1377 1641 et
1404 1578 1532 1661 reliqui
1551 1579 1636 1645 libri
1656 1582 1801 1645 eandem

398 1690 617 1764 confirment,
638 1705 714 1768 quae
744 1684 838 1749 enim
860 1704 901 1749 ex
924 1682 1026 1747 libris
1043 1681 1144 1746 Fabri
1173 1690 1207 1746 et
1234 1682 1408 1747 Briconeti
1421 1766 1425 1773 Ι
1438 1692 1471 1748 et
1501 1684 1592 1748 Edit.
1614 1688 1700 1752 Ven.
1729 1687 1803 1749 lau-

398 1795 525 1855 dantur
543 1793 666 1853 verba:
689 1786 943 1872 posthabitum
965 1784 1112 1854 custodi
1131 1808 1172 1853 ex
1194 1792 1317 1853 eodem
1337 1788 1431 1854 fonte
1454 1792 1634 1853 duxerunt.
1665 1792 1804 1857 Scilicet

399 1895 437 1959 id
455 1893 626 1981 significat
638 1893 872 1972 Mithridates,
892 1893 1068 1958 Romanos
1088 1894 1204 1958 Asiam
1220 1894 1270 1960 cis
1281 1897 1431 1959 Taurum
1447 1897 1593 1959 Eumeni
1609 1916 1681 1960 non
1698 1898 1804 1962 bene·

293 2029 296 2036 ·
399 2002 551 2065 volentia
573 1998 794 2076 concessisse,
815 2001 875 2063 sed
893 2008 931 2062 ut
952 2002 1014 2065 has
1037 2009 1144 2075 terras
1164 2000 1208 2065 ab
1228 2001 1348 2066 hostili
1362 2000 1494 2087 impetu
1510 2000 1720 2067 defenderet.
1742 2000 1803 2065 cfr.

400 2105 474 2171 Lir.
493 2112 543 2189 ³7·
561 2110 615 2170 56:
637 2104 840 2189 sumptibus
863 2113 899 2170 et
919 2104 1153 2171 contumeliis
1175 2130 1220 2172 ea·
1239 2127 1324 2197 rege
1342 2102 1597 2172 miserrumum
1617 2128 1803 2174 sertorum

401 2213 558 2295 effecere.
571 2212 631 2276 cfr.
641 2212 714 2275 Liv.
725 2212 815 2298 Epit.
825 2214 939 2278 XLVI
949 2212 1053 2278 Diod.
1064 2213 1163 2280 Siol.
1175 2219 1226 2279 31.
1235 2217 1296 2277 Ed.
1302 2214 1376 2299 Bip.
1384 2215 1461 2280 Vol.
1473 2214 1527 2277 IX.
1538 2234 1572 2299 p.
1584 2216 1613 2276 8.
1625 2214 1756 2341 etApp.
1765 2214 1808 2275 dc

399 2321 469 2382 reb.
477 2320 604 2403 Syriae.
615 2341 642 2383 c.
652 2314 795 2385 vast
769 2304 844 2389 arri
862 2302 934 2414 ya'p
951 2346 1039 2393 τινων
1048 2345 1325 2417 προσ-κρουμάτων
1340 2312 1531 2404 ailwardi
1539 2316 1808 2419 Ρωμαιουςυπερ-

398 2408 574 2510 βλέποιτο·
589 2451 679 2506 recte
691 2441 842 2504 Cortrus
835 2448 912 2515 ·..et
926 2441 1076 2507 Romam
1086 2440 1298 2524 qmdemper
1308 2459 1445 2504 omnem
1455 2448 1692 2529 aetatemreges
1704 2452 1808 2527 atque

401 2550 550 2631 populos
573 2546 739 2629 devictos,
759 2566 821 2630 per
843 2546 1032 2611 amicitiam
1050 2567 1146 2612 suam
1164 2544 1274 2631 magis
1293 2543 1445 2631 fregere,
1465 2566 1570 2627 quarn
1589 2549 1707 2611 hostes
1728 2548 1809 2613 illos

402 2652 561 2737 frangere
579 2651 801 2735 potuissent.»
820 2648 1095 2737 simulatoque'
1080 2648 1190 2735 impio
1210 2658 1428 2716 testamento
1448 2654 1513 2726 ..de
1528 2658 1731 2715 testamento
1750 2654 1810 2714 nt-

404 2756 466 2819 tali
488 2755 610 2819 lustin.
629 2757 766 2821 XXXVI
790 2780 817 2823 c.
839 2761 894 2825 IV.
914 2760 977 2842 qui
997 2780 1069 2823 rem
1092 2758 1141 2821 ita
1157 2764 1292 2839 narrat,
1313 2764 1351 2819 ut
1367 2754 1469 2821 facile
1490 2756 1534 2820 sit
1554 2758 1810 2841 demonstratu,

403 2863 570 2946 Attalum,
595 2885 672 2927 cum
692 2872 930 2931 testamentum
947 2866 1093 2950 faceret,
1115 2882 1237 2952 parum
1262 2864 1379 2927 animo
1397 2862 1555 2929 valuisse.
1573 2861 1654 2927 ride
1674 2863 1810 2928 ibidem
1830 2886 1833 2893 ·

402 2972 652 3054 Berneggerum
673 2983 706 3035 et
725 2972 815 3037 Plor.
832 2978 875 3038 11.
898 2984 969 3037 ιο.»
989 2974 1038 3037 id.
1059 2976 1144 3040 adde
1164 2972 1238 3037 Liv.
1255 2970 1344 3059 Epit.
1361 2966 1544 3057 ilifilium
1568 2966 1645 3059 ejus
1660 2967 1809 3034 Aristo-

403 3070 527 3136 nicum
549 3075 678 3139 scilicet
698 3077 877 3164 Eumenis,
905 3098 1008 3161 quem
1036 3102 1077 3145 ex
1092 3082 1218 3165 pellice
1243 3079 1405 3161 Ephesia,
1424 3075 1606 3141 citharistae
1633 3074 1809 3152 eujusdam
1922 3124 1925 3129 .

404 3177 494 3263 filia,
513 3192 687 3265 genuerat.
708 3184 767 3246 cfr.
783 3185 938 3250 tustinus
955 3184 979 3243 1.
997 3184 1022 3242 l.
1040 3187 1134 3242 unde
1153 3180 1375 3239 manifestum
1397 3186 1447 3237 est
1463 3195 1592 3237 nomen
1608 3176 1739 3239 Attali
1760 3188 1811 3243 te-

403 3306 497 3350 mere
512 3286 553 3349 ab
570 3288 760 3352 editoribus
776 3307 847 3349 esse
866 3288 1039 3360 receptum
1045 3301 1059 3355 ,·
1079 3278 1158 3366 ejus
1172 3279 1265 3343 enim
1278 3296 1470 3359 pronomen
1488 3298 1560 3339 non
1581 3277 1648 3340 nisi
1669 3282 1713 3343 ad
1729 3301 1813 3379 pro-

403 3392 494 3457 xime
506 3393 707 3455 antecedens
722 3404 851 3449 nomen
869 3380 990 3444 referri
1003 3390 1127 3463 potest.
1148 3382 1317 3445 ridiculus
1338 3391 1387 3448 est
1401 3382 1508 3467 igitur
1522 3383 1674 3471 Cottius,
1697 3390 1759 3471 qui
1777 3398 1810 3454 et

405 3495 676 3561 Freinshemium
693 3484 809 3563 filium
832 3482 1006 3556 Eumenis
1032 3471 1289 3554 Aristonicum
1313 3490 1552 3553 emendantem
1568 3490 1756 3581 vituperat,
1776 3500 1809 3559 et

404 3605 497 3669 hunc
524 3603 567 3665 ad
594 3608 780 3663 Eumenem
807 3595 931 3664 referri
949 3614 1049 3681 posse
1065 3596 1192 3664 statuit.
1216 3616 1286 3681 per
1313 3592 1537 3682 triumphum
1566 3598 1710 3669 duxere.
1739 3601 1809 3679 «Μ.

406 3710 579 3791 Aquillius
597 3711 639 3773 de
658 3707 721 3772 illo
742 3702 977 3791 triumphavit.
997 3701 1123 3766 dubius
1143 3710 1192 3768 est
1214 3701 1365 3782 Velleius
1381 3705 1425 3765 II.
1447 3719 1478 3780 4.
1503 3711 1537 3769 et
1551 3704 1734 3790 Eutropius
1748 3709 1806 3773 1v.

407 3836 442 3895 9:
465 3835 589 3901 negare
609 3815 746 3878 videtur
766 3814 826 3875 sed
846 3830 922 3873 curn
945 3808 982 3872 in
1008 3824 1142 3873 earcere
1163 3816 1321 3874 necatum
1337 3811 1474 3873 tradant
1481 3853 1492 3887 ,
1523 3811 1639 3875 nullus
1667 3830 1811 3896 scrupu-

406 3920 462 3985 lus
480 3928 664 3985 remanet)
685 3921 723 3981 C.
745 3915 1059 3979 staturianum
1090 3910 1297 4003 Bithyniam
1313 3953 1355 3970 ·-
1374 3912 1557 4000 diripuere
1574 3915 1723 3999 pertinet
1741 3920 1809 3981 hoc

408 4031 452 4093 ad
470 4034 708 4091 testamentum
729 4022 820 4108 regis
847 4020 1060 4097 Nicomedis,
1081 4042 1150 4104 quo
1177 4024 1353 4085 Romanos
1368 4023 1511 4087 heredes
1533 4020 1632 4104 regni
1651 4021 1810 4087 institue·

406 4142 470 4197 rat.
492 4132 573 4194 vide
595 4148 697 4212 supra
719 4150 752 4213 p.
773 4144 821 4190 ao.
842 4136 875 4189 et
893 4126 1015 4205 Vellej.
1035 4129 1077 4189 11.
1097 4144 1133 4204 4:
1156 4148 1236 4191 eum
1241 4124 1352 4214 filius
1369 4131 1492 4218 Nysa,
1513 4147 1623 4208 quom
1642 4126 1808 4215 reginam

410 4238 673 4318 adpellovarat‚
694 4225 743 4297 ita
766 4233 856 4299 Vatt.
884 4253 909 4292 1.
938 4240 1108 4311 azlrecte3
1130 4252 1211 4297 nam
1234 4232 1287 4296 uti
1313 4244 1469 4299 externos
1493 4230 1685 4316 principes,
1705 4232 1753 4294 ita
1776 4234 1810 4291 et

412 4356 530 4404 eorum
547 4361 668 4408 uxores
688 4360 708 4407 a
726 4336 892 4405 Romanis
911 4337 1008 4424 regio
1029 4336 1171 4409 nomine
1189 4352 1324 4407 ornatas
1338 4340 1458 4425 fuisse,
1488 4338 1577 4403 milri
1593 4338 1732 4421 quidem
1750 4335 1810 4399 ad·
