4050 5009
1590 386 1636 459 8ι

235 580 373 643 adversa
389 577 547 663 pravitati
560 578 685 665 ipsius,
701 595 867 663 prospera
883 579 927 641 ad
943 574 1116 640 fortunam
1127 572 1327 658 reipublice
1350 572 1529 641 referebat.
1547 578 1646 643 Adde

202 668 209 684 ¹
231 684 299 747 Cic.
308 705 374 769 pro
389 686 437 748 Μ.
451 686 617 749 Marcello
628 706 656 749 c.
667 704 697 753 a.
709 702 808 761 -4ι.-
819 683 873 749 Ae
882 684 1057 748 Metellus
1068 690 1130 747 etc.
1140 682 1183 741 de
1198 688 1349 763 tempore
1360 680 1421 743 cir.
1433 700 1535 765 supra
1545 703 1580 764 p.
1594 686 1642 747 ιθ.

230 798 264 852 et
276 810 324 869 ¹9·
336 787 439 854 virile
446 798 482 854 et
492 790 666 855 muliebre
677 812 790 875 secus,
803 791 879 854 haec
890 808 972 851 vera
979 786 1084 852 lectio
1095 794 1253 867 recteque
1266 805 1377 849 casum
1393 798 1554 869 quartum
1569 808 1642 853 esse

230 893 347 957 docuit
368 896 460 957 Cori.
479 894 540 958 cir.
562 894 685 979 Dictys
705 896 762 958 vl.
782 915 810 957 c.
828 909 863 969 4:
885 896 1014 955 interea
1036 910 1257 975 peromnem
1278 890 1427 955 insulam
1449 894 1551 957 multi
1575 916 1641 959 un-

229 998 334 1080 dique
358 1000 462 1063 virile
490 1009 525 1064 et
549 1000 722 1063 muliebre
742 1016 840 1061 secus
862 998 1050 1062 confluunt.
1071 1016 1206 1083 magno
1218 994 1343 1085 gloria
1365 998 1388 1061 i.
1407 1018 1436 1064 e.
1456 997 1641 1102 gloriatio,

226 1101 393 1169 laudatio.
414 1105 484 1167 Cic.
502 1123 568 1188 pro
588 1101 709 1166 Rabir.
729 1104 766 1164 P.
792 1119 846 1177 143
864 1102 961 1181 quod
974 1118 1083 1185 genus
1103 1103 1238 1165 tandem
1253 1112 1303 1167 est
1322 1104 1415 1169 istud
1438 1104 1641 1171 ostentatio·

227 1207 284 1270 nis
306 1217 340 1270 et
368 1208 500 1291 gloriae.
523 1208 615 1271 Hirt.
640 1210 675 1269 d.
695 1208 729 1268 b.
756 1204 919 1269 Africano
943 1210 1004 1269 ³1:
1037 1206 1187 1291 gloriam
1220 1210 1548 1294 exsultationemque
1572 1210 1640 1275 ali·

226 1312 325 1391 cujus
340 1312 424 1395 pati.
442 1314 553 1375 Plaut.
574 1312 650 1375 Mil.
671 1332 698 1375 ι.
718 1333 744 1377 ι..
765 1328 820 1374 aa:
838 1310 1067 1396 periuriorem
1085 1316 1153 1377 hoc
1164 1316 1352 1381 hominem
1370 1316 1401 1381 si
1419 1316 1498 1399 quis
1513 1316 1641 1381 viderit

224 1418 482 1503 autgloriarum
494 1417 688 1500 pleniorem
698 1425 760 1481 etc.
770 1416 953 1483 visebatur
961 1418 985 1481 i.
995 1438 1023 1483 e.
1035 1420 1180 1485 honoris
1197 1430 1230 1487 et
1244 1420 1461 1487 officiicausa
1470 1422 1640 1487 adibatur.

193 1543 197 1557 ·
225 1521 288 1586 cir.
307 1524 433 1587 Donat.
455 1526 499 1587 ad
520 1526 656 1587 Terent.
677 1525 804 1608 Hecyr.
827 1545 854 1587 1.
880 1526 1005 1587 a.113:
1034 1524 1143 1593 visere
1168 1525 1275 1591 officii
1303 1538 1385 1595 est.»
1405 1525 1556 1617 cognita
1583 1546 1641 1593 vo·

177 1684 181 1690 .
224 1628 372 1691 lentate
390 1628 414 1691 i.
433 1650 463 1693 e.
475 1648 566 1725 spuo
581 1628 703 1715 gloriar
719 1629 845 1694 studio.
868 1629 1054 1695 curabant
1068 1668 1110 1685 -
1128 1633 1217 1697 bene
1241 1642 1274 1699 et
1296 1633 1391 1699 laute
1412 1634 1588 1716 habebant
1607 1637 1642 1695 et

222 1732 456 1817 recipiebant3
477 1734 527 1798 ita
546 1754 664 1799 curare
676 1744 807 1823 cutem,
821 1756 962 1823 corpus,
974 1738 1136 1825 genium,
1157 1758 1210 1819 se;
1231 1739 1340 1803 Plaut.
1357 1741 1481 1803 Pseud.
1498 1756 1528 1815 4.
1540 1758 1569 1817 7.
1583 1739 1639 1811 34:

222 1856 259 1903 sc
271 1858 437 1923 suamque
455 1850 589 1907 aetatem
605 1841 695 1907 benc
715 1863 850 1928 curare,
870 1846 990 1930 edere,
1007 1844 1139 1909 hibere.
1155 1866 1226 1927 per
1239 1846 1361 1908 aulaea
1381 1842 1443 1907 cir.
1460 1838 1534 1908 Val.
1549 1841 1638 1903 Max.

222 1963 252 2024 9.
289 1965 317 2007 ι.
344 1948 398 2023 ι6;
433 1948 476 2011 de
511 1948 654 2013 Metello
673 1948 747 2013 Pio.
786 1990 804 2025 ,
818 1952 904 2014 Cum
935 1951 1092 2015 Attalicis
1124 1949 1243 2015 aulaeis
1280 1958 1454 2015 contectos
1488 1946 1639 2031 parietes

218 2048 302 2112 laeto
324 2050 443 2114 animo
468 2051 685 2139 intuebatur,
705 2062 780 2118 tum
797 2055 1007 2121 immanibus
1027 2057 1139 2141 epulis
1158 2055 1436 2139 adparatissimos
1459 2034 1642 2133 interponi

221 2152 328 2214 ludos
343 2153 487 2215 sinebat.
505 2160 636 2237 Nempe
657 2167 691 2217 et
707 2160 790 2219 lecti
808 2160 973 2223 cubitorii
984 2171 1018 2225 et
1032 2161 1184 2243 'parietes
1203 2160 1321 2223 aulaeis
1336 2156 1583 2234 vestiebantur,
1599 2160 1638 2213 ut

221 2254 376 2319 imitatio
393 2256 622 2320 tentoriorum
639 2256 749 2326 fieret.
774 2258 855 2321 vide
874 2260 966 2321 Serv.
985 2264 1029 2321 ad
1052 2262 1135 2321 Aen.
1150 2264 1177 2321 1.
1196 2268 1287 2341 7⁰¹·''
1308 2262 1402 2320 cort.
1422 2262 1457 2317 et
1475 2246 1637 2343 insignia

219 2360 436 2425 hauddubie
450 2370 486 2425 et
501 2360 609 2451 regna
624 2363 830 2447 legendum,
848 2362 944 2444 e'ruod
958 2363 1161 2427 ciacconius
1172 2362 1336 2441 conjecit;
1356 2364 1531 2426 honorum
1543 2359 1637 2425 enim

218 2466 418 2551 insignibus
428 2468 687 2532 aedes‘exornari
695 2489 768 2531 non
776 2476 945 2553 poterant.
956 2468 1018 2533 cfr.
1029 2472 1088 2555 Ep.
1098 2472 1235 2553 deltep.
1247 2469 1330 2533 Ord.
1343 2471 1509 2543 ,domum
1518 2466 1635 2553 signis,

88 2559 94 2572 ’
218 2571 338 2638 aulaeis
346 2572 493 2656 aliisque
501 2575 662 2659 operibus
672 2572 1222 2642 exornare.’‘adoscentationem
1231 2574 1477 2639 scilicetscenae
1486 2580 1634 2637 exstruc-

219 2685 262 2743 tae
274 2689 381 2763 erant,
390 2679 428 2743 in
436 2681 713 2763 quashistriones
724 2684 905 2766 prodirent
915 2691 1070 2769 etpartes
1079 2702 1155 2747 suas
1166 2692 1316 2769 agerent,
1328 2691 1415 2746 uter
1423 2678 1632 2745 altioreloco

218 2782 360 2847 facilius
368 2786 666 2869 conspicerentur3
676 2788 815 2851 cinLir.
825 2792 877 2867 ³9·
887 2791 922 2851 6:
939 2788 1495 2872 tuncpsaltriaesambucistriaeque
1505 2792 1537 2851 et
1548 2805 1633 2848 con-

217 2889 349 2951 vivalia
360 2889 545 2953 ludionum
553 2883 805 2957 oblectamenta
812 2891 931 2953 addita
942 2892 1056 2971 epulis
1063 2932 1073 2963 ‚
1086 2891 1167 2949 vide
1177 2890 1359 2969 Bulcnger.
1367 2889 1411 2947 de
1422 2888 1562 2947 Conriv.
1570 2890 1632 2949 111.

148 2990 151 2995 ’
222 2995 275 3053 30.
296 2988 410 3053 simul
423 3010 533 3053 croco
550 3011 682 3071 sparsa
693 2991 924 3051 humus-ut
943 2991 980 3047 in
999 2988 1139 3051 theatris
1149 2990 1269 3053 Horat.
1288 2992 1349 3075 Ep.
1367 3005 1393 3051 2.
1415 3014 1441 3051 1.
1461 3009 1517 3069 79:
1539 2995 1630 3053 reete

221 3114 362 3161 crocum
377 3098 548 3175 floresque
562 3091 779 3177 perambulet
796 3093 883 3154 Attae
903 3089 1021 3153 fabula
1033 3100 1095 3159 etc.
1116 3096 1216 3177 Prop.
1235 3110 1265 3170 4.
1281 3097 1309 3157 6.
1329 3112 1378 3174 74.
1398 3097 1553 3159 Ceterum
1571 3114 1631 3159 ne-

218 3199 468 3286 minemiugit,
483 3200 550 3264 hoc
569 3198 648 3262 loco
670 3215 809 3261 crocum
829 3194 949 3257 tritum
972 3203 1007 3259 et
1023 3196 1108 3259 vino
1130 3196 1226 3261 dulci
1241 3199 1391 3262 solutum
1406 3218 1477 3263 esse
1497 3198 1630 3263 intelli·

219 3286 382 3396 gendum.
403 3307 487 3369 Stat.
503 3304 586 3369 Silv.
602 3327 632 3367 a.
649 3327 675 3366 ι.
694 3305 765 3366 160.
783 3300 953 3387 Spartian.
970 3301 1113 3366 Adrian.
1135 3324 1163 3365 c.
1184 3324 1239 3385 ¹93
1268 3306 1332 3379 ,In
1356 3306 1524 3367 honorem
1547 3306 1631 3367 Tra·

215 3413 293 3492 jani
311 3412 464 3499 balsama
486 3420 520 3474 et
540 3429 680 3474 crocum
703 3428 767 3492 per
781 3410 908 3494 gradus
932 3408 1057 3472 theatri
1074 3412 1180 3474 flucre
1194 3409 1329 3489 jussit)
1350 3417 1553 3472 transenna
1572 3408 1631 3472 de-

220 3515 380 3581 missum.
399 3516 557 3591 ,Servius
574 3525 795 3579 transennam
812 3522 987 3579 extensum
1009 3514 1127 3579 funem
1150 3516 1404 3599 interpretatur.
1424 3512 1556 3577 Nonius
1580 3512 1631 3577 le-

219 3630 379 3687 nestram.
409 3623 496 3683 Cum
516 3622 634 3687 Servio
656 3620 740 3684 facit
763 3619 917 3684 Isidorus
945 3622 1031 3683 XIX.
1065 3642 1093 3684 1.
1125 3629 1158 3683 et
1187 3621 1358 3685 Plutarch.
1377 3621 1504 3683 Sertor.
1526 3640 1553 3681 c.
1572 3636 1627 3683 aar

218 3727 279 3800 nei
299 3722 385 3799 rim
403 3711 619 3822 πεποιημέναι
647 3717 685 3800 ir’
706 3711 851 3822 ὀργάνων
870 3710 1053 3823 incipiunt
1071 3710 1204 3821 χρύσεαι
1221 3710 1371 3821 spirare
1384 3720 1447 3797 nni
1467 3709 1628 3823 ςιφᾶιους

220 3834 439 3946 διαφέρουσαι
476 3832 663 3938 neriyem.
693 3850 760 3913 Sed
773 3847 804 3910 si
817 3848 949 3911 Nonius
965 3866 1029 3930 per
1048 3845 1232 3913 fenestram
1250 3867 1335 3934 opus
1348 3846 1572 3913 cancellatum
1592 3854 1626 3910 ct

220 3954 438 4019 reticulatum
457 3951 648 4035 intellexit,
676 3974 747 4019 non
763 3954 933 4039 peccavit,
951 3961 991 4016 ut
1009 3952 1170 4037 pluribus
1196 3958 1295 4019 docet
1317 3954 1457 4019 Salmas.
1481 3950 1625 4016 Exercit.

220 4058 312 4122 Plin.
330 4081 365 4143 p.
389 4062 460 4135 643.
475 4061 545 4142 647.
566 4058 642 4122 Val.
662 4060 751 4123 Max.
769 4061 794 4123 l.
814 4081 844 4123 c.
863 4059 1351 4141 demissusquelacunaribus,
1373 4077 1516 4126 coronas
1530 4054 1626 4119 velut

221 4163 351 4228 coelesti
380 4162 491 4246 capite
513 4161 741 4247 recipiebat.»
774 4168 868 4229 Cort.
892 4166 952 4228 sed
981 4167 1050 4229 hoc
1073 4166 1152 4229 loco
1171 4173 1373 4231 transenna
1397 4164 1492 4226 haud
1519 4154 1626 4221 dubie

211 4262 345 4356 sunem
364 4268 548 4355 significan
577 4287 659 4333 nam
679 4290 743 4354 per
758 4270 942 4337 fenestram
968 4271 1148 4340 demittere
1168 4272 1353 4337 ridiculum
1373 4274 1473 4349 esset,
1493 4271 1527 4329 et
1551 4266 1624 4331 haec

1279 4396 1318 4442 11
