<?xml version="1.0" encoding="UTF-8"?>
<!DOCTYPE html PUBLIC "-//W3C//DTD XHTML 1.0 Transitional//EN"
    "http://www.w3.org/TR/xhtml1/DTD/xhtml1-transitional.dtd">
<html xmlns="http://www.w3.org/1999/xhtml" xml:lang="en" lang="en">
 <head>
  <title>
</title>
<meta http-equiv="Content-Type" content="text/html;charset=utf-8" />
  <meta name='ocr-system' content='tesseract 3.04.00' />
  <meta name='ocr-capabilities' content='ocr_page ocr_carea ocr_par ocr_line ocrx_word'/>
</head>
<body>
  <div class='ocr_page' id='page_1' title='image "./salustiiquaeexs00sallgoog_0079.png"; bbox 0 0 4050 5009; ppageno 0'>
   <div class='ocr_carea' id='block_1_1' title="bbox 158 374 1699 4208">
    <p class='ocr_par' dir='ltr' id='par_1_1' title="bbox 226 374 1643 848">
     <span class='ocr_line' id='line_1_1' title="bbox 1586 374 1630 451; baseline 0 -20"><span class='ocrx_word' id='word_1_1' title='bbox 1586 374 1630 451; x_wconf 76' lang='lat'><em>71</em></span> 
     </span>
     <span class='ocr_line' id='line_1_2' title="bbox 235 538 1642 636; baseline -0.001 -18"><span class='ocrx_word' id='word_1_2' title='bbox 235 552 297 618; x_wconf 82' lang='lat' dir='ltr'><em>bat</em></span> <span class='ocrx_word' id='word_1_3' title='bbox 315 568 411 636; x_wconf 84' lang='lat' dir='ltr'><em>eam,</em></span> <span class='ocrx_word' id='word_1_4' title='bbox 437 546 645 635; x_wconf 72' lang='lat' dir='ltr'><strong>penitusque</strong></span> <span class='ocrx_word' id='word_1_5' title='bbox 674 550 848 633; x_wconf 80' lang='lat' dir='ltr'><em>cognorat.</em></span> <span class='ocrx_word' id='word_1_6' title='bbox 867 544 990 629; x_wconf 84' lang='lat' dir='ltr'><em>ltaque</em></span> <span class='ocrx_word' id='word_1_7' title='bbox 1007 538 1048 609; x_wconf 81' lang='lat' dir='ltr'><em>in</em></span> <span class='ocrx_word' id='word_1_8' title='bbox 1071 544 1191 607; x_wconf 76' lang='lat' dir='ltr'><em>ceneto</em></span> <span class='ocrx_word' id='word_1_9' title='bbox 1206 540 1440 611; x_wconf 76' lang='lat' dir='ltr'><em>consolarium</em></span> <span class='ocrx_word' id='word_1_10' title='bbox 1456 546 1642 617; x_wconf 64' lang='lat' dir='ltr'><em>rumorib-</em></span> 
     </span>
     <span class='ocr_line' id='line_1_3' title="bbox 232 647 1643 741; baseline 0 -16"><span class='ocrx_word' id='word_1_11' title='bbox 232 664 302 725; x_wconf 82' lang='lat' dir='ltr'><em>tem</em></span> <span class='ocrx_word' id='word_1_12' title='bbox 322 658 580 739; x_wconf 70' lang='lat' dir='ltr'><strong>assequebatur:</strong></span> <span class='ocrx_word' id='word_1_13' title='bbox 600 656 662 721; x_wconf 84' lang='lat' dir='ltr'><em>aed</em></span> <span class='ocrx_word' id='word_1_14' title='bbox 681 655 721 721; x_wconf 90' lang='lat' dir='ltr'><em>in</em></span> <span class='ocrx_word' id='word_1_15' title='bbox 740 652 852 719; x_wconf 82' lang='lat' dir='ltr'><em>ceuaia</em></span> <span class='ocrx_word' id='word_1_16' title='bbox 866 649 1019 741; x_wconf 72' lang='lat' dir='ltr'><em>publicis</em></span> <span class='ocrx_word' id='word_1_17' title='bbox 1029 648 1142 732; x_wconf 86' lang='lat' dir='ltr'><em>nibil,</em></span> <span class='ocrx_word' id='word_1_18' title='bbox 1161 647 1199 714; x_wconf 90' lang='lat' dir='ltr'><em>in</em></span> <span class='ocrx_word' id='word_1_19' title='bbox 1215 650 1358 736; x_wconf 73' lang='lat' dir='ltr'><em>privatin</em></span> <span class='ocrx_word' id='word_1_20' title='bbox 1375 652 1459 719; x_wconf 76' lang='lat' dir='ltr'><em>ntis</em></span> <span class='ocrx_word' id='word_1_21' title='bbox 1468 662 1643 725; x_wconf 77' lang='lat' dir='ltr'><em>veterator</em></span> 
     </span>
     <span class='ocr_line' id='line_1_4' title="bbox 226 760 442 848; baseline -0.023 -19"><span class='ocrx_word' id='word_1_22' title='bbox 226 760 442 848; x_wconf 61' lang='lat' dir='ltr'><em>videbatur.»</em></span> 
     </span>
    </p>

    <p class='ocr_par' dir='ltr' id='par_1_2' title="bbox 227 862 1645 1797">
     <span class='ocr_line' id='line_1_5' title="bbox 308 862 1640 953; baseline 0.002 -22"><span class='ocrx_word' id='word_1_23' title='bbox 308 869 363 932; x_wconf 79' lang='lat' dir='ltr'><em>Ad</em></span> <span class='ocrx_word' id='word_1_24' title='bbox 380 866 529 933; x_wconf 84' lang='lat' dir='ltr'><em>eundem</em></span> <span class='ocrx_word' id='word_1_25' title='bbox 542 864 733 953; x_wconf 85' lang='lat' dir='ltr'><em>Cethegum</em></span> <span class='ocrx_word' id='word_1_26' title='bbox 755 862 933 929; x_wconf 81' lang='lat' dir='ltr'><em>Emeatim</em></span> <span class='ocrx_word' id='word_1_27' title='bbox 952 864 1020 929; x_wconf 87' lang='lat' dir='ltr'><em>cic.</em></span> <span class='ocrx_word' id='word_1_28' title='bbox 1038 882 1103 950; x_wconf 91' lang='lat' dir='ltr'><em>pro</em></span> <span class='ocrx_word' id='word_1_29' title='bbox 1123 862 1258 929; x_wconf 83' lang='lat' dir='ltr'><em>Cluent.</em></span> <span class='ocrx_word' id='word_1_30' title='bbox 1272 868 1303 929; x_wconf 79' lang='lat'><em>³.</em></span> <span class='ocrx_word' id='word_1_31' title='bbox 1322 864 1542 933; x_wconf 87' lang='lat' dir='ltr'><em>relerendum</em></span> <span class='ocrx_word' id='word_1_32' title='bbox 1567 884 1640 939; x_wconf 78' lang='lat' dir='ltr'><em>eree</em></span> 
     </span>
     <span class='ocr_line' id='line_1_6' title="bbox 227 970 1643 1059; baseline -0.001 -20"><span class='ocrx_word' id='word_1_33' title='bbox 227 980 359 1050; x_wconf 78' lang='lat' dir='ltr'><em>censet,</em></span> <span class='ocrx_word' id='word_1_34' title='bbox 380 972 462 1037; x_wconf 81' lang='lat' dir='ltr'><em>vide</em></span> <span class='ocrx_word' id='word_1_35' title='bbox 481 974 527 1035; x_wconf 83' lang='lat' dir='ltr'><em>ed</em></span> <span class='ocrx_word' id='word_1_36' title='bbox 545 972 648 1040; x_wconf 87' lang='lat' dir='ltr'><em>catil.</em></span> <span class='ocrx_word' id='word_1_37' title='bbox 672 993 721 1052; x_wconf 81' lang='lat'><em>¹7·</em></span> <span class='ocrx_word' id='word_1_38' title='bbox 742 988 848 1051; x_wconf 89' lang='lat' dir='ltr'><em>quem</em></span> <span class='ocrx_word' id='word_1_39' title='bbox 872 986 895 1030; x_wconf 82' lang='lat' dir='ltr'><em>e</em></span> <span class='ocrx_word' id='word_1_40' title='bbox 913 978 1033 1033; x_wconf 75' lang='lat' dir='ltr'><em>nostro</em></span> <span class='ocrx_word' id='word_1_41' title='bbox 1055 970 1228 1035; x_wconf 75' lang='lat' dir='ltr'><em>diversum</em></span> <span class='ocrx_word' id='word_1_42' title='bbox 1248 990 1320 1037; x_wconf 77' lang='lat' dir='ltr'><em>ecee</em></span> <span class='ocrx_word' id='word_1_43' title='bbox 1335 970 1451 1035; x_wconf 69' lang='lat' dir='ltr'><em>statuit</em></span> <span class='ocrx_word' id='word_1_44' title='bbox 1467 975 1547 1037; x_wconf 78' lang='lat' dir='ltr'><em>Ern</em></span> <span class='ocrx_word' id='word_1_45' title='bbox 1562 974 1643 1059; x_wconf 82' lang='lat' dir='ltr'><em>qui·</em></span> 
     </span>
     <span class='ocr_line' id='line_1_7' title="bbox 228 1068 1643 1156; baseline 0.003 -13"><span class='ocrx_word' id='word_1_46' title='bbox 228 1078 296 1143; x_wconf 79' lang='lat' dir='ltr'><em>bue</em></span> <span class='ocrx_word' id='word_1_47' title='bbox 314 1087 508 1145; x_wconf 83' lang='lat' dir='ltr'><em>commotus</em></span> <span class='ocrx_word' id='word_1_48' title='bbox 535 1074 734 1141; x_wconf 73' lang='lat' dir='ltr'><em>rationibus</em></span> <span class='ocrx_word' id='word_1_49' title='bbox 757 1070 883 1137; x_wconf 75' lang='lat' dir='ltr'><em>nereio.</em></span> <span class='ocrx_word' id='word_1_50' title='bbox 906 1068 1057 1156; x_wconf 78' lang='lat' dir='ltr'><em>penatis</em></span> <span class='ocrx_word' id='word_1_51' title='bbox 1081 1068 1135 1139; x_wconf 84' lang='lat' dir='ltr'><em>ite&#39;</em></span> <span class='ocrx_word' id='word_1_52' title='bbox 1156 1078 1230 1143; x_wconf 85' lang='lat' dir='ltr'><em>Vat.</em></span> <span class='ocrx_word' id='word_1_53' title='bbox 1250 1094 1279 1141; x_wconf 84' lang='lat'><em>1.</em></span> <span class='ocrx_word' id='word_1_54' title='bbox 1298 1099 1331 1141; x_wconf 78' lang='lat' dir='ltr'><em>n.</em></span> <span class='ocrx_word' id='word_1_55' title='bbox 1351 1096 1421 1143; x_wconf 87' lang='lat' dir='ltr'><em>non</em></span> <span class='ocrx_word' id='word_1_56' title='bbox 1443 1080 1643 1147; x_wconf 79' lang='lat' dir='ltr'><em>columboe</em></span> 
     </span>
     <span class='ocr_line' id='line_1_8' title="bbox 228 1160 1642 1269; baseline 0.001 -22"><span class='ocrx_word' id='word_1_57' title='bbox 228 1182 328 1267; x_wconf 86' lang='lat' dir='ltr'><em>loco,</em></span> <span class='ocrx_word' id='word_1_58' title='bbox 355 1187 417 1248; x_wconf 86' lang='lat' dir='ltr'><em>aed</em></span> <span class='ocrx_word' id='word_1_59' title='bbox 436 1184 579 1263; x_wconf 86' lang='lat' dir='ltr'><em>ubique.</em></span> <span class='ocrx_word' id='word_1_60' title='bbox 602 1176 764 1261; x_wconf 84' lang='lat' dir='ltr'><em>rempub.</em></span> <span class='ocrx_word' id='word_1_61' title='bbox 778 1172 936 1267; x_wconf 75' lang='lat' dir='ltr'><em>frustra</em></span> <span class='ocrx_word' id='word_1_62' title='bbox 959 1186 1104 1243; x_wconf 82' lang='lat' dir='ltr'><em>curant.</em></span> <span class='ocrx_word' id='word_1_63' title='bbox 1133 1178 1194 1244; x_wconf 81' lang='lat' dir='ltr'><em>cir.</em></span> <span class='ocrx_word' id='word_1_64' title='bbox 1223 1185 1269 1247; x_wconf 87' lang='lat' dir='ltr'><em>ad</em></span> <span class='ocrx_word' id='word_1_65' title='bbox 1289 1185 1368 1269; x_wconf 81' lang='lat' dir='ltr'><em>lug.</em></span> <span class='ocrx_word' id='word_1_66' title='bbox 1387 1187 1436 1259; x_wconf 75' lang='lat'><em>46.</em></span> <span class='ocrx_word' id='word_1_67' title='bbox 1465 1186 1564 1251; x_wconf 75' lang='lat' dir='ltr'><em>Catil.</em></span> <span class='ocrx_word' id='word_1_68' title='bbox 1582 1160 1642 1267; x_wconf 64' lang='lat'><em>59}</em></span> 
     </span>
     <span class='ocr_line' id='line_1_9' title="bbox 231 1282 1643 1385; baseline 0.001 -33"><span class='ocrx_word' id='word_1_69' title='bbox 231 1307 368 1352; x_wconf 81' lang='lat' dir='ltr'><em>manue</em></span> <span class='ocrx_word' id='word_1_70' title='bbox 390 1308 542 1351; x_wconf 84' lang='lat' dir='ltr'><em>armare</em></span> <span class='ocrx_word' id='word_1_71' title='bbox 558 1288 636 1369; x_wconf 86' lang='lat' dir='ltr'><em>Jug.</em></span> <span class='ocrx_word' id='word_1_72' title='bbox 659 1292 732 1363; x_wconf 73' lang='lat'><em>1073</em></span> <span class='ocrx_word' id='word_1_73' title='bbox 753 1282 838 1364; x_wconf 57' lang='lat' dir='ltr'><em>«bui</em></span> <span class='ocrx_word' id='word_1_74' title='bbox 858 1300 981 1347; x_wconf 79' lang='lat' dir='ltr'><em>manua</em></span> <span class='ocrx_word' id='word_1_75' title='bbox 1001 1286 1220 1385; x_wconf 67' lang='lat' dir='ltr'><em>armpveriw</em></span> <span class='ocrx_word' id='word_1_76' title='bbox 1240 1283 1423 1351; x_wconf 81' lang='lat' dir='ltr'><em>decernite</em></span> <span class='ocrx_word' id='word_1_77' title='bbox 1446 1286 1555 1377; x_wconf 84' lang='lat' dir='ltr'><em>digna</em></span> <span class='ocrx_word' id='word_1_78' title='bbox 1573 1308 1643 1357; x_wconf 85' lang='lat' dir='ltr'><em>no·</em></span> 
     </span>
     <span class='ocr_line' id='line_1_10' title="bbox 233 1387 1641 1471; baseline 0.006 -16"><span class='ocrx_word' id='word_1_79' title='bbox 233 1387 335 1455; x_wconf 86' lang='lat' dir='ltr'><em>mini.</em></span> <span class='ocrx_word' id='word_1_80' title='bbox 363 1392 468 1455; x_wconf 86' lang='lat' dir='ltr'><em>etiam</em></span> <span class='ocrx_word' id='word_1_81' title='bbox 490 1392 567 1460; x_wconf 78' lang='lat' dir='ltr'><em>brec</em></span> <span class='ocrx_word' id='word_1_82' title='bbox 581 1388 685 1453; x_wconf 91' lang='lat' dir='ltr'><em>lectio</em></span> <span class='ocrx_word' id='word_1_83' title='bbox 703 1387 862 1454; x_wconf 70' lang='lat' dir='ltr'><em>Vaticani</em></span> <span class='ocrx_word' id='word_1_84' title='bbox 883 1410 910 1451; x_wconf 89' lang='lat'><em>1.</em></span> <span class='ocrx_word' id='word_1_85' title='bbox 933 1397 968 1455; x_wconf 88' lang='lat' dir='ltr'><em>ct</em></span> <span class='ocrx_word' id='word_1_86' title='bbox 985 1407 1017 1455; x_wconf 88' lang='grc'><em>2.</em></span> <span class='ocrx_word' id='word_1_87' title='bbox 1036 1392 1238 1457; x_wconf 86' lang='lat' dir='ltr'><em>auctoritate</em></span> <span class='ocrx_word' id='word_1_88' title='bbox 1260 1391 1499 1471; x_wconf 86' lang='lat' dir='ltr'><em>confirmetur,</em></span> <span class='ocrx_word' id='word_1_89' title='bbox 1520 1396 1641 1463; x_wconf 77' lang='lat' dir='ltr'><em>eadem</em></span> 
     </span>
     <span class='ocr_line' id='line_1_11' title="bbox 229 1494 1643 1585; baseline 0.003 -24"><span class='ocrx_word' id='word_1_90' title='bbox 229 1497 410 1561; x_wconf 82' lang='lat' dir='ltr'><em>verborum</em></span> <span class='ocrx_word' id='word_1_91' title='bbox 428 1504 597 1560; x_wconf 75' lang='lat' dir='ltr'><em>structura</em></span> <span class='ocrx_word' id='word_1_92' title='bbox 622 1514 678 1578; x_wconf 84' lang='lat' dir='ltr'><em>ap.</em></span> <span class='ocrx_word' id='word_1_93' title='bbox 695 1494 946 1583; x_wconf 32' lang='lat' dir='ltr'><em>PlautcPomp.</em></span> <span class='ocrx_word' id='word_1_94' title='bbox 964 1516 993 1558; x_wconf 85' lang='lat' dir='ltr'><em>r.</em></span> <span class='ocrx_word' id='word_1_95' title='bbox 1015 1512 1045 1557; x_wconf 91' lang='grc'><em>2.</em></span> <span class='ocrx_word' id='word_1_96' title='bbox 1067 1512 1122 1577; x_wconf 72' lang='lat'><em>4⁴3</em></span> <span class='ocrx_word' id='word_1_97' title='bbox 1143 1498 1237 1561; x_wconf 92' lang='lat' dir='ltr'><em>diem</em></span> <span class='ocrx_word' id='word_1_98' title='bbox 1253 1498 1399 1585; x_wconf 85' lang='lat' dir='ltr'><em>dignum</em></span> <span class='ocrx_word' id='word_1_99' title='bbox 1420 1508 1454 1563; x_wconf 89' lang='lat' dir='ltr'><em>et</em></span> <span class='ocrx_word' id='word_1_100' title='bbox 1471 1498 1643 1565; x_wconf 83' lang='lat' dir='ltr'><em>celebrem</em></span> 
     </span>
     <span class='ocr_line' id='line_1_12' title="bbox 231 1599 1645 1687; baseline 0.001 -22"><span class='ocrx_word' id='word_1_101' title='bbox 231 1599 628 1687; x_wconf 76' lang='lat' dir='ltr'><em>dignumvencrip013</em></span> <span class='ocrx_word' id='word_1_102' title='bbox 649 1599 698 1663; x_wconf 86' lang='lat' dir='ltr'><em>ita</em></span> <span class='ocrx_word' id='word_1_103' title='bbox 724 1600 828 1665; x_wconf 88' lang='lat' dir='ltr'><em>etiam</em></span> <span class='ocrx_word' id='word_1_104' title='bbox 851 1599 974 1664; x_wconf 75' lang='lat' dir='ltr'><em>decer:</em></span> <span class='ocrx_word' id='word_1_105' title='bbox 996 1602 1074 1665; x_wconf 87' lang='lat' dir='ltr'><em>Ter.</em></span> <span class='ocrx_word' id='word_1_106' title='bbox 1094 1603 1200 1667; x_wconf 77' lang='lat' dir='ltr'><em>Andr.</em></span> <span class='ocrx_word' id='word_1_107' title='bbox 1222 1606 1251 1667; x_wconf 81' lang='lat'><em>5.</em></span> <span class='ocrx_word' id='word_1_108' title='bbox 1271 1606 1303 1667; x_wconf 83' lang='grc'><em>8.</em></span> <span class='ocrx_word' id='word_1_109' title='bbox 1319 1608 1356 1685; x_wconf 75' lang='grc'><em>5;</em></span> <span class='ocrx_word' id='word_1_110' title='bbox 1377 1604 1502 1669; x_wconf 86' lang='lat' dir='ltr'><em>Hercle</em></span> <span class='ocrx_word' id='word_1_111' title='bbox 1512 1604 1561 1667; x_wconf 88' lang='lat' dir='ltr'><em>ita</em></span> <span class='ocrx_word' id='word_1_112' title='bbox 1578 1622 1645 1667; x_wconf 88' lang='lat' dir='ltr'><em>no-</em></span> 
     </span>
     <span class='ocr_line' id='line_1_13' title="bbox 228 1702 1644 1797; baseline 0.001 -25"><span class='ocrx_word' id='word_1_113' title='bbox 228 1707 287 1772; x_wconf 83' lang='lat' dir='ltr'><em>bia</em></span> <span class='ocrx_word' id='word_1_114' title='bbox 310 1710 424 1786; x_wconf 88' lang='lat' dir='ltr'><em>decet,</em></span> <span class='ocrx_word' id='word_1_115' title='bbox 444 1707 536 1769; x_wconf 81' lang='lat' dir='ltr'><em>infre</em></span> <span class='ocrx_word' id='word_1_116' title='bbox 556 1706 677 1793; x_wconf 78' lang='lat' dir='ltr'><em>fragm.</em></span> <span class='ocrx_word' id='word_1_117' title='bbox 702 1708 752 1771; x_wconf 74' lang='lat'><em>51.</em></span> <span class='ocrx_word' id='word_1_118' title='bbox 787 1727 914 1791; x_wconf 59' lang='lat' dir='ltr'><em>«quem</em></span> <span class='ocrx_word' id='word_1_119' title='bbox 941 1706 1133 1774; x_wconf 76' lang='lat' dir='ltr'><em>victoribus</em></span> <span class='ocrx_word' id='word_1_120' title='bbox 1154 1711 1328 1774; x_wconf 54' lang='lat' dir='ltr'><em>decebat)</em></span> <span class='ocrx_word' id='word_1_121' title='bbox 1355 1717 1392 1772; x_wconf 81' lang='lat' dir='ltr'><em>et</em></span> <span class='ocrx_word' id='word_1_122' title='bbox 1424 1730 1506 1774; x_wconf 82' lang='lat' dir='ltr'><em>vera</em></span> <span class='ocrx_word' id='word_1_123' title='bbox 1526 1702 1644 1797; x_wconf 79' lang='lat' dir='ltr'><em>magr&#39;e</em></span> 
     </span>
    </p>

    <p class='ocr_par' dir='ltr' id='par_1_3' title="bbox 158 1813 1699 4208">
     <span class='ocr_line' id='line_1_14' title="bbox 158 1813 1642 1905; baseline 0.001 -29"><span class='ocrx_word' id='word_1_124' title='bbox 158 1885 165 1905; x_wconf 55' lang='lat'>„</span> <span class='ocrx_word' id='word_1_125' title='bbox 225 1814 381 1897; x_wconf 82' lang='lat' dir='ltr'><em>placent</em></span> <span class='ocrx_word' id='word_1_126' title='bbox 397 1814 422 1877; x_wconf 78' lang='lat' dir='ltr'><em>i,</em></span> <span class='ocrx_word' id='word_1_127' title='bbox 437 1834 466 1882; x_wconf 90' lang='lat' dir='ltr'><em>e.</em></span> <span class='ocrx_word' id='word_1_128' title='bbox 481 1813 628 1897; x_wconf 84' lang='lat' dir='ltr'><em>justum,</em></span> <span class='ocrx_word' id='word_1_129' title='bbox 642 1822 772 1877; x_wconf 90' lang='lat' dir='ltr'><em>rectum</em></span> <span class='ocrx_word' id='word_1_130' title='bbox 792 1814 954 1879; x_wconf 59' lang='grc' dir='ltr'><em>οἰώθη.</em></span> <span class='ocrx_word' id='word_1_131' title='bbox 966 1818 1012 1880; x_wconf 83' lang='lat' dir='ltr'><em>ad</em></span> <span class='ocrx_word' id='word_1_132' title='bbox 1030 1815 1124 1901; x_wconf 85' lang='lat' dir='ltr'><em>Virg.</em></span> <span class='ocrx_word' id='word_1_133' title='bbox 1139 1818 1223 1879; x_wconf 79' lang='lat' dir='ltr'><em>Aen.</em></span> <span class='ocrx_word' id='word_1_134' title='bbox 1240 1818 1378 1897; x_wconf 73' lang='lat' dir='ltr'><em>ra.694;</em></span> <span class='ocrx_word' id='word_1_135' title='bbox 1398 1816 1467 1882; x_wconf 86' lang='lat' dir='ltr'><em>Cic.</em></span> <span class='ocrx_word' id='word_1_136' title='bbox 1483 1818 1526 1879; x_wconf 87' lang='lat' dir='ltr'><em>de</em></span> <span class='ocrx_word' id='word_1_137' title='bbox 1537 1816 1642 1901; x_wconf 76' lang='lat' dir='ltr'><em>legg.</em></span> 
     </span>
     <span class='ocr_line' id='line_1_15' title="bbox 184 1917 1645 2009; baseline 0.004 -28"><span class='ocrx_word' id='word_1_138' title='bbox 184 2002 188 2009; x_wconf 25' lang='grc' dir='ltr'>Ι</span> <span class='ocrx_word' id='word_1_139' title='bbox 230 1934 261 1982; x_wconf 93' lang='grc'><em>2.</em></span> <span class='ocrx_word' id='word_1_140' title='bbox 284 1921 331 1994; x_wconf 78' lang='lat'><em>⁵.;</em></span> <span class='ocrx_word' id='word_1_141' title='bbox 352 1917 398 1984; x_wconf 86' lang='lat' dir='ltr'><em>id.</em></span> <span class='ocrx_word' id='word_1_142' title='bbox 414 1924 445 1982; x_wconf 80' lang='lat'><em>3.</em></span> <span class='ocrx_word' id='word_1_143' title='bbox 467 1923 523 1996; x_wconf 81' lang='lat'><em>¹53</em></span> <span class='ocrx_word' id='word_1_144' title='bbox 544 1920 616 1981; x_wconf 77' lang='lat' dir='ltr'><em>liu.</em></span> <span class='ocrx_word' id='word_1_145' title='bbox 639 1936 669 1981; x_wconf 83' lang='lat'><em>2.</em></span> <span class='ocrx_word' id='word_1_146' title='bbox 691 1921 750 1995; x_wconf 74' lang='lat'><em>483</em></span> <span class='ocrx_word' id='word_1_147' title='bbox 785 1918 880 1985; x_wconf 84' lang='lat' dir='ltr'><em>bella</em></span> <span class='ocrx_word' id='word_1_148' title='bbox 899 1917 1017 2009; x_wconf 81' lang='lat' dir='ltr'><em>magis</em></span> <span class='ocrx_word' id='word_1_149' title='bbox 1028 1924 1201 2005; x_wconf 81' lang='lat' dir='ltr'><em>placent,</em></span> <span class='ocrx_word' id='word_1_150' title='bbox 1221 1924 1369 1987; x_wconf 76' lang='lat' dir='ltr'><em>absurde</em></span> <span class='ocrx_word' id='word_1_151' title='bbox 1390 1924 1645 1989; x_wconf 84' lang='lat' dir='ltr'><em>nonnullorum</em></span> 
     </span>
     <span class='ocr_line' id='line_1_16' title="bbox 231 2020 1643 2115; baseline 0.002 -27"><span class='ocrx_word' id='word_1_152' title='bbox 231 2022 436 2103; x_wconf 83' lang='lat' dir='ltr'><em>conjectura.</em></span> <span class='ocrx_word' id='word_1_153' title='bbox 450 2032 582 2115; x_wconf 82' lang='lat' dir='ltr'><em>augete</em></span> <span class='ocrx_word' id='word_1_154' title='bbox 600 2022 805 2112; x_wconf 75' lang='lat' dir='ltr'><em>ingenium,</em></span> <span class='ocrx_word' id='word_1_155' title='bbox 825 2024 885 2087; x_wconf 83' lang='lat' dir='ltr'><em>cir.</em></span> <span class='ocrx_word' id='word_1_156' title='bbox 902 2020 981 2109; x_wconf 77' lang='lat' dir='ltr'><em>Ju&#39;g.</em></span> <span class='ocrx_word' id='word_1_157' title='bbox 1002 2044 1057 2087; x_wconf 79' lang='lat' dir='ltr'><em>roe</em></span> <span class='ocrx_word' id='word_1_158' title='bbox 1079 2038 1111 2089; x_wconf 89' lang='lat' dir='ltr'><em>et</em></span> <span class='ocrx_word' id='word_1_159' title='bbox 1130 2044 1180 2109; x_wconf 74' lang='lat'><em>47.</em></span> <span class='ocrx_word' id='word_1_160' title='bbox 1201 2026 1250 2089; x_wconf 84' lang='lat' dir='ltr'><em>ita</em></span> <span class='ocrx_word' id='word_1_161' title='bbox 1262 2028 1366 2092; x_wconf 83' lang='lat' dir='ltr'><em>etiem</em></span> <span class='ocrx_word' id='word_1_162' title='bbox 1381 2029 1491 2089; x_wconf 87' lang='lat' dir='ltr'><em>Plaut.</em></span> <span class='ocrx_word' id='word_1_163' title='bbox 1502 2026 1643 2091; x_wconf 80' lang='lat' dir='ltr'><em>nachid.</em></span> 
     </span>
     <span class='ocr_line' id='line_1_17' title="bbox 234 2128 1647 2213; baseline 0 -24"><span class='ocrx_word' id='word_1_164' title='bbox 234 2130 266 2189; x_wconf 74' lang='lat' dir='ltr'><em>b.</em></span> <span class='ocrx_word' id='word_1_165' title='bbox 279 2132 389 2203; x_wconf 45' lang='lat' dir='ltr'><em>³..9o3</em></span> <span class='ocrx_word' id='word_1_166' title='bbox 408 2130 560 2187; x_wconf 83' lang='lat' dir='ltr'><em>animum</em></span> <span class='ocrx_word' id='word_1_167' title='bbox 585 2139 688 2204; x_wconf 73' lang='lat' dir='ltr'><em>atque</em></span> <span class='ocrx_word' id='word_1_168' title='bbox 709 2130 889 2207; x_wconf 82' lang='lat' dir='ltr'><em>ingenium</em></span> <span class='ocrx_word' id='word_1_169' title='bbox 911 2130 1048 2213; x_wconf 67' lang='lat' dir='ltr'><em>jungite</em></span> <span class='ocrx_word' id='word_1_170' title='bbox 1074 2134 1133 2193; x_wconf 83' lang='lat' dir='ltr'><em>aed</em></span> <span class='ocrx_word' id='word_1_171' title='bbox 1151 2131 1312 2213; x_wconf 74' lang='lat' dir='ltr'><em>inprimis</em></span> <span class='ocrx_word' id='word_1_172' title='bbox 1333 2132 1420 2191; x_wconf 85' lang='lat' dir='ltr'><em>Enn.</em></span> <span class='ocrx_word' id='word_1_173' title='bbox 1439 2130 1529 2211; x_wconf 84' lang='lat' dir='ltr'><em>apud</em></span> <span class='ocrx_word' id='word_1_174' title='bbox 1548 2128 1647 2189; x_wconf 82' lang='lat' dir='ltr'><em>Cice-</em></span> 
     </span>
     <span class='ocr_line' id='line_1_18' title="bbox 232 2228 1647 2315; baseline -0.001 -22"><span class='ocrx_word' id='word_1_175' title='bbox 232 2246 376 2311; x_wconf 84' lang='lat' dir='ltr'><em>ronem,</em></span> <span class='ocrx_word' id='word_1_176' title='bbox 397 2229 444 2290; x_wconf 90' lang='lat' dir='ltr'><em>de</em></span> <span class='ocrx_word' id='word_1_177' title='bbox 468 2228 528 2289; x_wconf 88' lang='lat' dir='ltr'><em>Or.</em></span> <span class='ocrx_word' id='word_1_178' title='bbox 560 2230 592 2288; x_wconf 77' lang='lat'><em>³.</em></span> <span class='ocrx_word' id='word_1_179' title='bbox 622 2230 682 2305; x_wconf 76' lang='lat'><em>583</em></span> <span class='ocrx_word' id='word_1_180' title='bbox 701 2246 827 2300; x_wconf 50' lang='lat' dir='ltr'><em>«nemo</em></span> <span class='ocrx_word' id='word_1_181' title='bbox 848 2234 918 2286; x_wconf 84' lang='lat' dir='ltr'><em>tam</em></span> <span class='ocrx_word' id='word_1_182' title='bbox 936 2230 1038 2289; x_wconf 83' lang='lat' dir='ltr'><em>firmo</em></span> <span class='ocrx_word' id='word_1_183' title='bbox 1062 2230 1203 2309; x_wconf 87' lang='lat' dir='ltr'><em>ingenio</em></span> <span class='ocrx_word' id='word_1_184' title='bbox 1233 2243 1266 2291; x_wconf 85' lang='lat' dir='ltr'><em>et</em></span> <span class='ocrx_word' id='word_1_185' title='bbox 1296 2240 1391 2292; x_wconf 86' lang='lat' dir='ltr'><em>tanta</em></span> <span class='ocrx_word' id='word_1_186' title='bbox 1419 2228 1647 2315; x_wconf 82' lang='lat' dir='ltr'><em>confidentia,</em></span> 
     </span>
     <span class='ocr_line' id='line_1_19' title="bbox 231 2331 1646 2419; baseline 0.005 -23"><span class='ocrx_word' id='word_1_187' title='bbox 231 2334 321 2419; x_wconf 85' lang='lat' dir='ltr'><em>quin</em></span> <span class='ocrx_word' id='word_1_188' title='bbox 343 2332 493 2418; x_wconf 83' lang='lat' dir='ltr'><em>refugiat</em></span> <span class='ocrx_word' id='word_1_189' title='bbox 512 2331 637 2395; x_wconf 87' lang='lat' dir='ltr'><em>timido</em></span> <span class='ocrx_word' id='word_1_190' title='bbox 657 2340 938 2415; x_wconf 65' lang='lat' dir='ltr'><em>sanguenatque</em></span> <span class='ocrx_word' id='word_1_191' title='bbox 955 2331 1147 2395; x_wconf 76' lang='lat' dir='ltr'><em>exalbescat</em></span> <span class='ocrx_word' id='word_1_192' title='bbox 1163 2340 1292 2399; x_wconf 66' lang='lat' dir='ltr'><em>metu*</em></span> <span class='ocrx_word' id='word_1_193' title='bbox 1320 2332 1461 2398; x_wconf 83' lang='lat' dir='ltr'><em>Videtur</em></span> <span class='ocrx_word' id='word_1_194' title='bbox 1478 2333 1646 2403; x_wconf 70' lang='lat' dir='ltr'><em>salustius</em></span> 
     </span>
     <span class='ocr_line' id='line_1_20' title="bbox 231 2436 1648 2523; baseline 0 -19"><span class='ocrx_word' id='word_1_195' title='bbox 231 2439 466 2521; x_wconf 71' lang='lat' dir='ltr'><em>antiquiorem</em></span> <span class='ocrx_word' id='word_1_196' title='bbox 489 2436 660 2520; x_wconf 88' lang='lat' dir='ltr'><em>loquendi</em></span> <span class='ocrx_word' id='word_1_197' title='bbox 682 2456 783 2499; x_wconf 75' lang='lat' dir='ltr'><em>urum</em></span> <span class='ocrx_word' id='word_1_198' title='bbox 802 2445 938 2499; x_wconf 74' lang='lat' dir='ltr'><em>secutus</em></span> <span class='ocrx_word' id='word_1_199' title='bbox 961 2454 1051 2519; x_wconf 79' lang='lat' dir='ltr'><em>esee,</em></span> <span class='ocrx_word' id='word_1_200' title='bbox 1075 2455 1121 2498; x_wconf 75' lang='lat' dir='ltr'><em>ere</em></span> <span class='ocrx_word' id='word_1_201' title='bbox 1139 2454 1208 2517; x_wconf 88' lang='lat' dir='ltr'><em>quo</em></span> <span class='ocrx_word' id='word_1_202' title='bbox 1229 2436 1410 2521; x_wconf 81' lang='lat' dir='ltr'><em>ingenium</em></span> <span class='ocrx_word' id='word_1_203' title='bbox 1435 2440 1528 2503; x_wconf 84' lang='lat' dir='ltr'><em>idem</em></span> <span class='ocrx_word' id='word_1_204' title='bbox 1553 2442 1648 2523; x_wconf 81' lang='lat' dir='ltr'><em>quod</em></span> 
     </span>
     <span class='ocr_line' id='line_1_21' title="bbox 230 2536 1646 2630; baseline -0.001 -19"><span class='ocrx_word' id='word_1_205' title='bbox 230 2546 368 2611; x_wconf 80' lang='lat' dir='ltr'><em>animus</em></span> <span class='ocrx_word' id='word_1_206' title='bbox 383 2556 418 2610; x_wconf 88' lang='lat' dir='ltr'><em>et</em></span> <span class='ocrx_word' id='word_1_207' title='bbox 440 2544 577 2609; x_wconf 81' lang='lat' dir='ltr'><em>indoles</em></span> <span class='ocrx_word' id='word_1_208' title='bbox 599 2540 833 2628; x_wconf 78' lang='lat' dir='ltr'><em>significabat,</em></span> <span class='ocrx_word' id='word_1_209' title='bbox 854 2540 903 2603; x_wconf 88' lang='lat' dir='ltr'><em>ita</em></span> <span class='ocrx_word' id='word_1_210' title='bbox 928 2552 1087 2630; x_wconf 81' lang='lat' dir='ltr'><em>vegetum</em></span> <span class='ocrx_word' id='word_1_211' title='bbox 1107 2536 1290 2629; x_wconf 77' lang='lat' dir='ltr'><em>ingenium</em></span> <span class='ocrx_word' id='word_1_212' title='bbox 1315 2562 1368 2629; x_wconf 89' lang='lat' dir='ltr'><em>ap.</em></span> <span class='ocrx_word' id='word_1_213' title='bbox 1389 2544 1527 2609; x_wconf 86' lang='lat' dir='ltr'><em>livium</em></span> <span class='ocrx_word' id='word_1_214' title='bbox 1549 2548 1577 2607; x_wconf 87' lang='lat'><em>6.</em></span> <span class='ocrx_word' id='word_1_215' title='bbox 1590 2563 1646 2627; x_wconf 72' lang='grc' dir='ltr'><em>2η</em></span> 
     </span>
     <span class='ocr_line' id='line_1_22' title="bbox 233 2646 1648 2741; baseline 0.001 -25"><span class='ocrx_word' id='word_1_216' title='bbox 233 2648 381 2740; x_wconf 87' lang='lat' dir='ltr'><em>ingenio</em></span> <span class='ocrx_word' id='word_1_217' title='bbox 402 2646 521 2741; x_wconf 75' lang='lat' dir='ltr'><em>seron</em></span> <span class='ocrx_word' id='word_1_218' title='bbox 546 2651 595 2713; x_wconf 89' lang='lat' dir='ltr'><em>id.</em></span> <span class='ocrx_word' id='word_1_219' title='bbox 616 2665 667 2724; x_wconf 71' lang='lat'><em>40.</em></span> <span class='ocrx_word' id='word_1_220' title='bbox 685 2650 748 2726; x_wconf 70' lang='lat'><em>455</em></span> <span class='ocrx_word' id='word_1_221' title='bbox 770 2667 847 2728; x_wconf 81' lang='lat' dir='ltr'><em>quae</em></span> <span class='ocrx_word' id='word_1_222' title='bbox 872 2646 965 2711; x_wconf 90' lang='lat' dir='ltr'><em>enim</em></span> <span class='ocrx_word' id='word_1_223' title='bbox 988 2667 1042 2733; x_wconf 80' lang='lat' dir='ltr'><em>ep.</em></span> <span class='ocrx_word' id='word_1_224' title='bbox 1069 2648 1268 2713; x_wconf 86' lang='lat' dir='ltr'><em>Ciceronem</em></span> <span class='ocrx_word' id='word_1_225' title='bbox 1289 2650 1393 2729; x_wconf 79' lang='lat' dir='ltr'><em>hujus</em></span> <span class='ocrx_word' id='word_1_226' title='bbox 1416 2652 1511 2715; x_wconf 79' lang='lat' dir='ltr'><em>vocis</em></span> <span class='ocrx_word' id='word_1_227' title='bbox 1541 2658 1648 2719; x_wconf 75' lang='lat' dir='ltr'><em>exalat</em></span> 
     </span>
     <span class='ocr_line' id='line_1_23' title="bbox 233 2754 1645 2849; baseline 0 -28"><span class='ocrx_word' id='word_1_228' title='bbox 233 2758 389 2849; x_wconf 75' lang='lat' dir='ltr'><em>definitio</em></span> <span class='ocrx_word' id='word_1_229' title='bbox 414 2759 457 2821; x_wconf 88' lang='lat' dir='ltr'><em>de</em></span> <span class='ocrx_word' id='word_1_230' title='bbox 478 2756 553 2819; x_wconf 85' lang='lat' dir='ltr'><em>Fin.</em></span> <span class='ocrx_word' id='word_1_231' title='bbox 575 2759 604 2818; x_wconf 83' lang='lat'><em>5.</em></span> <span class='ocrx_word' id='word_1_232' title='bbox 624 2762 673 2819; x_wconf 71' lang='grc' dir='ltr'><em>ιδ.</em></span> <span class='ocrx_word' id='word_1_233' title='bbox 694 2775 735 2818; x_wconf 88' lang='lat' dir='ltr'><em>ea</em></span> <span class='ocrx_word' id='word_1_234' title='bbox 754 2754 871 2838; x_wconf 83' lang='lat' dir='ltr'><em>potius</em></span> <span class='ocrx_word' id='word_1_235' title='bbox 889 2775 931 2818; x_wconf 81' lang='lat' dir='ltr'><em>ex</em></span> <span class='ocrx_word' id='word_1_236' title='bbox 948 2754 1086 2839; x_wconf 79' lang='lat' dir='ltr'><em>vulgari</em></span> <span class='ocrx_word' id='word_1_237' title='bbox 1100 2776 1163 2817; x_wconf 80' lang='lat' dir='ltr'><em>uau</em></span> <span class='ocrx_word' id='word_1_238' title='bbox 1185 2756 1372 2839; x_wconf 85' lang='lat' dir='ltr'><em>loquendi,</em></span> <span class='ocrx_word' id='word_1_239' title='bbox 1392 2778 1497 2836; x_wconf 82' lang='lat' dir='ltr'><em>quarn</em></span> <span class='ocrx_word' id='word_1_240' title='bbox 1514 2778 1554 2820; x_wconf 78' lang='lat' dir='ltr'><em>ex</em></span> <span class='ocrx_word' id='word_1_241' title='bbox 1570 2766 1645 2843; x_wconf 85' lang='lat' dir='ltr'><em>ety-</em></span> 
     </span>
     <span class='ocr_line' id='line_1_24' title="bbox 237 2854 1648 2947; baseline -0.004 -20"><span class='ocrx_word' id='word_1_242' title='bbox 237 2863 402 2947; x_wconf 79' lang='lat' dir='ltr'><em>mologiae</em></span> <span class='ocrx_word' id='word_1_243' title='bbox 433 2861 549 2925; x_wconf 74' lang='lat' dir='ltr'><em>studio</em></span> <span class='ocrx_word' id='word_1_244' title='bbox 581 2860 689 2945; x_wconf 86' lang='lat' dir='ltr'><em>petita</em></span> <span class='ocrx_word' id='word_1_245' title='bbox 720 2867 780 2923; x_wconf 82' lang='lat' dir='ltr'><em>eat.</em></span> <span class='ocrx_word' id='word_1_246' title='bbox 809 2878 891 2939; x_wconf 85' lang='lat' dir='ltr'><em>quoe</em></span> <span class='ocrx_word' id='word_1_247' title='bbox 926 2860 1085 2921; x_wconf 85' lang='lat' dir='ltr'><em>collecta</em></span> <span class='ocrx_word' id='word_1_248' title='bbox 1110 2868 1196 2915; x_wconf 77' lang='lat' dir='ltr'><em>eunt</em></span> <span class='ocrx_word' id='word_1_249' title='bbox 1218 2854 1391 2915; x_wconf 76' lang='lat' dir='ltr'><em>socordia</em></span> <span class='ocrx_word' id='word_1_250' title='bbox 1414 2892 1455 2907; x_wconf 92' lang='lat'><em>-</em></span> <span class='ocrx_word' id='word_1_251' title='bbox 1478 2858 1648 2923; x_wconf 76' lang='lat' dir='ltr'><em>secordia</em></span> 
     </span>
     <span class='ocr_line' id='line_1_25' title="bbox 235 2960 1648 3059; baseline 0 -32"><span class='ocrx_word' id='word_1_252' title='bbox 235 2967 312 3033; x_wconf 85' lang='lat' dir='ltr'><em>Vat.</em></span> <span class='ocrx_word' id='word_1_253' title='bbox 332 2981 368 3059; x_wconf 63' lang='lat'><em>23</em></span> <span class='ocrx_word' id='word_1_254' title='bbox 379 2966 541 3023; x_wconf 86' lang='lat' dir='ltr'><em>hocloco</em></span> <span class='ocrx_word' id='word_1_255' title='bbox 560 2972 594 3020; x_wconf 85' lang='lat' dir='ltr'><em>et</em></span> <span class='ocrx_word' id='word_1_256' title='bbox 614 2979 778 3039; x_wconf 79' lang='lat' dir='ltr'><em>cupra.-</em></span> <span class='ocrx_word' id='word_1_257' title='bbox 789 2962 943 3017; x_wconf 81' lang='lat' dir='ltr'><em>collecto</em></span> <span class='ocrx_word' id='word_1_258' title='bbox 960 2960 985 3015; x_wconf 89' lang='lat' dir='ltr'><em>i.</em></span> <span class='ocrx_word' id='word_1_259' title='bbox 1009 2975 1038 3017; x_wconf 85' lang='lat' dir='ltr'><em>e.</em></span> <span class='ocrx_word' id='word_1_260' title='bbox 1056 2964 1171 3017; x_wconf 77' lang='lat' dir='ltr'><em>coacta</em></span> <span class='ocrx_word' id='word_1_261' title='bbox 1189 2966 1450 3023; x_wconf 68' lang='lat' dir='ltr'><em>contrectabunt</em></span> <span class='ocrx_word' id='word_1_262' title='bbox 1461 2960 1531 3023; x_wconf 85' lang='lat' dir='ltr'><em>eie.</em></span> <span class='ocrx_word' id='word_1_263' title='bbox 1547 2963 1591 3023; x_wconf 81' lang='lat' dir='ltr'><em>ad</em></span> <span class='ocrx_word' id='word_1_264' title='bbox 1606 2963 1648 3049; x_wconf 78' lang='grc' dir='ltr'><em>Ω.</em></span> 
     </span>
     <span class='ocr_line' id='line_1_26' title="bbox 234 3056 1648 3149; baseline -0.001 -16"><span class='ocrx_word' id='word_1_265' title='bbox 234 3071 291 3133; x_wconf 84' lang='lat' dir='ltr'><em>Fr.</em></span> <span class='ocrx_word' id='word_1_266' title='bbox 316 3093 342 3133; x_wconf 87' lang='grc' dir='ltr'><em>ι.</em></span> <span class='ocrx_word' id='word_1_267' title='bbox 365 3088 393 3129; x_wconf 86' lang='grc' dir='ltr'><em>ι.</em></span> <span class='ocrx_word' id='word_1_268' title='bbox 415 3084 492 3147; x_wconf 75' lang='lat' dir='ltr'><em>quae</em></span> <span class='ocrx_word' id='word_1_269' title='bbox 514 3073 631 3126; x_wconf 77' lang='lat' dir='ltr'><em>nostra</em></span> <span class='ocrx_word' id='word_1_270' title='bbox 653 3061 754 3143; x_wconf 89' lang='lat' dir='ltr'><em>eulpa</em></span> <span class='ocrx_word' id='word_1_271' title='bbox 772 3056 945 3121; x_wconf 86' lang='lat' dir='ltr'><em>contracta</em></span> <span class='ocrx_word' id='word_1_272' title='bbox 962 3068 1061 3136; x_wconf 80' lang='lat' dir='ltr'><em>sunt3</em></span> <span class='ocrx_word' id='word_1_273' title='bbox 1082 3079 1162 3121; x_wconf 85' lang='lat' dir='ltr'><em>nam</em></span> <span class='ocrx_word' id='word_1_274' title='bbox 1184 3065 1339 3127; x_wconf 84' lang='lat' dir='ltr'><em>collecte</em></span> <span class='ocrx_word' id='word_1_275' title='bbox 1356 3086 1494 3149; x_wconf 88' lang='lat' dir='ltr'><em>quoque</em></span> <span class='ocrx_word' id='word_1_276' title='bbox 1514 3069 1552 3133; x_wconf 89' lang='lat' dir='ltr'><em>in</em></span> <span class='ocrx_word' id='word_1_277' title='bbox 1574 3088 1648 3133; x_wconf 81' lang='lat' dir='ltr'><em>ma·</em></span> 
     </span>
     <span class='ocr_line' id='line_1_27' title="bbox 234 3158 1649 3258; baseline 0.001 -19"><span class='ocrx_word' id='word_1_278' title='bbox 234 3176 306 3240; x_wconf 88' lang='lat' dir='ltr'><em>lam</em></span> <span class='ocrx_word' id='word_1_279' title='bbox 328 3182 459 3258; x_wconf 89' lang='lat' dir='ltr'><em>partem</em></span> <span class='ocrx_word' id='word_1_280' title='bbox 479 3169 609 3233; x_wconf 89' lang='lat' dir='ltr'><em>dictum</em></span> <span class='ocrx_word' id='word_1_281' title='bbox 626 3176 686 3231; x_wconf 78' lang='lat' dir='ltr'><em>eet·</em></span> <span class='ocrx_word' id='word_1_282' title='bbox 708 3158 909 3227; x_wconf 74' lang='lat' dir='ltr'><em>exercitum</em></span> <span class='ocrx_word' id='word_1_283' title='bbox 921 3160 1072 3247; x_wconf 76' lang='lat' dir='ltr'><em>privato</em></span> <span class='ocrx_word' id='word_1_284' title='bbox 1094 3164 1248 3231; x_wconf 80' lang='lat' dir='ltr'><em>consilio</em></span> <span class='ocrx_word' id='word_1_285' title='bbox 1260 3182 1449 3255; x_wconf 83' lang='lat' dir='ltr'><em>paratum.</em></span> <span class='ocrx_word' id='word_1_286' title='bbox 1484 3175 1649 3257; x_wconf 68' lang='lat' dir='ltr'><em>Quamvis</em></span> 
     </span>
     <span class='ocr_line' id='line_1_28' title="bbox 238 3263 1650 3363; baseline -0.003 -16"><span class='ocrx_word' id='word_1_287' title='bbox 238 3281 332 3349; x_wconf 89' lang='lat' dir='ltr'><em>enim</em></span> <span class='ocrx_word' id='word_1_288' title='bbox 358 3263 492 3363; x_wconf 76' lang='lat' dir='ltr'><em>Lepido</em></span> <span class='ocrx_word' id='word_1_289' title='bbox 512 3272 680 3339; x_wconf 76' lang='lat' dir='ltr'><em>exercitus</em></span> <span class='ocrx_word' id='word_1_290' title='bbox 703 3275 858 3335; x_wconf 81' lang='lat' dir='ltr'><em>decretur</em></span> <span class='ocrx_word' id='word_1_291' title='bbox 880 3280 988 3356; x_wconf 80' lang='lat' dir='ltr'><em>essct,</em></span> <span class='ocrx_word' id='word_1_292' title='bbox 1012 3281 1126 3337; x_wconf 87' lang='lat' dir='ltr'><em>tamen</em></span> <span class='ocrx_word' id='word_1_293' title='bbox 1152 3274 1261 3337; x_wconf 85' lang='lat' dir='ltr'><em>elium</em></span> <span class='ocrx_word' id='word_1_294' title='bbox 1284 3294 1324 3337; x_wconf 89' lang='lat' dir='ltr'><em>ac</em></span> <span class='ocrx_word' id='word_1_295' title='bbox 1347 3274 1461 3353; x_wconf 71' lang='lat' dir='ltr'><em>jussus</em></span> <span class='ocrx_word' id='word_1_296' title='bbox 1482 3288 1570 3353; x_wconf 83' lang='lat' dir='ltr'><em>crat,</em></span> <span class='ocrx_word' id='word_1_297' title='bbox 1590 3298 1650 3343; x_wconf 90' lang='lat' dir='ltr'><em>eo-</em></span> 
     </span>
     <span class='ocr_line' id='line_1_29' title="bbox 237 3378 1650 3473; baseline -0.001 -20"><span class='ocrx_word' id='word_1_298' title='bbox 237 3393 374 3473; x_wconf 85' lang='lat' dir='ltr'><em>egerat,</em></span> <span class='ocrx_word' id='word_1_299' title='bbox 405 3384 537 3447; x_wconf 81' lang='lat' dir='ltr'><em>scilicet</em></span> <span class='ocrx_word' id='word_1_300' title='bbox 565 3402 607 3445; x_wconf 83' lang='lat' dir='ltr'><em>ex</em></span> <span class='ocrx_word' id='word_1_301' title='bbox 641 3378 844 3464; x_wconf 80' lang='lat' dir='ltr'><em>reipublicae</em></span> <span class='ocrx_word' id='word_1_302' title='bbox 876 3378 1041 3443; x_wconf 75' lang='lat' dir='ltr'><em>hostibus.</em></span> <span class='ocrx_word' id='word_1_303' title='bbox 1072 3380 1139 3447; x_wconf 86' lang='lat' dir='ltr'><em>Ad</em></span> <span class='ocrx_word' id='word_1_304' title='bbox 1159 3379 1282 3445; x_wconf 81' lang='lat' dir='ltr'><em>urbem</em></span> <span class='ocrx_word' id='word_1_305' title='bbox 1317 3380 1420 3443; x_wconf 85' lang='lat' dir='ltr'><em>ducit</em></span> <span class='ocrx_word' id='word_1_306' title='bbox 1449 3383 1546 3447; x_wconf 76' lang='lat' dir='ltr'><em>locus</em></span> <span class='ocrx_word' id='word_1_307' title='bbox 1578 3402 1650 3451; x_wconf 87' lang='lat' dir='ltr'><em>me·</em></span> 
     </span>
     <span class='ocr_line' id='line_1_30' title="bbox 235 3485 1649 3575; baseline -0.001 -18"><span class='ocrx_word' id='word_1_308' title='bbox 235 3499 374 3557; x_wconf 87' lang='lat' dir='ltr'><em>moratu</em></span> <span class='ocrx_word' id='word_1_309' title='bbox 400 3489 542 3572; x_wconf 64' lang='lat' dir='ltr'><em>dignum</em></span> <span class='ocrx_word' id='word_1_310' title='bbox 564 3494 615 3551; x_wconf 76' lang='lat' dir='ltr'><em>est</em></span> <span class='ocrx_word' id='word_1_311' title='bbox 648 3486 741 3551; x_wconf 86' lang='lat' dir='ltr'><em>enim</em></span> <span class='ocrx_word' id='word_1_312' title='bbox 774 3485 986 3571; x_wconf 81' lang='lat' dir='ltr'><em>testimonio,</em></span> <span class='ocrx_word' id='word_1_313' title='bbox 1004 3486 1173 3570; x_wconf 88' lang='lat' dir='ltr'><em>Lepidum</em></span> <span class='ocrx_word' id='word_1_314' title='bbox 1196 3490 1252 3552; x_wconf 73' lang='lat' dir='ltr'><em>vel</em></span> <span class='ocrx_word' id='word_1_315' title='bbox 1275 3492 1343 3553; x_wconf 91' lang='lat' dir='ltr'><em>boc</em></span> <span class='ocrx_word' id='word_1_316' title='bbox 1362 3510 1455 3553; x_wconf 86' lang='lat' dir='ltr'><em>anno</em></span> <span class='ocrx_word' id='word_1_317' title='bbox 1481 3491 1649 3575; x_wconf 86' lang='lat' dir='ltr'><em>impetum</em></span> 
     </span>
     <span class='ocr_line' id='line_1_31' title="bbox 236 3576 1699 3679; baseline 0.001 -17"><span class='ocrx_word' id='word_1_318' title='bbox 236 3604 359 3661; x_wconf 85' lang='lat' dir='ltr'><em>contra</em></span> <span class='ocrx_word' id='word_1_319' title='bbox 382 3594 501 3656; x_wconf 88' lang='lat' dir='ltr'><em>urbem</em></span> <span class='ocrx_word' id='word_1_320' title='bbox 524 3612 673 3678; x_wconf 77' lang='lat' dir='ltr'><em>parasse3</em></span> <span class='ocrx_word' id='word_1_321' title='bbox 703 3594 764 3655; x_wconf 81' lang='lat' dir='ltr'><em>aed</em></span> <span class='ocrx_word' id='word_1_322' title='bbox 788 3612 868 3655; x_wconf 89' lang='lat' dir='ltr'><em>cum</em></span> <span class='ocrx_word' id='word_1_323' title='bbox 896 3593 990 3655; x_wconf 82' lang='lat' dir='ltr'><em>haud</em></span> <span class='ocrx_word' id='word_1_324' title='bbox 1017 3593 1123 3657; x_wconf 88' lang='lat' dir='ltr'><em>dubie</em></span> <span class='ocrx_word' id='word_1_325' title='bbox 1148 3593 1186 3655; x_wconf 87' lang='lat' dir='ltr'><em>ln</em></span> <span class='ocrx_word' id='word_1_326' title='bbox 1216 3594 1292 3677; x_wconf 84' lang='lat' dir='ltr'><em>ipso</em></span> <span class='ocrx_word' id='word_1_327' title='bbox 1320 3595 1446 3659; x_wconf 86' lang='lat' dir='ltr'><em>itinere</em></span> <span class='ocrx_word' id='word_1_328' title='bbox 1475 3576 1699 3679; x_wconf 50' lang='lat' dir='ltr'><em>revocastis</em></span> 
     </span>
     <span class='ocr_line' id='line_1_32' title="bbox 235 3698 1647 3785; baseline -0.001 -19"><span class='ocrx_word' id='word_1_329' title='bbox 235 3698 397 3781; x_wconf 73' lang='lat' dir='ltr'><em>nuntius,</em></span> <span class='ocrx_word' id='word_1_330' title='bbox 419 3700 619 3783; x_wconf 71' lang='lat' dir='ltr'><em>Pompeium</em></span> <span class='ocrx_word' id='word_1_331' title='bbox 646 3722 688 3765; x_wconf 84' lang='lat' dir='ltr'><em>ex</em></span> <span class='ocrx_word' id='word_1_332' title='bbox 708 3700 822 3763; x_wconf 75' lang='lat' dir='ltr'><em>Gallia</em></span> <span class='ocrx_word' id='word_1_333' title='bbox 842 3698 880 3762; x_wconf 91' lang='lat' dir='ltr'><em>in</em></span> <span class='ocrx_word' id='word_1_334' title='bbox 899 3698 1073 3761; x_wconf 85' lang='lat' dir='ltr'><em>Etruriam</em></span> <span class='ocrx_word' id='word_1_335' title='bbox 1089 3718 1272 3762; x_wconf 77' lang='lat' dir='ltr'><em>reversum.</em></span> <span class='ocrx_word' id='word_1_336' title='bbox 1297 3698 1357 3763; x_wconf 82' lang='lat' dir='ltr'><em>uti</em></span> <span class='ocrx_word' id='word_1_337' title='bbox 1372 3702 1515 3785; x_wconf 77' lang='lat' dir='ltr'><em>Appius</em></span> <span class='ocrx_word' id='word_1_338' title='bbox 1533 3703 1647 3770; x_wconf 82' lang='lat' dir='ltr'><em>Clau·</em></span> 
     </span>
     <span class='ocr_line' id='line_1_33' title="bbox 237 3780 1647 3890; baseline 0.002 -20"><span class='ocrx_word' id='word_1_339' title='bbox 237 3802 320 3871; x_wconf 81' lang='lat' dir='ltr'><em>diue</em></span> <span class='ocrx_word' id='word_1_340' title='bbox 334 3800 500 3868; x_wconf 71' lang='lat' dir='ltr'><em>interrex</em></span> <span class='ocrx_word' id='word_1_341' title='bbox 520 3838 561 3852; x_wconf 89' lang='lat'><em>-·</em></span> <span class='ocrx_word' id='word_1_342' title='bbox 580 3808 637 3871; x_wconf 86' lang='lat' dir='ltr'><em>uti</em></span> <span class='ocrx_word' id='word_1_343' title='bbox 653 3810 729 3871; x_wconf 85' lang='lat' dir='ltr'><em>Vat.</em></span> <span class='ocrx_word' id='word_1_344' title='bbox 745 3828 772 3869; x_wconf 85' lang='lat'><em>1.</em></span> <span class='ocrx_word' id='word_1_345' title='bbox 789 3823 836 3869; x_wconf 62' lang='lat' dir='ltr'><em>an</em></span> <span class='ocrx_word' id='word_1_346' title='bbox 857 3808 901 3868; x_wconf 89' lang='lat' dir='ltr'><em>de</em></span> <span class='ocrx_word' id='word_1_347' title='bbox 922 3780 1094 3890; x_wconf 70' lang='lat' dir='ltr'><em>interrege</em></span> <span class='ocrx_word' id='word_1_348' title='bbox 1113 3804 1367 3889; x_wconf 85' lang='lat' dir='ltr'><em>clr.Liv.1.17.</em></span> <span class='ocrx_word' id='word_1_349' title='bbox 1388 3818 1545 3875; x_wconf 80' lang='lat' dir='ltr'><em>oaeterum</em></span> <span class='ocrx_word' id='word_1_350' title='bbox 1561 3830 1647 3874; x_wconf 89' lang='lat' dir='ltr'><em>num</em></span> 
     </span>
     <span class='ocr_line' id='line_1_34' title="bbox 236 3908 1648 3996; baseline 0 -19"><span class='ocrx_word' id='word_1_351' title='bbox 236 3912 325 3995; x_wconf 77' lang='lat' dir='ltr'><em>App.</em></span> <span class='ocrx_word' id='word_1_352' title='bbox 345 3908 510 3973; x_wconf 80' lang='lat' dir='ltr'><em>Claudius</em></span> <span class='ocrx_word' id='word_1_353' title='bbox 524 3908 617 3972; x_wconf 86' lang='lat' dir='ltr'><em>idem</em></span> <span class='ocrx_word' id='word_1_354' title='bbox 635 3911 699 3996; x_wconf 81' lang='lat' dir='ltr'><em>ait,</em></span> <span class='ocrx_word' id='word_1_355' title='bbox 719 3912 781 3994; x_wconf 91' lang='lat' dir='ltr'><em>qui</em></span> <span class='ocrx_word' id='word_1_356' title='bbox 797 3912 933 3975; x_wconf 80' lang='lat' dir='ltr'><em>duobus</em></span> <span class='ocrx_word' id='word_1_357' title='bbox 953 3910 1053 3974; x_wconf 84' lang='lat' dir='ltr'><em>annis</em></span> <span class='ocrx_word' id='word_1_358' title='bbox 1071 3920 1150 3975; x_wconf 83' lang='lat' dir='ltr'><em>ente</em></span> <span class='ocrx_word' id='word_1_359' title='bbox 1172 3932 1249 3975; x_wconf 89' lang='lat' dir='ltr'><em>eum</em></span> <span class='ocrx_word' id='word_1_360' title='bbox 1268 3912 1415 3977; x_wconf 78' lang='lat' dir='ltr'><em>Servilio</em></span> <span class='ocrx_word' id='word_1_361' title='bbox 1435 3918 1555 3981; x_wconf 82' lang='lat' dir='ltr'><em>consul</em></span> <span class='ocrx_word' id='word_1_362' title='bbox 1571 3914 1648 3977; x_wconf 82' lang='lat' dir='ltr'><em>sue·</em></span> 
     </span>
     <span class='ocr_line' id='line_1_35' title="bbox 239 4006 1649 4105; baseline 0 -26"><span class='ocrx_word' id='word_1_363' title='bbox 239 4024 313 4098; x_wconf 86' lang='lat' dir='ltr'><em>rat,</em></span> <span class='ocrx_word' id='word_1_364' title='bbox 333 4018 519 4097; x_wconf 78' lang='lat' dir='ltr'><em>admodum</em></span> <span class='ocrx_word' id='word_1_365' title='bbox 548 4006 693 4077; x_wconf 76' lang='lat' dir='ltr'><em>dubium</em></span> <span class='ocrx_word' id='word_1_366' title='bbox 725 4028 795 4097; x_wconf 83' lang='lat' dir='ltr'><em>est‚·</em></span> <span class='ocrx_word' id='word_1_367' title='bbox 817 4040 879 4102; x_wconf 87' lang='lat' dir='ltr'><em>per</em></span> <span class='ocrx_word' id='word_1_368' title='bbox 907 4018 1000 4103; x_wconf 75' lang='lat' dir='ltr'><em>leges</em></span> <span class='ocrx_word' id='word_1_369' title='bbox 1032 4016 1125 4081; x_wconf 85' lang='lat' dir='ltr'><em>enim</em></span> <span class='ocrx_word' id='word_1_370' title='bbox 1165 4012 1223 4082; x_wconf 83' lang='lat' dir='ltr'><em>vix</em></span> <span class='ocrx_word' id='word_1_371' title='bbox 1247 4018 1367 4105; x_wconf 86' lang='lat' dir='ltr'><em>licuit,</em></span> <span class='ocrx_word' id='word_1_372' title='bbox 1397 4031 1435 4083; x_wconf 85' lang='lat' dir='ltr'><em>ut</em></span> <span class='ocrx_word' id='word_1_373' title='bbox 1462 4014 1649 4105; x_wconf 77' lang='lat' dir='ltr'><em>proconsul</em></span> 
     </span>
     <span class='ocr_line' id='line_1_36' title="bbox 241 4118 1649 4208; baseline 0 -21"><span class='ocrx_word' id='word_1_374' title='bbox 241 4140 319 4187; x_wconf 82' lang='lat' dir='ltr'><em>oum</em></span> <span class='ocrx_word' id='word_1_375' title='bbox 335 4120 481 4203; x_wconf 85' lang='lat' dir='ltr'><em>irnperio</em></span> <span class='ocrx_word' id='word_1_376' title='bbox 503 4121 750 4205; x_wconf 87' lang='lat' dir='ltr'><em>rempublicam</em></span> <span class='ocrx_word' id='word_1_377' title='bbox 771 4124 867 4187; x_wconf 87' lang='lat' dir='ltr'><em>dorni</em></span> <span class='ocrx_word' id='word_1_378' title='bbox 884 4122 1146 4189; x_wconf 81' lang='lat' dir='ltr'><em>administraret.</em></span> <span class='ocrx_word' id='word_1_379' title='bbox 1165 4126 1281 4207; x_wconf 90' lang='lat' dir='ltr'><em>ltaque</em></span> <span class='ocrx_word' id='word_1_380' title='bbox 1301 4129 1373 4208; x_wconf 83' lang='lat' dir='ltr'><em>ejus</em></span> <span class='ocrx_word' id='word_1_381' title='bbox 1391 4126 1524 4189; x_wconf 79' lang='lat' dir='ltr'><em>fratrem</em></span> <span class='ocrx_word' id='word_1_382' title='bbox 1544 4118 1649 4187; x_wconf 76' lang='lat' dir='ltr'><em>fuisse</em></span> 
     </span>
    </p>
   </div>
   <div class='ocr_carea' id='block_1_2' title="bbox 241 4224 1651 4345">
    <p class='ocr_par' dir='ltr' id='par_1_4' title="bbox 241 4224 1651 4345">
     <span class='ocr_line' id='line_1_37' title="bbox 241 4224 1651 4345; baseline 0.004 -53"><span class='ocrx_word' id='word_1_383' title='bbox 241 4227 452 4345; x_wconf 72' lang='lat' dir='ltr'><em>putaverim,</em></span> <span class='ocrx_word' id='word_1_384' title='bbox 472 4229 534 4311; x_wconf 84' lang='lat' dir='ltr'><em>qui</em></span> <span class='ocrx_word' id='word_1_385' title='bbox 550 4228 683 4317; x_wconf 70' lang='lat' dir='ltr'><em>Appius</em></span> <span class='ocrx_word' id='word_1_386' title='bbox 697 4230 864 4297; x_wconf 79' lang='lat' dir='ltr'><em>Claudius</em></span> <span class='ocrx_word' id='word_1_387' title='bbox 883 4230 997 4313; x_wconf 87' lang='lat' dir='ltr'><em>Major</em></span> <span class='ocrx_word' id='word_1_388' title='bbox 1016 4232 1269 4319; x_wconf 75' lang='lat' dir='ltr'><em>appellabatur,</em></span> <span class='ocrx_word' id='word_1_389' title='bbox 1282 4236 1325 4298; x_wconf 89' lang='lat' dir='ltr'><em>de</em></span> <span class='ocrx_word' id='word_1_390' title='bbox 1344 4252 1415 4316; x_wconf 89' lang='lat' dir='ltr'><em>quo</em></span> <span class='ocrx_word' id='word_1_391' title='bbox 1434 4230 1494 4293; x_wconf 86' lang='lat' dir='ltr'><em>clr.</em></span> <span class='ocrx_word' id='word_1_392' title='bbox 1513 4224 1583 4292; x_wconf 82' lang='lat' dir='ltr'><em>cic.</em></span> <span class='ocrx_word' id='word_1_393' title='bbox 1606 4228 1651 4297; x_wconf 75' lang='lat' dir='ltr'><em>de</em></span> 
     </span>
    </p>
   </div>
   <div class='ocr_carea' id='block_1_3' title="bbox 0 0 2040 5009">
    <p class='ocr_par' dir='ltr' id='par_1_5' title="bbox 0 0 2040 5009">
     <span class='ocr_line' id='line_1_38' title="bbox 0 0 2040 5009; baseline 0 0"><span class='ocrx_word' id='word_1_394' title='bbox 0 0 2040 5009; x_wconf 95' lang='lat' dir='ltr'><em> </em></span> 
     </span>
    </p>
   </div>
  </div>
 </body>
</html>
