4050 5009
1608 318 1659 393 99

255 494 425 573 mentum,
446 489 541 569 quod
559 484 772 573 largiuntur,
792 489 942 553 reatuum
957 482 1012 549 sit.
1034 486 1111 568 apte
1131 482 1279 547 Wassius
1299 485 1403 549 rerba
1416 486 1657 558 Demosthenis

253 595 370 659 laudat
389 593 524 679 Olynth
541 598 572 659 3.
589 616 624 679 p.
641 598 693 677 ³7.
707 600 736 659 3.
755 594 817 657 Ed.
836 590 969 658 Reisk:
994 574 1096 687 Κύριοι
1114 574 1177 691 μὲν
1204 586 1265 663 niv
1282 582 1436 683 ἀγαθῶν
1463 594 1491 666 οἱ
1508 606 1659 671 πολιτην

252 683 378 799 iperet,
405 696 466 771 eol
494 689 551 771 dd
577 684 695 773 τοτ’των
721 682 865 773 lxma
889 681 1063 795 πρᾶιτιτι·
1083 691 1174 797 ὑμᾶς
1192 684 1226 769 di
1246 690 1262 767 ὅ
1282 688 1381 795 ditur
1398 688 1657 803 invenupsrpa'm

248 820 311 895 ml
327 803 523 922 mptpppes'sos
539 814 716 922 χρήματα,
735 805 936 921 coppim
952 817 985 893 ἰν
1003 804 1159 915 ὑπηρέτου
1175 814 1236 890 eoi
1254 806 1537 923 npoedn'enepr‘pu
1555 810 1658 919 ml·

139 937 145 948 ’
249 934 352 1016 sends
367 943 428 1017 eal
446 938 485 1017 τδ
501 930 635 1017 πάντων
647 926 900 1037 ἀνανδρότατον,
918 936 980 1011 τᾶν
997 924 1155 1039 ὁρατίρων
1173 934 1279 1013 dordr
1296 926 1394 1037 χᾶριν
1412 946 1652 1043 τροτοφιίλπι

246 1064 316 1132 Sed
330 1065 425 1130 idem
449 1064 705 1131 absurdissimis
719 1060 921 1142 conjecturis
933 1060 1075 1127 Salustii
1093 1058 1198 1127 verba
1216 1062 1369 1127 tentarit.
1389 1064 1526 1153 longius
1548 1068 1653 1133 etiam

247 1189 271 1231 a
291 1190 375 1233 vero
399 1169 596 1235 Gronovius
613 1167 783 1233 aberravit
803 1168 941 1233 Obserr.
958 1169 1020 1230 111.
1041 1186 1072 1231 a.
1099 1188 1216 1250 neque
1242 1168 1477 1235 conabuntur
1502 1194 1543 1237 ex
1557 1184 1653 1241 ante·

245 1274 388 1355 cedenti
414 1276 520 1338 verbo
540 1274 654 1339 simile
674 1275 848 1355 quoddam
869 1272 1157 1341 substituendum.
1172 1294 1204 1337 v.
1228 1294 1257 1338 c.
1270 1274 1544 1342 dominationem
1560 1300 1655 1345 eser.

244 1394 336 1443 cere.
367 1378 557 1445 Gerendus
585 1386 708 1444 tamen
730 1379 836 1446 dolus
862 1387 926 1444 est.
955 1400 1035 1444 oum
1059 1378 1169 1445 Vatic.
1197 1402 1224 1443 r.
1255 1388 1289 1445 et
1310 1380 1399 1445 Edit.
1431 1382 1593 1469 Princeps
1622 1394 1656 1451 ct

245 1484 330 1548 God.
348 1480 553 1549 Baliolensis
572 1484 698 1549 Wassii
720 1493 842 1550 tamen
858 1486 1042 1573 ignorent,
1061 1484 1266 1573 particulam
1286 1485 1492 1565 ejiciendam
1518 1508 1655 1573 censeo,

245 1588 313 1654 etsi
337 1588 448 1654 oratio
466 1590 505 1653 fit
523 1590 714 1676 abruptior.
750 1594 795 1655 ad
815 1591 886 1655 alia
904 1590 1027 1656 transit
1050 1596 1182 1669 oraton
1210 1594 1270 1657 sed
1287 1612 1356 1676 quo
1383 1595 1492 1681 magis
1513 1594 1656 1659 andien-

243 1694 338 1760 tium
365 1696 499 1762 animos
526 1701 737 1784 adverteret,
771 1700 869 1765 nulla
887 1699 1059 1785 particula
1082 1698 1304 1785 interposita,
1335 1719 1444 1765 sermo
1467 1700 1655 1764 inducitur.

248 1800 389 1871 Tamen
411 1801 441 1867 si
460 1802 635 1886 adjectum,
651 1812 754 1883 esset,
773 1805 927 1892 proxime
943 1805 1161 1871 antecedenti
1187 1806 1294 1869 verbo
1317 1804 1553 1872 conabuntur
1581 1807 1655 1871 beo

241 1909 469 1993 opposuisset.
500 1895 646 1994 Itaque.
678 1913 761 1979 Hac
798 1913 967 1997 particula
997 1910 1121 1997 saepius
1161 1914 1210 1976 ita
1245 1922 1452 1996 usurpatur,
1492 1922 1531 1976 ut
1563 1931 1654 1995 non,

241 2032 324 2094 quae
355 2034 398 2077 ex
426 2018 708 2081 antecedentibus
741 2026 945 2103 sequuntur,
978 2028 1132 2101 enarret,
1158 2020 1218 2081 sed
1246 2026 1285 2079 ut
1309 2016 1382 2079 vim
1415 2015 1654 2101 explicatiram

239 2116 394 2193 habeat3
423 2116 602 2199 particulae
634 2114 752 2204 igitur
787 2124 932 2181 eandem
963 2121 1038 2182 rIm
1077 2140 1149 2183 esse
1182 2118 1306 2199 saepius
1339 2117 1654 2179 animadvertimus.

240 2219 307 2285 cfr.
329 2219 398 2283 Cic.
416 2220 537 2284 Partit.
556 2242 584 2286 c.
604 2242 642 2303 7:
668 2229 741 2296 ..est
764 2216 890 2302 itaque
912 2220 951 2284 id
971 2238 1079 2307 genus
1100 2224 1211 2283 totum
1233 2216 1385 2301 positum
1404 2218 1442 2281 in
1466 2226 1655 2283 commuta·

239 2324 341 2392 tione
362 2324 548 2392 verborum
555 2335 589 2403 ς»
608 2324 671 2389 ubi
684 2346 810 2409 nempe
827 2326 884 2416 rel
905 2321 1080 2389 nimirum
1101 2332 1174 2389 erat
1190 2320 1358 2388 usitatius.
1381 2318 1667 2388 delenimentum,

240 2432 352 2509 Vatic.
376 2455 405 2495 a.
430 2439 465 2498 et
482 2432 571 2497 Edit.
595 2432 708 2497 Princ.
726 2430 832 2495 fusus
851 2439 901 2497 est
925 2429 1184 2497 Drakenborch.
1206 2429 1268 2513 qui
1286 2432 1330 2493 ad
1350 2429 1424 2493 Liv.
1446 2452 1476 2511 7.
1500 2430 1551 2493 38.
1571 2438 1605 2495 ct
1623 2432 1652 2495 5.

241 2541 299 2619 ³²3
320 2542 371 2620 39.
401 2560 452 2604 ιι.
489 2539 677 2605 discrimen
700 2538 794 2603 inter
815 2537 927 2603 delen.
950 2546 986 2603 et
1004 2532 1112 2601 delin.
1138 2557 1210 2603 esse
1234 2536 1361 2601 statuit.
1383 2536 1445 2602 cfr.
1461 2536 1590 2601 Duker.
1609 2538 1651 2599 ad
1675 2600 1678 2609 ,

240 2644 316 2708 Lir.
335 2650 386 2726 39.
407 2667 464 2725 113
483 2654 518 2710 et
533 2650 684 2732 luterpp.
700 2647 745 2709 ad
764 2646 843 2708 Tac.
858 2644 970 2731 Agric.
986 2662 1036 2707 ar.
1065 2646 1108 2709 de
1128 2642 1372 2708 terminatione
1389 2644 1516 2708 horum
1535 2638 1651 2707 nomi-

240 2769 330 2812 num
356 2765 458 2832 supra
485 2750 744 2834 disputavimus.
773 2748 833 2811 cfr.
863 2749 1066 2813 Reinesium
1094 2756 1129 2811 et
1153 2750 1341 2819 Daumium
1377 2752 1420 2809 de
1450 2748 1650 2824 hujusmodi

243 2852 449 2915 nominibus
480 2853 694 2940 disputantes
723 2856 809 2932 Epp.
845 2854 934 2913 llIIl.
967 2852 1056 2912 xlv.
1085 2846 1271 2909 sublatum
1303 2844 1343 2909 in
1374 2844 1525 2909 cervices
1554 2868 1652 2911 auus.

210 2936 222 2941 ’
242 2956 417 3041 ⁸Quando
427 2972 575 3038 praesens
596 2961 736 3017 estcum
748 2949 897 3033 imperio
913 2958 947 3013 et
961 2948 1132 3025 exercitu,
1146 2957 1230 3013 tuno
1243 2946 1398 3015 timent.»
1418 2953 1570 3033 Curtius3
1592 2974 1653 3017 cu-

169 3061 173 3069 ’
236 3060 298 3142 jus
317 3059 358 3123 in
376 3056 673 3142 interpretationis
691 3052 928 3122 testimonium
948 3055 1041 3139 Curt.
1060 3052 1134 3121 VII.
1154 3076 1183 3136 7.
1202 3056 1310 3139 princ.
1324 3057 1457 3121 laudat:
1480 3068 1571 3124 ratus
1591 3080 1651 3123 ur-

240 3168 324 3232 bem
350 3202 392 3218 -
421 3163 493 3227 suis
516 3160 714 3248 impositam
745 3178 818 3224 esse
848 3157 1039 3223 cervicibus
1046 3184 1056 3235 3
1089 3162 1150 3223 sed
1180 3160 1297 3245 potius
1325 3160 1552 3229 conferendus
1580 3175 1652 3231 erat
1718 3168 1723 3177 “

181 3275 187 3285 “
248 3272 325 3336 Lir.
351 3286 400 3334 22.
415 3273 474 3334 33:
507 3268 640 3332 bellum
660 3265 787 3356 ingens
809 3262 848 3330 e‘n
868 3259 1064 3329 cervicibus
1085 3273 1167 3330 erat
1196 3275 1230 3330 ct
1250 3266 1318 3329 Cic.
1337 3268 1422 3351 Epp.
1441 3269 1485 3329 ad
1505 3269 1584 3336 Div.
1602 3287 1650 3333 ra.

244 3382 303 3442 232
323 3372 502 3465 legionem
522 3370 561 3439 in
580 3368 776 3439 cervicibus
794 3372 989 3436 collocare.
1016 3392 1096 3435 nam
1118 3392 1189 3436 non
1207 3372 1322 3437 solum
1343 3373 1394 3439 rei
1412 3374 1557 3454 alicujus
1570 3396 1651 3460 pro·

239 3482 438 3571 pinquitas,
458 3482 518 3545 sed
538 3480 643 3545 ctiam
660 3478 734 3558 ejus
754 3475 911 3542 molestia
931 3486 966 3541 et
984 3477 1242 3567 incommodum
1262 3499 1304 3543 eo
1324 3479 1547 3567 significatur.
1575 3492 1648 3546 tum
1726 3480 1729 3491 ‘

240 3590 315 3655 rim
336 3585 483 3672 perfecti
504 3584 670 3671 neglexit3
691 3582 873 3649 nonenim
892 3583 931 3647 in
946 3582 1147 3647 unire'rsum
1167 3586 1235 3646 hoc
1258 3583 1405 3671 dictum,
1425 3588 1484 3651 sed
1506 3588 1647 3653 initium

241 3694 331 3761 belli
344 3689 527 3777 Hispanici
540 3691 653 3754 innuit
661 3734 675 3788 ,Ι
692 3690 756 3755 ubi
768 3689 950 3775 Pompejus
963 3692 1008 3751 ad
1021 3706 1171 3751 summos
1184 3689 1335 3753 honores
1354 3700 1487 3757 evectus
1499 3704 1559 3781 cst,
1575 3716 1645 3782 quo

244 3810 399 3885 tempore
411 3805 483 3863 tota
494 3795 613 3859 civitas
629 3796 668 3859 in
679 3816 812 3860 summo
828 3796 952 3861 timore
966 3801 1047 3858 erat.
1065 3815 1151 3875 mco:
1165 3803 1279 3860 autem
1291 3798 1336 3860 ad
1352 3805 1484 3885 tempus
1497 3787 1646 3887 praesens

242 3905 404 3991 pertinet.
431 3905 550 3967 demto
582 3909 679 3965 metu
703 3890 871 3968 lacerdnt
898 3902 921 3965 i.
942 3920 971 3965 e.
1000 3900 1165 3965 conviciis
1192 3910 1226 3965 et
1249 3905 1468 3979 contumeliis
1500 3923 1644 3969 onerare

244 4008 417 4091 aliquem3
437 4010 504 4073 hoc
522 4006 660 4073 addidit
678 4018 717 4071 ut
733 4014 887 4093 doceret,
900 4006 955 4071 vel
977 4008 1050 4073 baec
1063 4006 1229 4093 promissa
1246 4009 1345 4073 irrita
1362 4009 1453 4093 fore,
1478 4031 1555 4071 cum
1570 4008 1643 4085 jam

245 4115 366 4178 nullus
387 4115 543 4199 Pompeji
563 4121 675 4180 metus
691 4114 745 4182 sit.
767 4116 952 4179 remittere
969 4109 1147 4205 injuriam
1167 4115 1191 4178 i.
1215 4134 1245 4179 e.
1269 4114 1300 4178 si
1321 4116 1462 4199 quidem
1476 4112 1642 4174 sublatam

244 4218 468 4286 tribuniciam
492 4228 695 4307 potestatem
723 4219 885 4301 injuriam
902 4220 1057 4337 'habent3
1077 4216 1145 4313 jus
1166 4256 1208 4271 -
1229 4220 1260 4285 si
1287 4219 1419 4353 juptum
1442 4224 1507 4296 est3
1527 4224 1644 4285 tnntoe
