4050 5009
332 372 389 489 ⁶,ss

339 568 453 632 Domo
480 568 538 638 ³13
558 579 623 647 pro
643 558 763 625 Rabir.
782 560 873 623 Post.
890 563 920 625 3.
938 561 968 623 6.
987 580 1037 622 ιι.
1058 566 1094 625 et
1121 565 1194 627 tota
1225 561 1348 627 oratio.
1375 558 1666 647 Damasippique
1687 562 1751 633 cir.

340 675 386 739 ad
408 668 506 733 Catil.
527 670 576 732 ⁵1.
597 666 684 731 locis
701 665 753 729 ibi
773 665 921 729 laudatis
938 667 1028 731 adde
1047 666 1146 731 Oros'.
1167 668 1197 731 5.
1214 685 1273 749 293
1295 666 1364 732 Cic.
1381 670 1466 755 Epp.
1486 672 1531 733 ad
1549 670 1627 752 Div.
1642 691 1672 751 9.
1690 693 1749 751 ²¹3

340 762 444 863 quem
467 794 488 839 a
509 772 613 837 Marii
634 771 790 857 partibus
810 772 941 837 stetisse
963 778 997 837 et
1012 771 1086 851 ejus
1099 771 1197 851 jussu
1215 773 1309 838 'viros
1326 776 1575 861 amplissimos,
1595 775 1750 843 Mucium

341 882 549 965 Scaevolam,
574 877 774 965 pontificem
791 878 1004 973 maximum,
1023 879 1235 964 Domitium,
1253 881 1290 945 C.
1310 882 1519 968 Carbonem,
1537 882 1748 967 praetorium,

236 984 243 991 ’
342 988 494 1056 consulis
519 986 659 1051 fratrem
692 992 725 1049 et
750 985 938 1049 Antistium
966 984 1156 1051 aedilicium
1185 986 1378 1058 trucidasse·
1391 990 1473 1054 satis
1494 996 1635 1053 constat.
1659 992 1747 1054 Nam

342 1098 438 1181 quod
462 1093 639 1179 Appi'anus
662 1094 698 1155 B.
726 1089 797 1156 Giv.
823 1092 850 1156 1.
872 1112 927 1173 9²3
951 1090 1054 1171 hujus
1084 1092 1250 1161 facinoris
1278 1104 1451 1162 auctorem
1473 1099 1617 1161 Brutum
1648 1096 1750 1175 dicit,

341 1204 410 1267 hoc
433 1199 669 1267 testimonium
691 1197 731 1261 in
753 1217 921 1262 consensu
938 1208 1129 1263 ceterorum
1156 1202 1364 1286 scriptorum
1382 1225 1506 1289 parum
1538 1201 1752 1268 auctoritatis

340 1308 455 1373 habet.
483 1326 606 1371 omnes
620 1299 801 1387 reliquiae
818 1300 905 1367 belli
917 1305 1096 1369 Samnium
1111 1313 1145 1371 et
1161 1308 1312 1371 Galliam
1329 1308 1539 1391 Cisalpinam
1552 1310 1751 1395 intelligere

341 1414 494 1498 videtur,
516 1410 565 1475 ita
584 1409 678 1473 inira
703 1408 742 1471 in
772 1410 864 1473 Orat.
893 1410 1004 1475 Licin.
1025 1414 1112 1477 Mac.
1136 1412 1292 1495 reliquiae
1316 1414 1471 1478 exsulum
1492 1412 1752 1493 dicuntu13vel

345 1504 594 1599 conjurationis
611 1517 680 1580 Cic.
705 1518 826 1586 Parad.
853 1532 885 1594 4.
913 1536 950 1598 1;
978 1517 1130 1602 partium
1147 1520 1286 1585 Sueton.
1305 1521 1385 1585 Caes.
1404 1522 1461 1601 ³52·
1491 1526 1664 1603 arrectoe,
1690 1517 1752 1584 cfr.

343 1627 439 1713 Virg.
461 1627 544 1693 Aen.
566 1646 592 1691 r.
612 1626 692 1689 ⁵83:
711 1622 765 1687 his
784 1624 940 1689 animum
958 1626 1082 1691 arrecti
1096 1625 1207 1691 dictis.
1226 1626 1299 1693 Liv.
1315 1628 1344 1690 8.
1366 1631 1421 1707 373
1443 1622 1566 1701 arrecti
1584 1624 1693 1709 animi
1706 1626 1752 1689 ad

343 1733 552 1798 bellandum.
575 1726 614 1795 in
640 1732 757 1793 latere
776 1729 836 1801 cfr.
855 1733 933 1816 lug.
956 1748 1005 1810 14.
1029 1732 1144 1797 hostes
1158 1732 1201 1794 ah
1220 1733 1343 1816 latere,
1362 1732 1493 1797 similia
1505 1738 1599 1795 sunt:
1620 1731 1659 1793 in
1677 1729 1753 1793 iau·

347 1838 459 1916 cibus3
480 1833 719 1920 supra'caput3
741 1834 803 1905 cir.
818 1840 863 1899 ad
885 1837 984 1904 Catil.
1006 1839 1065 1913 52;
1087 1838 1140 1903 ad
1159 1835 1323 1927 integros
1345 1844 1523 1904 contactu
1543 1837 1752 1920 procedere.

347 1942 408 2009 cir.
424 1942 497 2006 Liv.
518 1960 568 2007 ar.
596 1943 654 2019 48:
682 1950 775 2005 ratus
801 1961 842 2006 eo
863 1942 990 2007 scelere
1018 1950 1192 2008 contactos
1215 1944 1309 2009 velut
1327 1943 1454 2022 injecta
1472 1941 1569 2005 rabie
1593 1943 1637 2003 ad
1656 1959 1754 2003 arma

347 2050 473 2125 ituros3
494 2049 542 2114 id.
560 2066 590 2127 4.
610 2052 669 2124 3⁰3
695 2049 773 2111 Tac.
790 2047 920 2111 Histor.
942 2062 972 2115 a.
989 2051 1047 2126 603
1079 2050 1181 2113 Catil.
1206 2070 1253 2114 ro.
1273 2045 1438 2114 exercitu
1454 2066 1585 2111 rursus
1600 2045 1753 2109 admoto

346 2154 420 2231 ‘uti
432 2169 556 2239 nempe
566 2154 696 2217 Marius
711 2153 868 2218 admovit
886 2154 967 2217 urbi
981 2163 1014 2220 et
1031 2156 1289 2221 nobilissimum
1303 2172 1474 2237 quemque
1488 2150 1580 2214 ierro
1599 2154 1658 2213 a’ut
1671 2147 1754 2235 iuga

263 2298 267 2304 ·
347 2261 539 2328 exstinxit.»
571 2262 664 2323 Cort.
682 2256 912 2325 confidentius
937 2259 1043 2325 etiam
1067 2262 1205 2325 Douaaz-
1219 2262 1321 2337 «Hoc
1341 2270 1459 2323 contra
1477 2254 1632 2320 historia
1648 2254 1767 2318 iidem'

347 2388 436 2453 esse,
455 2365 573 2431 omnia
588 2374 742 2430 velerum
759 2378 984 2432 monumenta
1002 2369 1233 2431 consentiunt.
1253 2368 1373 2443 Neque
1394 2361 1488 2425 enirn
1503 2360 1654 2443 Lepidus
1673 2366 1753 2423 ante

346 2483 553 2561 postremam
583 2468 838 2554 expeditionem
863 2469 983 2553 illam,
1010 2475 1045 2531 et
1073 2486 1227 2553 pugnam
1261 2464 1476 2531 commissam
1508 2483 1587 2526 cum
1614 2464 1754 2547 Catulo,

347 2602 416 2663 qua
441 2581 551 2643 victus
576 2580 708 2641 deserta
730 2572 830 2635 Italia
850 2573 888 2634 in
910 2570 1106 2636 Sardiniam
1130 2570 1274 2657 refugit,
1300 2573 1345 2633 ad
1366 2572 1524 2633 Romana
1539 2568 1680 2632 moenia
1696 2590 1755 2635 er·

349 2687 493 2755 ercitum
506 2702 659 2767 unquam
680 2677 871 2744 admovisse
893 2678 1040 2765 legitur;
1060 2680 1189 2742 nedum
1202 2686 1241 2739 ut
1254 2676 1376 2741 urbem
1390 2674 1482 2741 ferro
1501 2684 1535 2741 et
1547 2669 1684 2736 flamma
1697 2673 1758 2735 in-

345 2792 503 2858 vaserit.»
521 2792 588 2856 Sed
604 2786 722 2853 omnia
738 2783 928 2851 manifesta.
946 2784 1117 2871 Lepidum
1130 2784 1204 2863 jam
1219 2782 1335 2869 priore
1352 2803 1443 2847 anno
1468 2780 1655 2847 exercitum
1671 2796 1757 2842 con·

347 2910 399 2967 tra
419 2902 540 2965 urbem
562 2898 713 2984 duxisse,
740 2916 843 2983 supra
875 2894 1066 2961 docuimus.
1103 2894 1205 2979 quod
1226 2893 1343 2957 multo
1366 2884 1522 2975 propius
1543 2893 1603 2975 est,
1622 2883 1667 2949 ab
1696 2903 1758 2969 eo,

348 3027 419 3093 quo
437 3003 577 3092 agitat,
597 3014 717 3089 statu,
737 3012 827 3089 recte
846 3004 999 3069 Curtius:
1020 3001 1179 3080 ..facilius
1195 3000 1306 3066 multo
1326 2998 1372 3062 ad
1393 2998 1461 3061 hoc
1480 2991 1666 3060 consilium
1681 2987 1756 3053 labi

347 3119 479 3199 potest,
499 3118 537 3171 ut
554 3109 675 3175 urbem
696 3113 855 3195 invadat,
887 3133 972 3176 cum.
988 3111 1156 3177 exercitus
1174 3106 1230 3167 illi
1251 3106 1295 3166 sit
1320 3104 1359 3163 in
1384 3122 1504 3177 manu,
1525 3116 1631 3174 quam
1653 3094 1757 3159 facile

348 3218 543 3297 videbatur,
565 3236 586 3283 a
608 3220 793 3287 concordia
821 3224 855 3279 et
879 3232 984 3291 pace,
1011 3210 1104 3282 (quae
1121 3208 1193 3262 erat
1211 3200 1249 3260 in
1274 3196 1470 3278 republica,
1490 3204 1671 3276 antequam
1691 3198 1758 3263 Le-

347 3326 451 3415 pidus
479 3346 574 3391 arma
600 3322 750 3405 caperet)
772 3318 816 3377 ad
843 3326 939 3368 arma
964 3302 1082 3363 civilia
1102 3299 1319 3363 desciscere.»
1338 3299 1467 3362 Omnes
1491 3298 1625 3385 priores
1647 3298 1757 3367 inter.

347 3433 680 3518 pretesscripturam
707 3414 907 3479 mendosam
930 3423 1001 3469 esse
1017 3403 1236 3487 judicarunt,
1255 3410 1405 3469 ceterum
1428 3400 1577 3469 invadat
1601 3426 1643 3470 ex
1659 3407 1756 3474 Vati·

350 3538 445 3603 canis
458 3536 558 3599 libris
570 3519 822 3592 emendandum
835 3519 894 3577 est.
904 3529 1059 3596 quorum
1073 3512 1226 3577 simalat
1243 3508 1384 3600 injuria
1404 3510 1537 3575 Lims.
1554 3516 1610 3575 32:
1630 3510 1755 3579 ibiCn.

349 3640 486 3725 Scipio,
508 3654 586 3699 cum
605 3626 731 3711 quibus
747 3630 826 3689 ante
844 3619 975 3685 dictum
994 3627 1060 3705 est,
1080 3620 1191 3707 copiis
1206 3618 1367 3686 substitit.
1385 3618 1506 3705 Dictys
1525 3620 1576 3704 11,
1598 3620 1656 3696 163
1687 3618 1756 3683 cir·

352 3750 567 3810 cumventos,
598 3733 762 3817 aquibus
790 3729 934 3795 minime
956 3730 1128 3793 decuerat.
1149 3726 1209 3792 cir.
1232 3731 1322 3792 Cort.
1342 3728 1387 3791 ad
1414 3726 1485 3789 Cic.
1503 3726 1589 3810 Epp.
1610 3725 1656 3787 ad
1675 3722 1754 3791 niv.

352 3850 432 3927 b.1,·
456 3844 549 3924 quod
560 3839 771 3904 attractionis
790 3856 913 3924 genus,
934 3835 1061 3900 Graecis
1074 3832 1257 3914 usitatum,
1277 3832 1380 3898 etiam
1396 3834 1489 3919 apud
1511 3831 1650 3895 Latinos
1666 3850 1755 3912 quo·

352 3970 420 4037 que
438 3946 620 4033 scriptores
632 3946 714 4011 satis
736 3946 897 4028 frequens
917 3950 976 4011 est.
997 3942 1058 4007 cfr.
1074 3941 1239 4007 Ruddim.
1258 3939 1405 4004 institut.
1424 3937 1643 4001 Grammatic.
1662 3939 1700 4001 L.
1717 3958 1751 4021 p.

354 4057 546 4127 26.·v01.11.
567 4057 685 4147 legum
697 4075 742 4118 ac
758 4047 940 4117 libertatis
953 4085 993 4099 -
1006 4051 1065 4115 hic
1075 4048 1221 4135 genitivi
1230 4067 1310 4112 usus
1322 4054 1513 4112 memoratu
1526 4041 1669 4128 dignus,
1691 4042 1750 4107 cir.

352 4186 472 4253 supra:
491 4184 591 4241 «cum
607 4162 739 4248 privata
754 4177 848 4223 arma
862 4156 1100 4243 opprimundae
1112 4155 1282 4221 libertatis
1292 4155 1465 4241 cepisset)
1477 4148 1641 4235 Quamvis
1657 4147 1751 4213 enim

352 4272 391 4338 in
409 4275 607 4341 universum
634 4272 755 4339 eadem
771 4268 875 4350 hujus
899 4266 1043 4355 genitivi
1062 4265 1107 4333 sit
1128 4263 1246 4349 notio,
1264 4283 1341 4348 quse
1354 4256 1576 4340 substantivi,
1597 4275 1676 4321 cum
1689 4254 1750 4317 ad·
