4050 5009
366 561 504 638 dicitur,
524 559 572 622 ita
592 561 709 644 etiam,
732 555 793 622 ubi
813 558 942 641 tropice
960 559 1099 642 dicitur,
1121 561 1313 626 orationem
1324 561 1458 625 variare
1480 561 1593 626 licuit.
1613 564 1679 627 Sed
1695 585 1771 630 non

365 675 415 730 est
429 666 532 728 idem.
553 664 718 748 recipitur
739 659 924 742 amicitia,
945 667 1008 748 qui
1028 644 1084 730 iel
1097 676 1213 752 postea
1225 667 1264 729 in
1286 686 1327 730 ea
1351 666 1435 746 iuit3
1456 663 1496 730 in
1513 666 1769 732 amicitiam-

366 772 429 835 ubi
443 771 533 835 illud
551 771 658 832 solum
674 777 807 852 tempus
830 766 1061 855 significetur,
1083 793 1153 852 quo
1176 792 1229 836 res
1246 781 1339 848 acta3
1359 775 1421 836 sed
1440 780 1541 838 antea
1564 774 1700 836 nullum
1723 773 1769 837 iis

367 877 549 940 aditumad
556 873 743 939 amicitiam
752 872 856 936 fuisse
864 874 993 938 dicitur
1001 876 1063 942 cfr.
1073 879 1105 938 1.
1114 899 1143 956 9.
1155 872 1194 940 in
1200 899 1353 965 regnum
1360 873 1527 960 occurere
1533 887 1568 942 et
1578 894 1625 955 14.
1638 874 1677 941 in
1684 898 1769 968 reg-

366 1003 454 1046 num
478 981 677 1063 adoptatus
697 1016 738 1031 -
759 974 797 1042 in
809 975 1038 1060 provinciam
1055 981 1199 1044 collocat
1219 982 1349 1044 dictum
1368 964 1407 1044 itt
1427 1003 1482 1067 ap.
1504 982 1641 1047 Livium
1665 985 1714 1045 23.
1736 984 1768 1044 6.

367 1083 406 1153 in
430 1083 572 1149 curiam
594 1087 741 1148 clausus
759 1093 791 1148 et
810 1087 858 1146 23.
881 1086 930 1148 38.
950 1081 988 1148 in
1006 1082 1155 1150 uincula
1176 1083 1288 1151 condi
1298 1085 1428 1177 jussus
1448 1089 1534 1150 eth.
1554 1089 1578 1149 L
1597 1089 1646 1149 31.
1667 1107 1768 1150 exer·-

240 1273 242 1278 .
275 1185 277 1189 ⁸
368 1189 481 1259 citum
501 1189 776 1279 Dyrrhachium
799 1190 948 1278 coe'gere
966 1227 1008 1241 -
1031 1190 1069 1252 in
1090 1190 1239 1254 diversas
1256 1191 1350 1255 enim
1363 1199 1475 1275 partes
1494 1190 1628 1255 dimisit
1653 1191 1769 1273 copias

292 1334 298 1340 -
369 1297 539 1360 Metellus.
580 1295 775 1361 Collocnre
799 1291 892 1358 enim
920 1293 1067 1377 aliquid
1093 1291 1131 1359 in
1153 1298 1252 1380 loco,
1272 1297 1412 1380 proprie
1435 1298 1674 1360 tantummodo
1696 1295 1770 1372 ejus

354 1385 436 1486 est,
457 1400 518 1482 qui
538 1400 611 1484 ipse
630 1422 671 1464 eo
698 1400 735 1462 in
757 1401 856 1486 loco,
880 1401 941 1462 uhi
955 1399 1093 1481 aliquid
1118 1401 1174 1484 fit,
1193 1420 1341 1484 presens
1354 1403 1464 1475 adest,
1486 1403 1581 1480 quod
1604 1401 1707 1464 aliter
1729 1419 1768 1462 se

370 1505 493 1568 habuit
515 1505 577 1568 cir'.
603 1507 762 1570 Oudend.
780 1509 824 1570 ad
842 1508 923 1572 Caes.
939 1507 973 1567 B.
1002 1506 1043 1568 G.
1061 1507 1153 1571 v111.
1179 1508 1231 1584 46.
1251 1507 1385 1568 Terent.
1408 1504 1512 1567 Andr.
1537 1527 1563 1566 1.
1587 1522 1707 1571 1.,1oa.
1732 1513 1767 1568 et

371 1610 511 1672 Ruhnk.
529 1615 573 1674 ad
595 1611 630 1676 h.'
649 1610 674 1672 1.
696 1612 734 1672 in
755 1607 921 1698 gratiam
936 1609 1070 1674 habere
1085 1618 1117 1678 J.
1139 1633 1190 1675 ιι.
1208 1609 1318 1674 simili
1337 1609 1521 1673 rationeut
1535 1610 1575 1674 in
1593 1606 1769 1698 adfinium

372 1716 494 1778 locum
516 1716 648 1779 ducere
668 1714 816 1796 dictum3
838 1724 871 1778 et
897 1715 1003 1799 paulo
1026 1715 1119 1780 infra
1143 1713 1183 1780 in
1216 1712 1475 1782 conscientiam
1497 1715 1650 1791 ducerc3
1671 1732 1769 1778 acce-

372 1821 459 1883 dunt
480 1820 610 1884 similes
630 1820 816 1887 dictiones:
837 1817 1003 1902 accepere
1023 1815 1169 1900 aliquid
1183 1815 1222 1883 in
1242 1819 1375 1883 bonam
1397 1827 1563 1904 partem,
1584 1816 1770 1884 meliorem

373 1921 413 1987 in
425 1933 573 2008 partem
598 1919 742 2006 aliquid
761 1923 1062 2006 interpretari-
1081 1921 1288 1988 trahercin
1312 1922 1497 1989 diversum.
1517 1929 1641 1991 Veram
1662 1924 1772 2010 igitur

363 2030 557 2114 ,enallagen
576 2029 649 2094 sola
667 2033 737 2093 duo
755 2031 911 2112 exempla
932 2027 1060 2092 dixeris
1077 2041 1112 2096 J.
1138 2049 1206 2092 ιη.
1228 2036 1262 2093 et
1279 2031 1315 2092 h.
1331 2033 1358 2092 1.
1378 2051 1407 2110 9.
1427 2028 1487 2093 cir.
1506 2041 1539 2096 J·
1563 2031 1610 2097 18.
1629 2029 1772 2111 (quibus

374 2135 465 2202 male
481 2138 613 2198 addunt
631 2137 667 2198 h.
685 2151 714 2196 α.
731 2137 781 2211 46.
804 2131 935 2199 incidit
956 2136 1258 2201 taruannense.
1280 2130 1490 2221 influmine
1504 2133 1672 2216 ruebant,
1689 2133 1770 2196 vide

376 2239 524 2324 comm.)
553 2261 629 2321 quae
654 2240 810 2321 reliquia
844 2259 916 2305 esse
947 2238 1109 2303 videntur
1132 2239 1338 2321 antiquioris
1365 2240 1553 2318 sermonis,
1574 2239 1636 2320 qui
1664 2240 1703 2302 in
1735 2239 1772 2302 vi
1862 2323 1864 2326 y

376 2365 513 2412 casuum
541 2354 696 2412 accurate
719 2345 962 2431 distinguenda
981 2343 1048 2410 fuit
1072 2345 1316 2431 negligentior.
1355 2349 1443 2408 Nam
1463 2344 1577 2407 aliena
1598 2355 1677 2407 sunt
1702 2346 1773 2407 inc.

377 2451 457 2513 aad(
472 2448 510 2512 in
535 2452 730 2515 mercedem
754 2458 951 2534 corruptum
966 2449 1069 2540 ,vide
1088 2470 1191 2534 supra
1216 2473 1250 2533 p.
1274 2451 1349 2533 146.
1366 2457 1400 2513 et
1422 2445 1582 2512 Etruria
1601 2455 1772 2531 suspecta

377 2555 416 2618 in
441 2559 637 2622 tumultum
663 2564 745 2621 erat
771 2559 840 2622 aad.
862 2559 980 2620 eadem
1003 2581 1039 2641 p.
1065 2555 1155 2619 illud
1181 2553 1276 2618 enim
1298 2552 1401 2617 finem
1419 2553 1472 2616 rei
1498 2551 1669 2636 exprimit.
1690 2552 1774 2616 vide
1858 2629 1864 2646 Ι

378 2663 553 2745 coment,
573 2662 646 2724 scil.
677 2661 843 2725 mercedis
869 2664 985 2743 causa,
1004 2662 1060 2721 vel
1083 2669 1121 2720 ut
1143 2661 1335 2722 mercedem
1359 2657 1429 2720 suis
1451 2656 1673 2740 persolveret,
1690 2676 1775 2741 par-

375 2765 464 2829 tium
489 2769 591 2830 decus
615 2767 768 2857 corrupit
776 2792 785 2843 3
815 2761 853 2828 in
880 2766 1079 2829 tumultum
1114 2762 1275 2847 exprimit
1305 2783 1395 2839 rem,
1421 2765 1465 2825 ad
1493 2781 1599 2842 quam
1621 2761 1772 2845 suspicio

375 2873 588 2958 pertinebat,
609 2876 757 2938 habebat
777 2860 913 2936 Etruria
936 2848 1166 2955 suspicionem
1187 2868 1353 2933 tumultus
1365 2894 1374 2944 3
1388 2867 1462 2946 jam
1482 2888 1561 2930 curn
1583 2875 1773 2950 suspectus

365 2973 506 3066 fovisse
514 2980 650 3044 Tacitus
658 2978 783 3041 dixerit
794 2981 837 3041 H.
846 2973 1198 3059 l.46.susp.innimis
1208 2977 1334 3040 durum
1344 2973 1603 3057 dicivixpotest.
1613 2975 1774 3038 Ceterum

375 3085 431 3146 vel
444 3085 518 3146 haec
532 3091 700 3146 structura
719 3103 759 3145 ex
774 3083 889 3147 studio
905 3082 1013 3146 multa
1028 3081 1148 3166 paucis
1165 3078 1417 3167 complectendi
1430 3088 1506 3143 orta
1522 3097 1593 3144 esse
1606 3078 1752 3143 videtur.

458 3188 568 3250 Multa
590 3189 675 3270 alia,
700 3209 775 3269 qum
798 3188 836 3250 iu
856 3188 1050 3250 Salustiana
1072 3187 1307 3251 elocutiones
1324 3184 1461 3269 vulgari
1481 3182 1623 3249 dicendi
1638 3184 1774 3248 ratione

376 3291 576 3368 abhorrent,
600 3301 659 3354 aut
679 3293 886 3357 avariandae
901 3289 1070 3353 orationis
1090 3289 1205 3352 studio
1226 3290 1411 3371 repetenda
1429 3307 1501 3352 esse
1519 3288 1691 3365 videntur,
1714 3296 1775 3351 aut

380 3399 549 3464 eGraecis
570 3397 724 3462 fontibus
745 3399 974 3459 deducuntur,
1011 3394 1079 3457 Sed
1105 3392 1218 3475 ipsum
1238 3385 1415 3455 varietatis
1433 3391 1585 3455 studium
1611 3412 1684 3456 non
1703 3413 1773 3456 ma·

379 3505 431 3589 gis
447 3507 490 3567 ad
509 3513 634 3568 certam
656 3503 826 3585 quandam
841 3496 1047 3583 elegantiam
1068 3505 1100 3562 et
1124 3495 1390 3561 concinnitatem
1412 3493 1652 3582 referendum,
1671 3519 1775 3581 quam

381 3613 475 3689 quod
500 3607 664 3672 Salustius
692 3617 724 3671 et
744 3607 784 3673 in
805 3605 888 3691 ipsis
910 3604 1025 3668 verbis
1047 3611 1080 3667 et
1101 3603 1141 3668 in
1161 3622 1281 3668 eorum
1301 3609 1470 3666 structura
1490 3602 1710 3688 proprietatis
1726 3611 1777 3669 cst

380 3715 669 3792 studiosissimus,
694 3719 728 3776 et
753 3722 820 3776 tam
839 3731 952 3796 presse
973 3719 1005 3774 et
1028 3710 1200 3773 subtiliter
1217 3708 1392 3791 loquitur,
1410 3715 1449 3770 ut
1468 3707 1592 3773 merito
1604 3707 1777 3775 incertum

382 3817 528 3902 dixeris,
545 3820 652 3884 verba
671 3815 850 3882 sententiis
874 3836 918 3877 an
942 3815 1119 3880 sententie
1143 3813 1258 3879 verbis
1276 3813 1500 3878 illustrentur.
1541 3814 1655 3897 Quare
1672 3814 1776 3880 variae

310 3969 315 3978 -
380 3924 563 4008 vernorum
582 3931 756 3988 structure
775 3939 847 3984 non
866 3941 931 4005 pro
950 3920 1049 3982 inani
1072 3927 1273 3984 ornamento
1290 3918 1475 3994 habenda,
1493 3919 1553 3981 sed
1573 3917 1699 3982 rectius
1720 3937 1778 3984 eas

381 4029 520 4094 dicendi
531 4028 656 4092 formas
669 4029 869 4112 scriptorem
883 4025 1025 4112 elegisse
1032 4023 1218 4108 putaveris,
1228 4043 1304 4105 qum
1313 4021 1778 4109 cogitatisoptimeconueni·

381 4145 469 4200 rent.
508 4139 549 4198 Et
565 4134 750 4219 sepissime
769 4133 910 4213 quidem
925 4131 964 4192 in
981 4130 1146 4214 oppositis
1162 4131 1250 4192 hanc
1270 4129 1469 4192 varietatem
1484 4126 1779 4200 animadverteris,

382 4250 420 4306 ut
436 4235 565 4312 diversi
580 4259 698 4308 seusus
717 4222 913 4306 diversitate
925 4242 1101 4300 structura
1112 4238 1338 4326 expressiores
1350 4231 1490 4315 nereum
1507 4233 1662 4319 exemplu
1676 4232 1777 4299 dabo:
