4050 5009
416 494 476 571 58.

519 695 617 792 Quae
637 701 767 802 paucis
786 700 835 778 de
861 730 1022 780 munere
1051 705 1266 812 interpretis
1288 712 1463 814 exposui,
1482 739 1525 787 ea
1555 714 1596 788 in
1621 716 1824 790 Commen-

385 810 520 928 ‘tariis
560 813 786 892 Salustianis
824 837 974 896 secutus
1013 848 1109 898 sum.
1142 826 1297 899 -Errant
1340 827 1488 930 igitur,
1533 831 1601 932 qui
1636 829 1712 906 boc
1748 831 1823 904 sibi

414 947 701 1030 persuaserunt,
725 932 816 1024 fore,
839 951 885 1010 ut
905 939 1170 1016 commentarii
1190 941 1241 1016 ad
1252 940 1423 1017 criticam
1444 946 1680 1047 potissimum
1705 946 1826 1050 perti·

416 1059 559 1118 nerent
597 1047 703 1124 Licet
725 1050 829 1125 enim
850 1049 924 1128 hac
953 1055 1000 1130 ‹le
1026 1055 1206 1130 refusius
1230 1084 1338 1159 agere
1362 1086 1509 1134 necesse
1530 1079 1602 1153 cst,
1628 1089 1719 1136 cum
1741 1090 1826 1136 ma-

416 1158 517 1235 xime
540 1178 596 1238 tot
616 1163 812 1257 lectiones,
837 1187 949 1245 antea
980 1171 1137 1276 ignotae,
1176 1173 1218 1247 in
1245 1173 1386 1249 Italicis
1409 1176 1526 1253 Codd.
1549 1179 1714 1254 inventoe
1735 1179 1826 1269 sint,

418 1290 544 1353 tamen
576 1279 620 1354 in
654 1302 844 1386 quantum
875 1317 944 1392 per
972 1288 1118 1393 ingenii
1147 1289 1222 1364 mei
1243 1290 1554 1382 mediocritatem,
1569 1293 1652 1369 lieri
1676 1309 1824 1396 potest,

415 1419 545 1469 omnes
573 1395 897 1503 interpretationis
926 1421 1051 1510 partes
1075 1405 1355 1481 commentariis
1380 1408 1618 1510 complectar.
1654 1411 1738 1482 Hoc
1767 1407 1827 1482 fa·

416 1510 527 1585 cilius
555 1513 670 1589 etiam
701 1516 782 1594 lieri
806 1537 943 1623 potest,
977 1519 1082 1624 quod
1103 1520 1316 1597 multorum
1344 1525 1427 1598 VV.
1451 1526 1539 1598 DD.
1570 1551 1684 1625 opera
1707 1541 1827 1626 atquc

415 1627 543 1701 studio
568 1629 720 1708 Salustii
743 1635 834 1711 libri
860 1637 991 1712 multis
1011 1637 1052 1711 in
1075 1636 1166 1710 locis
1190 1635 1269 1739 jam
1287 1637 1498 1714 doctissime
1515 1640 1696 1714 illustrati
1720 1655 1826 1714 sunt.

418 1742 570 1840 Quibus
594 1746 797 1853 diligenter
824 1753 992 1829 collectis
1023 1779 1130 1841 cum,
1155 1777 1241 1852 quae
1259 1753 1337 1857 ipse
1350 1756 1485 1830 melius
1506 1755 1604 1832 mihi
1620 1756 1827 1831 intellexis-

416 1883 454 1932 se
474 1860 624 1952 videor,
650 1869 889 1960 accesserint,
915 1896 1034 1973 quam
1064 1868 1108 1944 in
1132 1868 1295 1944 Salustio
1317 1871 1558 1946 emendando
1579 1889 1695 1974 atque
1720 1871 1827 1946 illus-

337 1991 343 2006 *
420 1977 556 2051 trando
576 2006 730 2083 operam
750 2001 866 2087 atque
883 2013 1017 2060 curam
1037 1984 1243 2088 posuerim,
1270 1987 1388 2090 aequis
1406 1987 1602 2093 judicibus
1623 2015 1704 2064 non
1724 1987 1829 2062 male

419 2091 582 2168 locatam
607 2097 745 2188 videri,
768 2126 877 2204 spero
900 2119 1016 2203 atque
1037 2098 1199 2174 confido.
1222 2099 1268 2194 ³²⁶)

517 2211 654 2315 Scripsi
680 2217 831 2289 Bastuan
853 2243 901 2292 tx.
926 2217 1007 2291 Kal.
1031 2214 1163 2292 Martii
1185 2215 1478 2294 MDCCCXXV.

419 2463 448 2542 ⁴⁵)
471 2467 540 2540 Quo
561 2478 693 2548 tempore
718 2471 780 2532 lucc
797 2472 977 2548 scribebam,
999 2475 1090 2532 literae
1107 2473 1164 2532 viri
1178 2453 1341 2532 'clarissimi
1362 2471 1426 2532 lm.
1443 2473 1553 2554 Peyron
1576 2472 1615 2532 ad
1638 2492 1687 2532 me
1707 2475 1831 2554 perlatas

499 2577 577 2623 sunt.
615 2566 655 2624 Ex
674 2566 721 2627 his
743 2573 869 2650 cognovi
897 2569 1033 2652 Augmtae
1049 2571 1248 2630 Taurinorum
1270 2572 1304 2628 in
1331 2569 1514 2630 bibliotheca
1541 2574 1620 2654 regia
1644 2583 1700 2632 tres
1727 2569 1828 2630 codd.

494 2661 676 2724 Salustianos
698 2663 819 2739 haberi,
864 2688 937 2747 qnos
958 2669 998 2725 ita
1024 2666 1173 2726 describit.
1202 2667 1281 2726 Cod.
1298 2667 1418 2726 Tauria.
1441 2672 1466 2731 Ι.
1485 2668 1545 2748 (in
1572 2669 1715 2752 catalogo
1736 2667 1827 2743 568.)

500 2757 740 2820 llembranaceus
758 2765 836 2822 foliis
854 2763 1017 2841 majoribus
1038 2764 1106 2822 Sec.
1131 2784 1187 2823 nr.
1207 2763 1320 2822 bellum
1344 2762 1551 2822 catilinarium
1577 2768 1721 2826 continet.
1748 2765 1827 2824 cod.

496 2853 582 2915 Taur.
599 2862 638 2918 ll.
660 2859 709 2936 (in
728 2859 821 2920 catal.
848 2861 946 2940 1054.)
969 2859 1146 2920 chartaceus
1162 2863 1232 2921 Sacc.
1246 2883 1291 2921 xv.
1314 2860 1393 2920 idem
1411 2858 1524 2920 bellum
1547 2865 1691 2922 continet.
1716 2863 1829 2922 Neuter

500 2973 534 3012 ex
548 2956 731 3016 melioribus.
751 2956 827 3018 cod.
845 2959 933 3018 Taur.
946 2959 999 3018 lll.
1024 2961 1135 3037 (1055.
1154 2960 1187 3018 in
1205 2959 1313 3036 catal.)
1333 2960 1404 3019 Sanc.
1417 2981 1461 3018 xv.
1484 2959 1596 3019 bellum
1615 2959 1826 3020 catilinarium

500 3063 530 3111 et
545 3051 759 3134 iugurthinum
775 3058 919 3124 continet,
939 3056 1027 3115 Liber
1040 3056 1121 3115 haud
1135 3057 1388 3131 contemnendus,
1409 3059 1475 3137 qui,
1487 3077 1660 3137 quanquam
1670 3057 1828 3136 saepissime

474 3196 477 3202 .
501 3151 600 3210 alieno
615 3155 682 3211 loco
696 3151 785 3214 rerba
803 3165 832 3212 et
850 3156 1009 3233 particulas
1028 3156 1156 3228 omittit,
1177 3155 1218 3212 ita
1234 3163 1269 3212 ut
1280 3153 1394 3212 librarii
1411 3155 1558 3212 incuriam
1573 3154 1658 3212 facile
1674 3154 1829 3212 intellexe-

471 3297 474 3303 .
501 3249 559 3320 ris,
582 3258 680 3308 tamen
697 3260 726 3308 et
741 3253 876 3330 proprias
899 3249 990 3310 babet
1010 3253 1160 3324 lectiones,
1182 3249 1340 3330 exquibus
1362 3253 1523 3308 nonnullas
1545 3249 1760 3308 transcribente

540 3369 693 3450 Jugartha
713 3391 738 3430 c.
752 3371 802 3451 96.
822 3373 1090 3451 opportrmissimus
1109 3381 1180 3431 esset
1197 3407 1216 3418 -
1233 3391 1285 3430 sua
1307 3390 1374 3429 cara
1392 3404 1410 3416 -
1435 3371 1485 3451 87.
1506 3367 1660 3451 Jugurthae
1678 3369 1791 3449 placuit
1811 3402 1829 3414 -

421 3467 473 3526 88.
482 3479 638 3548 postquam
653 3468 765 3528 invidia
782 3467 941 3550 dycesscrat
959 3503 977 3514 -
996 3471 1111 3550 gravior
1130 3469 1279 3528 accederet
1297 3503 1314 3514 -
1334 3469 1383 3547 89.
1405 3487 1440 3526 ac
1457 3468 1555 3547 primo
1571 3466 1761 3525 mediocriter
1774 3485 1828 3548 ge-

421 3563 503 3622 rebat
530 3599 546 3609 -
574 3585 701 3643 quorum
719 3566 761 3625 vis
787 3597 805 3611 -
833 3568 866 3624 ni
896 3566 976 3646 quod
997 3566 1078 3645 apud
1108 3601 1123 3612 ·
1153 3566 1237 3642 jubet
1261 3564 1450 3645 praedicitque
1476 3583 1506 3620 sc
1525 3598 1540 3608 -
1561 3563 1669 3644 ignaris
1688 3583 1790 3641 parare
1810 3595 1828 3608 ·

420 3672 578 3742 postquam
600 3669 710 3740 jussum
731 3671 772 3720 est
792 3664 891 3722 castris
911 3697 926 3708 -
947 3663 998 3721 alii
1010 3662 1173 3722 venundati
1192 3697 1208 3707 -
1228 3662 1355 3720 infidum
1376 3681 1472 3740 neque
1495 3671 1580 3718 antea
1600 3693 1617 3704 -
1636 3679 1686 3739 9²·
1709 3660 1829 3717 incom-

422 3757 514 3816 modo
530 3779 652 3839 maguus
674 3757 818 3838 (patravit
838 3758 930 3836 deest)
952 3795 968 3806 -
987 3763 1074 3840 plura
1097 3769 1218 3838 propter
1238 3758 1326 3838 casp.
1349 3759 1481 3836 (deserto
1493 3758 1588 3834 deest)
1609 3790 1627 3801 -
1643 3777 1737 3836 prope
1752 3777 1829 3815 con-

421 3857 518 3914 sistere
537 3889 553 3900 ·
573 3855 623 3935 93.
642 3855 777 3915 difficilia
792 3855 999 3915 animadvertit
1026 3889 1046 3902 -
1076 3877 1134 3935 qua
1154 3857 1215 3935 ipse
1233 3855 1400 3914 ascenderat
1420 3889 1438 3900 -
1466 3857 1514 3936 94.
1538 3855 1709 3934 compositis
1725 3854 1829 3911 omni·

424 3952 478 4011 bus
497 3985 516 3999 -
535 3973 636 4012 rerum
646 3951 804 4012 Numidica
824 3987 842 4000 -
859 3951 1013 4034 Jugurthae
1030 3954 1166 4013 saevitiam
1187 3984 1206 3998 -
1225 3953 1275 4031 95.
1295 3950 1334 4010 lt
1349 3954 1394 4011 illi
1408 3953 1600 4011 felicissimo·
1619 3969 1829 4030 nusquamsu-

422 4069 476 4131 per
498 4049 673 4110 industriam
694 4085 710 4096 -
729 4051 778 4130 96.
800 4060 956 4130 postquam
977 4050 1009 4106 in
1033 4059 1126 4108 castra
1140 4049 1226 4106 illarii
1245 4083 1261 4094 -
1280 4049 1436 4108 amborum
1453 4050 1593 4108 exercitus
1615 4053 1792 4125 conjunctus
1812 4081 1830 4092 ·

422 4147 566 4220 adventu,
588 4157 616 4204 et
635 4148 691 4226 ipsi
707 4145 802 4205 hostes
823 4143 974 4224 (cognovit
992 4143 1089 4221 deest)
1115 4178 1132 4189 -
1157 4147 1221 4203 ullo
1244 4145 1335 4205 modo
1354 4148 1453 4226 proelii
1471 4179 1488 4191 -
1516 4144 1612 4203 hostes
1634 4145 1741 4202 nostris
1768 4163 1830 4202 nu·

425 4265 506 4304 mero
526 4249 624 4325 plures
641 4279 657 4289 -
677 4255 765 4324 atque
778 4243 816 4301 ab
833 4241 973 4301 omnibus
990 4241 1123 4321 partibus
1143 4240 1204 4317 (ita
1223 4239 1329 4319 deest)
1350 4245 1400 4324 98.
1421 4243 1585 4301 fortissimis
1604 4241 1673 4300 viris
1698 4241 1792 4320 magis
1812 4273 1830 4285 -

425 4344 525 4421 itaque
550 4343 611 4400 dics
632 4351 823 4420 consumptua
841 4351 903 4398 erat
922 4373 939 4384 -
958 4349 1077 4397 noctem
1100 4336 1236 4418 prodesse
1257 4340 1343 4398 rati.
1364 4387 1373 4406 .
1395 4381 1404 4399 .
1443 4340 1528 4398 Tunc
1547 4373 1563 4384 -
1583 4337 1657 4395 duos
1677 4338 1830 4414 proximos

426 4442 501 4498 iuter
512 4461 540 4498 se
563 4473 576 4484 ·
596 4459 629 4497 ex
647 4459 753 4519 magna
771 4447 852 4518 parte
872 4469 888 4482 ·
909 4437 1095 4495 munimenta
1118 4433 1236 4515 gerebat
1256 4469 1271 4480 -
1291 4437 1392 4519 lugere
1405 4457 1460 4518 pro
1472 4434 1632 4496 victoribus
1643 4453 1754 4514 agere·
1775 4453 1828 4514 99.
