<?xml version="1.0" encoding="UTF-8"?>
<!DOCTYPE html PUBLIC "-//W3C//DTD XHTML 1.0 Transitional//EN"
    "http://www.w3.org/TR/xhtml1/DTD/xhtml1-transitional.dtd">
<html xmlns="http://www.w3.org/1999/xhtml" xml:lang="en" lang="en">
 <head>
  <title>
</title>
<meta http-equiv="Content-Type" content="text/html;charset=utf-8" />
  <meta name='ocr-system' content='tesseract 3.04.00' />
  <meta name='ocr-capabilities' content='ocr_page ocr_carea ocr_par ocr_line ocrx_word'/>
</head>
<body>
  <div class='ocr_page' id='page_1' title='image "./salustiiquaeexs00sallgoog_0689.png"; bbox 0 0 4050 5009; ppageno 0'>
   <div class='ocr_carea' id='block_1_1' title="bbox 1460 322 1531 403">
    <p class='ocr_par' dir='ltr' id='par_1_1' title="bbox 1460 322 1531 403">
     <span class='ocr_line' id='line_1_1' title="bbox 1460 322 1531 403; baseline 0 0"><span class='ocrx_word' id='word_1_1' title='bbox 1460 322 1531 403; x_wconf 83' lang='lat'>¹79</span> 
     </span>
    </p>
   </div>
   <div class='ocr_carea' id='block_1_2' title="bbox 127 472 1570 3301">
    <p class='ocr_par' dir='ltr' id='par_1_2' title="bbox 127 472 1570 3301">
     <span class='ocr_line' id='line_1_2' title="bbox 135 472 1530 583; baseline 0.004 -32"><span class='ocrx_word' id='word_1_2' title='bbox 135 472 201 551; x_wconf 84' lang='lat' dir='ltr'>het</span> <span class='ocrx_word' id='word_1_3' title='bbox 249 478 330 581; x_wconf 86' lang='lat' dir='ltr'>Ipse</span> <span class='ocrx_word' id='word_1_4' title='bbox 357 476 500 574; x_wconf 76' lang='lat' dir='ltr'>interea</span> <span class='ocrx_word' id='word_1_5' title='bbox 520 474 659 551; x_wconf 87' lang='lat' dir='ltr'>milites</span> <span class='ocrx_word' id='word_1_6' title='bbox 681 474 861 565; x_wconf 85' lang='lat' dir='ltr'>scribere,</span> <span class='ocrx_word' id='word_1_7' title='bbox 881 500 961 551; x_wconf 89' lang='lat' dir='ltr'>non</span> <span class='ocrx_word' id='word_1_8' title='bbox 984 473 1315 569; x_wconf 78' lang='lat' dir='ltr'>moremaiorum,</span> <span class='ocrx_word' id='word_1_9' title='bbox 1339 503 1464 583; x_wconf 89' lang='lat' dir='ltr'>neque</span> <span class='ocrx_word' id='word_1_10' title='bbox 1482 505 1530 557; x_wconf 83' lang='lat' dir='ltr'>ex</span> 
     </span>
     <span class='ocr_line' id='line_1_3' title="bbox 133 598 1529 708; baseline 0.005 -34"><span class='ocrx_word' id='word_1_11' title='bbox 133 598 321 691; x_wconf 88' lang='lat' dir='ltr'>classibus,</span> <span class='ocrx_word' id='word_1_12' title='bbox 337 602 402 677; x_wconf 89' lang='lat' dir='ltr'>sed</span> <span class='ocrx_word' id='word_1_13' title='bbox 420 599 478 677; x_wconf 93' lang='lat' dir='ltr'>uti</span> <span class='ocrx_word' id='word_1_14' title='bbox 498 601 682 704; x_wconf 86' lang='lat' dir='ltr'>cuiusque</span> <span class='ocrx_word' id='word_1_15' title='bbox 699 599 834 675; x_wconf 92' lang='lat' dir='ltr'>lubido</span> <span class='ocrx_word' id='word_1_16' title='bbox 850 616 948 691; x_wconf 83' lang='lat' dir='ltr'>erat,</span> <span class='ocrx_word' id='word_1_17' title='bbox 968 598 1092 703; x_wconf 85' lang='lat' dir='ltr'>capite</span> <span class='ocrx_word' id='word_1_18' title='bbox 1108 626 1235 677; x_wconf 86' lang='lat' dir='ltr'>censos</span> <span class='ocrx_word' id='word_1_19' title='bbox 1250 602 1458 708; x_wconf 84' lang='lat' dir='ltr'>plerosque</span> <span class='ocrx_word' id='word_1_20' title='bbox 1481 604 1529 683; x_wconf 92' lang='lat' dir='ltr'>ld</span> 
     </span>
     <span class='ocr_line' id='line_1_4' title="bbox 131 722 1527 831; baseline 0.006 -32"><span class='ocrx_word' id='word_1_21' title='bbox 131 722 270 801; x_wconf 79' lang='lat' dir='ltr'>lactum</span> <span class='ocrx_word' id='word_1_22' title='bbox 287 725 354 801; x_wconf 90' lang='lat' dir='ltr'>alii</span> <span class='ocrx_word' id='word_1_23' title='bbox 377 724 507 831; x_wconf 90' lang='lat' dir='ltr'>inopia</span> <span class='ocrx_word' id='word_1_24' title='bbox 525 726 735 814; x_wconf 88' lang='lat' dir='ltr'>bonorum,</span> <span class='ocrx_word' id='word_1_25' title='bbox 754 722 821 798; x_wconf 87' lang='lat' dir='ltr'>alii</span> <span class='ocrx_word' id='word_1_26' title='bbox 843 748 912 827; x_wconf 91' lang='lat' dir='ltr'>per</span> <span class='ocrx_word' id='word_1_27' title='bbox 929 723 1178 801; x_wconf 82' lang='lat' dir='ltr'><strong>ambitionem</strong></span> <span class='ocrx_word' id='word_1_28' title='bbox 1197 726 1362 803; x_wconf 86' lang='lat' dir='ltr'>consulis</span> <span class='ocrx_word' id='word_1_29' title='bbox 1383 754 1527 807; x_wconf 87' lang='lat' dir='ltr'>memo·</span> 
     </span>
     <span class='ocr_line' id='line_1_5' title="bbox 131 826 1526 955; baseline 0.007 -34"><span class='ocrx_word' id='word_1_30' title='bbox 131 849 280 939; x_wconf 78' lang='lat' dir='ltr'>mbant3</span> <span class='ocrx_word' id='word_1_31' title='bbox 303 850 408 953; x_wconf 88' lang='lat' dir='ltr'>quod</span> <span class='ocrx_word' id='word_1_32' title='bbox 435 849 485 923; x_wconf 88' lang='lat' dir='ltr'>ab</span> <span class='ocrx_word' id='word_1_33' title='bbox 506 874 551 924; x_wconf 90' lang='lat' dir='ltr'>eo</span> <span class='ocrx_word' id='word_1_34' title='bbox 571 874 706 955; x_wconf 78' lang='lat' dir='ltr'>genere</span> <span class='ocrx_word' id='word_1_35' title='bbox 723 846 933 923; x_wconf 83' lang='lat' dir='ltr'>celebratus</span> <span class='ocrx_word' id='word_1_36' title='bbox 953 826 1163 953; x_wconf 78' lang='lat' dir='ltr'>auctusque</span> <span class='ocrx_word' id='word_1_37' title='bbox 1189 865 1290 943; x_wconf 86' lang='lat' dir='ltr'>erat,</span> <span class='ocrx_word' id='word_1_38' title='bbox 1313 868 1352 927; x_wconf 91' lang='lat' dir='ltr'>et</span> <span class='ocrx_word' id='word_1_39' title='bbox 1374 847 1526 931; x_wconf 88' lang='lat' dir='ltr'>homini</span> 
     </span>
     <span class='ocr_line' id='line_1_6' title="bbox 132 970 1528 1078; baseline 0.003 -28"><span class='ocrx_word' id='word_1_40' title='bbox 132 975 335 1077; x_wconf 84' lang='lat' dir='ltr'>potentiam</span> <span class='ocrx_word' id='word_1_41' title='bbox 356 973 540 1077; x_wconf 72' lang='lat' dir='ltr'>querenti</span> <span class='ocrx_word' id='word_1_42' title='bbox 561 971 831 1077; x_wconf 74' lang='lat' dir='ltr'>egentissumus</span> <span class='ocrx_word' id='word_1_43' title='bbox 859 970 1022 1075; x_wconf 87' lang='lat' dir='ltr'>quisque</span> <span class='ocrx_word' id='word_1_44' title='bbox 1048 974 1425 1078; x_wconf 78' lang='lat' dir='ltr'>opportunissumae:</span> <span class='ocrx_word' id='word_1_45' title='bbox 1463 975 1528 1054; x_wconf 88' lang='lat' dir='ltr'>cui</span> 
     </span>
     <span class='ocr_line' id='line_1_7' title="bbox 129 1094 1527 1205; baseline 0.004 -32"><span class='ocrx_word' id='word_1_46' title='bbox 129 1124 247 1199; x_wconf 83' lang='lat' dir='ltr'>neque</span> <span class='ocrx_word' id='word_1_47' title='bbox 259 1124 327 1173; x_wconf 86' lang='lat' dir='ltr'>sua</span> <span class='ocrx_word' id='word_1_48' title='bbox 346 1122 467 1187; x_wconf 77' lang='lat' dir='ltr'>curte,</span> <span class='ocrx_word' id='word_1_49' title='bbox 493 1096 636 1201; x_wconf 87' lang='lat' dir='ltr'>quippe</span> <span class='ocrx_word' id='word_1_50' title='bbox 650 1121 736 1198; x_wconf 86' lang='lat' dir='ltr'>quae</span> <span class='ocrx_word' id='word_1_51' title='bbox 752 1094 861 1172; x_wconf 88' lang='lat' dir='ltr'>nulla</span> <span class='ocrx_word' id='word_1_52' title='bbox 878 1112 986 1187; x_wconf 86' lang='lat' dir='ltr'>sunt,</span> <span class='ocrx_word' id='word_1_53' title='bbox 1011 1112 1050 1172; x_wconf 91' lang='lat' dir='ltr'>et</span> <span class='ocrx_word' id='word_1_54' title='bbox 1060 1096 1189 1173; x_wconf 87' lang='lat' dir='ltr'>omnia</span> <span class='ocrx_word' id='word_1_55' title='bbox 1210 1123 1301 1175; x_wconf 89' lang='lat' dir='ltr'>cum</span> <span class='ocrx_word' id='word_1_56' title='bbox 1312 1099 1437 1205; x_wconf 85' lang='lat' dir='ltr'>pretio</span> <span class='ocrx_word' id='word_1_57' title='bbox 1454 1097 1527 1179; x_wconf 90' lang='lat' dir='ltr'>ho·</span> 
     </span>
     <span class='ocr_line' id='line_1_8' title="bbox 129 1218 1524 1325; baseline 0.005 -30"><span class='ocrx_word' id='word_1_58' title='bbox 129 1238 226 1297; x_wconf 81' lang='lat' dir='ltr'>nesta</span> <span class='ocrx_word' id='word_1_59' title='bbox 253 1220 442 1299; x_wconf 80' lang='lat' dir='ltr'>videntur.</span> <span class='ocrx_word' id='word_1_60' title='bbox 490 1220 613 1325; x_wconf 79' lang='lat' dir='ltr'>Igitur</span> <span class='ocrx_word' id='word_1_61' title='bbox 641 1218 786 1293; x_wconf 85' lang='lat' dir='ltr'>Marius</span> <span class='ocrx_word' id='word_1_62' title='bbox 816 1244 907 1295; x_wconf 88' lang='lat' dir='ltr'>cnm</span> <span class='ocrx_word' id='word_1_63' title='bbox 931 1218 1132 1324; x_wconf 83' lang='lat' dir='ltr'>aliquanto</span> <span class='ocrx_word' id='word_1_64' title='bbox 1157 1220 1301 1299; x_wconf 82' lang='lat' dir='ltr'>maiore</span> <span class='ocrx_word' id='word_1_65' title='bbox 1334 1249 1524 1319; x_wconf 87' lang='lat' dir='ltr'>numero,</span> 
     </span>
     <span class='ocr_line' id='line_1_9' title="bbox 129 1341 1524 1450; baseline 0.002 -27"><span class='ocrx_word' id='word_1_66' title='bbox 129 1372 239 1448; x_wconf 84' lang='lat' dir='ltr'>quam</span> <span class='ocrx_word' id='word_1_67' title='bbox 257 1346 454 1423; x_wconf 85' lang='lat' dir='ltr'>decretum</span> <span class='ocrx_word' id='word_1_68' title='bbox 471 1359 575 1433; x_wconf 86' lang='lat' dir='ltr'>erat,</span> <span class='ocrx_word' id='word_1_69' title='bbox 606 1341 649 1417; x_wconf 87' lang='lat' dir='ltr'>in</span> <span class='ocrx_word' id='word_1_70' title='bbox 662 1342 830 1419; x_wconf 80' lang='lat' dir='ltr'>Africam</span> <span class='ocrx_word' id='word_1_71' title='bbox 843 1342 1051 1448; x_wconf 82' lang='lat' dir='ltr'>profectus,</span> <span class='ocrx_word' id='word_1_72' title='bbox 1072 1343 1204 1450; x_wconf 81' lang='lat' dir='ltr'>paucis</span> <span class='ocrx_word' id='word_1_73' title='bbox 1220 1343 1354 1449; x_wconf 79' lang='lat' dir='ltr'>diebus</span> <span class='ocrx_word' id='word_1_74' title='bbox 1373 1347 1524 1426; x_wconf 79' lang='lat' dir='ltr'>Uticam</span> 
     </span>
     <span class='ocr_line' id='line_1_10' title="bbox 128 1464 1523 1575; baseline 0.005 -33"><span class='ocrx_word' id='word_1_75' title='bbox 128 1468 332 1545; x_wconf 80' lang='lat' dir='ltr'>advehitur.</span> <span class='ocrx_word' id='word_1_76' title='bbox 366 1464 564 1544; x_wconf 72' lang='lat' dir='ltr'>Exercitus</span> <span class='ocrx_word' id='word_1_77' title='bbox 587 1464 621 1541; x_wconf 89' lang='lat' dir='ltr'>ei</span> <span class='ocrx_word' id='word_1_78' title='bbox 645 1466 810 1543; x_wconf 87' lang='lat' dir='ltr'>traditur</span> <span class='ocrx_word' id='word_1_79' title='bbox 828 1493 851 1542; x_wconf 85' lang='lat' dir='ltr'>a</span> <span class='ocrx_word' id='word_1_80' title='bbox 868 1470 905 1543; x_wconf 92' lang='lat' dir='ltr'>P.</span> <span class='ocrx_word' id='word_1_81' title='bbox 918 1466 1064 1543; x_wconf 86' lang='lat' dir='ltr'>Rutilio</span> <span class='ocrx_word' id='word_1_82' title='bbox 1085 1467 1223 1575; x_wconf 80' lang='lat' dir='ltr'>legat03</span> <span class='ocrx_word' id='word_1_83' title='bbox 1238 1493 1330 1544; x_wconf 83' lang='lat' dir='ltr'>nom</span> <span class='ocrx_word' id='word_1_84' title='bbox 1348 1468 1523 1549; x_wconf 80' lang='lat' dir='ltr'>Metellus</span> 
     </span>
     <span class='ocr_line' id='line_1_11' title="bbox 128 1586 1522 1697; baseline 0.001 -30"><span class='ocrx_word' id='word_1_85' title='bbox 128 1610 367 1697; x_wconf 85' lang='lat' dir='ltr'>conspectum</span> <span class='ocrx_word' id='word_1_86' title='bbox 380 1588 495 1665; x_wconf 87' lang='lat' dir='ltr'>Marii</span> <span class='ocrx_word' id='word_1_87' title='bbox 516 1586 686 1689; x_wconf 83' lang='lat' dir='ltr'>lugeret,</span> <span class='ocrx_word' id='word_1_88' title='bbox 704 1615 754 1665; x_wconf 89' lang='lat' dir='ltr'>ne</span> <span class='ocrx_word' id='word_1_89' title='bbox 776 1588 920 1665; x_wconf 84' lang='lat' dir='ltr'>videret</span> <span class='ocrx_word' id='word_1_90' title='bbox 941 1616 1002 1679; x_wconf 83' lang='lat' dir='ltr'>ea,</span> <span class='ocrx_word' id='word_1_91' title='bbox 1028 1614 1115 1694; x_wconf 77' lang='lat' dir='ltr'>qum</span> <span class='ocrx_word' id='word_1_92' title='bbox 1137 1589 1269 1667; x_wconf 84' lang='lat' dir='ltr'>audita</span> <span class='ocrx_word' id='word_1_93' title='bbox 1293 1590 1445 1669; x_wconf 86' lang='lat' dir='ltr'>animus</span> <span class='ocrx_word' id='word_1_94' title='bbox 1466 1608 1522 1669; x_wconf 90' lang='lat' dir='ltr'>to-</span> 
     </span>
     <span class='ocr_line' id='line_1_12' title="bbox 129 1709 1570 1821; baseline 0.001 -36"><span class='ocrx_word' id='word_1_95' title='bbox 129 1712 241 1790; x_wconf 87' lang='lat' dir='ltr'>lerare</span> <span class='ocrx_word' id='word_1_96' title='bbox 267 1714 497 1818; x_wconf 86' lang='lat' dir='ltr'>nequiverat</span> <span class='ocrx_word' id='word_1_97' title='bbox 548 1709 621 1787; x_wconf 85' lang='lat' dir='ltr'>Sed</span> <span class='ocrx_word' id='word_1_98' title='bbox 644 1712 787 1788; x_wconf 87' lang='lat' dir='ltr'>Consul</span> <span class='ocrx_word' id='word_1_99' title='bbox 813 1711 969 1815; x_wconf 83' lang='lat' dir='ltr'>expletis</span> <span class='ocrx_word' id='word_1_100' title='bbox 997 1712 1209 1815; x_wconf 84' lang='lat' dir='ltr'>legionibus</span> <span class='ocrx_word' id='word_1_101' title='bbox 1225 1711 1521 1821; x_wconf 83' lang='lat' dir='ltr'>cohortibusque</span> <span class='ocrx_word' id='word_1_102' title='bbox 1532 1727 1570 1811; x_wconf 78' lang='lat'>⁰7</span> 
     </span>
     <span class='ocr_line' id='line_1_13' title="bbox 128 1834 1519 1941; baseline 0.003 -30"><span class='ocrx_word' id='word_1_103' title='bbox 128 1839 349 1929; x_wconf 79' lang='lat' dir='ltr'>auxiliariis,</span> <span class='ocrx_word' id='word_1_104' title='bbox 375 1838 417 1913; x_wconf 95' lang='lat' dir='ltr'>in</span> <span class='ocrx_word' id='word_1_105' title='bbox 449 1863 584 1941; x_wconf 88' lang='lat' dir='ltr'>agrum</span> <span class='ocrx_word' id='word_1_106' title='bbox 612 1834 776 1911; x_wconf 76' lang='lat' dir='ltr'>fertilem</span> <span class='ocrx_word' id='word_1_107' title='bbox 805 1850 843 1909; x_wconf 88' lang='lat' dir='ltr'>et</span> <span class='ocrx_word' id='word_1_108' title='bbox 877 1834 1005 1939; x_wconf 85' lang='lat' dir='ltr'>praeda</span> <span class='ocrx_word' id='word_1_109' title='bbox 1042 1852 1223 1911; x_wconf 87' lang='lat' dir='ltr'>onustum</span> <span class='ocrx_word' id='word_1_110' title='bbox 1249 1834 1519 1940; x_wconf 87' lang='lat' dir='ltr'>proficiscitur,</span> 
     </span>
     <span class='ocr_line' id='line_1_14' title="bbox 128 1956 1521 2065; baseline 0.004 -30"><span class='ocrx_word' id='word_1_111' title='bbox 128 1964 249 2039; x_wconf 90' lang='lat' dir='ltr'>omnia</span> <span class='ocrx_word' id='word_1_112' title='bbox 268 1962 322 2039; x_wconf 91' lang='lat' dir='ltr'>ibi</span> <span class='ocrx_word' id='word_1_113' title='bbox 340 1977 451 2065; x_wconf 87' lang='lat' dir='ltr'>capta</span> <span class='ocrx_word' id='word_1_114' title='bbox 475 1959 661 2035; x_wconf 81' lang='lat' dir='ltr'>militibus</span> <span class='ocrx_word' id='word_1_115' title='bbox 689 1957 826 2051; x_wconf 76' lang='lat' dir='ltr'>donat3</span> <span class='ocrx_word' id='word_1_116' title='bbox 849 1956 939 2033; x_wconf 86' lang='lat' dir='ltr'>dein</span> <span class='ocrx_word' id='word_1_117' title='bbox 968 1958 1120 2033; x_wconf 87' lang='lat' dir='ltr'>castella</span> <span class='ocrx_word' id='word_1_118' title='bbox 1148 1976 1187 2035; x_wconf 91' lang='lat' dir='ltr'>et</span> <span class='ocrx_word' id='word_1_119' title='bbox 1210 1960 1351 2063; x_wconf 81' lang='lat' dir='ltr'>oppida</span> <span class='ocrx_word' id='word_1_120' title='bbox 1382 1980 1521 2042; x_wconf 86' lang='lat' dir='ltr'>natura</span> 
     </span>
     <span class='ocr_line' id='line_1_15' title="bbox 128 2080 1523 2190; baseline 0.002 -31"><span class='ocrx_word' id='word_1_121' title='bbox 128 2101 161 2159; x_wconf 89' lang='lat' dir='ltr'>et</span> <span class='ocrx_word' id='word_1_122' title='bbox 176 2084 265 2161; x_wconf 83' lang='lat' dir='ltr'>viris</span> <span class='ocrx_word' id='word_1_123' title='bbox 282 2110 422 2190; x_wconf 88' lang='lat' dir='ltr'>parum</span> <span class='ocrx_word' id='word_1_124' title='bbox 437 2084 588 2158; x_wconf 89' lang='lat' dir='ltr'>munita</span> <span class='ocrx_word' id='word_1_125' title='bbox 607 2080 827 2185; x_wconf 85' lang='lat' dir='ltr'>adgreditur</span> <span class='ocrx_word' id='word_1_126' title='bbox 849 2114 857 2155; x_wconf 74' lang='grc' dir='ltr'><strong><em>ι</em></strong></span> <span class='ocrx_word' id='word_1_127' title='bbox 882 2080 1013 2185; x_wconf 84' lang='lat' dir='ltr'>praelia</span> <span class='ocrx_word' id='word_1_128' title='bbox 1032 2083 1172 2174; x_wconf 87' lang='lat' dir='ltr'>multa,</span> <span class='ocrx_word' id='word_1_129' title='bbox 1187 2100 1355 2159; x_wconf 86' lang='lat' dir='ltr'>ceterum</span> <span class='ocrx_word' id='word_1_130' title='bbox 1372 2084 1447 2161; x_wconf 86' lang='lat' dir='ltr'>alia</span> <span class='ocrx_word' id='word_1_131' title='bbox 1466 2088 1523 2163; x_wconf 89' lang='lat' dir='ltr'>le·</span> 
     </span>
     <span class='ocr_line' id='line_1_16' title="bbox 127 2204 1523 2312; baseline 0.005 -33"><span class='ocrx_word' id='word_1_132' title='bbox 127 2208 179 2283; x_wconf 80' lang='lat' dir='ltr'>via</span> <span class='ocrx_word' id='word_1_133' title='bbox 201 2209 283 2285; x_wconf 81' lang='lat' dir='ltr'>aliis</span> <span class='ocrx_word' id='word_1_134' title='bbox 304 2208 396 2283; x_wconf 85' lang='lat' dir='ltr'>locis</span> <span class='ocrx_word' id='word_1_135' title='bbox 413 2206 543 2281; x_wconf 80' lang='lat' dir='ltr'>facere.</span> <span class='ocrx_word' id='word_1_136' title='bbox 593 2205 752 2281; x_wconf 89' lang='lat' dir='ltr'>Interim</span> <span class='ocrx_word' id='word_1_137' title='bbox 768 2204 857 2281; x_wconf 90' lang='lat' dir='ltr'>novi</span> <span class='ocrx_word' id='word_1_138' title='bbox 878 2205 1015 2279; x_wconf 79' lang='lat' dir='ltr'>milites</span> <span class='ocrx_word' id='word_1_139' title='bbox 1033 2205 1115 2282; x_wconf 86' lang='lat' dir='ltr'>sine</span> <span class='ocrx_word' id='word_1_140' title='bbox 1132 2222 1237 2281; x_wconf 89' lang='lat' dir='ltr'>metu</span> <span class='ocrx_word' id='word_1_141' title='bbox 1253 2233 1392 2312; x_wconf 80' lang='lat' dir='ltr'>pugnae</span> <span class='ocrx_word' id='word_1_142' title='bbox 1417 2208 1523 2287; x_wconf 82' lang='lat' dir='ltr'>ades·</span> 
     </span>
     <span class='ocr_line' id='line_1_17' title="bbox 127 2326 1523 2435; baseline 0.004 -30"><span class='ocrx_word' id='word_1_143' title='bbox 127 2354 160 2405; x_wconf 89' lang='lat' dir='ltr'>se</span> <span class='ocrx_word' id='word_1_144' title='bbox 180 2366 188 2406; x_wconf 91' lang='lat'>:</span> <span class='ocrx_word' id='word_1_145' title='bbox 211 2334 339 2409; x_wconf 82' lang='lat' dir='ltr'>videre</span> <span class='ocrx_word' id='word_1_146' title='bbox 354 2330 539 2435; x_wconf 84' lang='lat' dir='ltr'>fugientes</span> <span class='ocrx_word' id='word_1_147' title='bbox 558 2329 667 2433; x_wconf 88' lang='lat' dir='ltr'>capi,</span> <span class='ocrx_word' id='word_1_148' title='bbox 694 2328 840 2421; x_wconf 86' lang='lat' dir='ltr'>oocidi;</span> <span class='ocrx_word' id='word_1_149' title='bbox 865 2326 1125 2404; x_wconf 81' lang='lat' dir='ltr'>fortissumum</span> <span class='ocrx_word' id='word_1_150' title='bbox 1154 2356 1346 2435; x_wconf 82' lang='lat' dir='ltr'>quemque</span> <span class='ocrx_word' id='word_1_151' title='bbox 1367 2332 1523 2411; x_wconf 84' lang='lat' dir='ltr'>tutissu·</span> 
     </span>
     <span class='ocr_line' id='line_1_18' title="bbox 128 2451 1519 2564; baseline 0.001 -34"><span class='ocrx_word' id='word_1_152' title='bbox 128 2480 226 2533; x_wconf 87' lang='lat' dir='ltr'>mum</span> <span class='ocrx_word' id='word_1_153' title='bbox 247 2490 256 2531; x_wconf 73' lang='grc' dir='ltr'><strong><em>ε</em></strong></span> <span class='ocrx_word' id='word_1_154' title='bbox 280 2456 394 2531; x_wconf 88' lang='lat' dir='ltr'>armis</span> <span class='ocrx_word' id='word_1_155' title='bbox 414 2453 643 2543; x_wconf 85' lang='lat' dir='ltr'>libertatem,</span> <span class='ocrx_word' id='word_1_156' title='bbox 668 2451 834 2556; x_wconf 88' lang='lat' dir='ltr'>patriam</span> <span class='ocrx_word' id='word_1_157' title='bbox 850 2466 1102 2556; x_wconf 85' lang='lat' dir='ltr'>parentesque</span> <span class='ocrx_word' id='word_1_158' title='bbox 1118 2468 1157 2529; x_wconf 91' lang='lat' dir='ltr'>et</span> <span class='ocrx_word' id='word_1_159' title='bbox 1173 2453 1250 2529; x_wconf 88' lang='lat' dir='ltr'>elia</span> <span class='ocrx_word' id='word_1_160' title='bbox 1274 2454 1402 2532; x_wconf 89' lang='lat' dir='ltr'>omnia</span> <span class='ocrx_word' id='word_1_161' title='bbox 1422 2457 1519 2564; x_wconf 81' lang='lat' dir='ltr'>tegi,</span> 
     </span>
     <span class='ocr_line' id='line_1_19' title="bbox 128 2574 1520 2687; baseline 0.002 -34"><span class='ocrx_word' id='word_1_162' title='bbox 128 2578 277 2683; x_wconf 83' lang='lat' dir='ltr'>gloriam</span> <span class='ocrx_word' id='word_1_163' title='bbox 306 2596 421 2683; x_wconf 88' lang='lat' dir='ltr'>atque</span> <span class='ocrx_word' id='word_1_164' title='bbox 449 2576 599 2653; x_wconf 82' lang='lat' dir='ltr'>divitias</span> <span class='ocrx_word' id='word_1_165' title='bbox 631 2574 761 2679; x_wconf 81' lang='lat' dir='ltr'>quaeri.</span> <span class='ocrx_word' id='word_1_166' title='bbox 811 2574 871 2651; x_wconf 88' lang='lat' dir='ltr'>Sic</span> <span class='ocrx_word' id='word_1_167' title='bbox 897 2575 1002 2651; x_wconf 83' lang='lat' dir='ltr'>brevi</span> <span class='ocrx_word' id='word_1_168' title='bbox 1026 2576 1150 2681; x_wconf 86' lang='lat' dir='ltr'>spatio</span> <span class='ocrx_word' id='word_1_169' title='bbox 1179 2578 1270 2655; x_wconf 88' lang='lat' dir='ltr'>novi</span> <span class='ocrx_word' id='word_1_170' title='bbox 1303 2594 1520 2687; x_wconf 82' lang='lat' dir='ltr'>veteresque</span> 
     </span>
     <span class='ocr_line' id='line_1_20' title="bbox 130 2697 1518 2805; baseline -0.004 -31"><span class='ocrx_word' id='word_1_171' title='bbox 130 2706 307 2793; x_wconf 87' lang='lat' dir='ltr'>coaluere,</span> <span class='ocrx_word' id='word_1_172' title='bbox 332 2718 371 2779; x_wconf 89' lang='lat' dir='ltr'>et</span> <span class='ocrx_word' id='word_1_173' title='bbox 386 2701 505 2777; x_wconf 83' lang='lat' dir='ltr'>virtus</span> <span class='ocrx_word' id='word_1_174' title='bbox 527 2698 702 2775; x_wconf 89' lang='lat' dir='ltr'>omnium</span> <span class='ocrx_word' id='word_1_175' title='bbox 726 2698 882 2803; x_wconf 81' lang='lat' dir='ltr'>aequalis</span> <span class='ocrx_word' id='word_1_176' title='bbox 911 2697 1021 2775; x_wconf 76' lang='lat' dir='ltr'>facta</span> <span class='ocrx_word' id='word_1_177' title='bbox 1071 2704 1121 2776; x_wconf 88' lang='lat' dir='ltr'>At</span> <span class='ocrx_word' id='word_1_178' title='bbox 1139 2727 1260 2805; x_wconf 68' lang='lat' dir='ltr'>neges,</span> <span class='ocrx_word' id='word_1_179' title='bbox 1294 2703 1365 2779; x_wconf 87' lang='lat' dir='ltr'>nbi</span> <span class='ocrx_word' id='word_1_180' title='bbox 1383 2704 1432 2783; x_wconf 92' lang='lat' dir='ltr'>de</span> <span class='ocrx_word' id='word_1_181' title='bbox 1450 2706 1518 2783; x_wconf 89' lang='lat' dir='ltr'>ad.</span> 
     </span>
     <span class='ocr_line' id='line_1_21' title="bbox 130 2822 1516 2929; baseline 0.005 -30"><span class='ocrx_word' id='word_1_182' title='bbox 130 2844 236 2904; x_wconf 78' lang='lat' dir='ltr'>ventu</span> <span class='ocrx_word' id='word_1_183' title='bbox 255 2826 371 2903; x_wconf 88' lang='lat' dir='ltr'>Marii</span> <span class='ocrx_word' id='word_1_184' title='bbox 389 2840 670 2929; x_wconf 81' lang='lat' dir='ltr'>cognoverunt,</span> <span class='ocrx_word' id='word_1_185' title='bbox 695 2822 834 2901; x_wconf 83' lang='lat' dir='ltr'>divorsi</span> <span class='ocrx_word' id='word_1_186' title='bbox 863 2824 901 2898; x_wconf 88' lang='lat' dir='ltr'>in</span> <span class='ocrx_word' id='word_1_187' title='bbox 939 2822 1042 2899; x_wconf 73' lang='lat' dir='ltr'>locos</span> <span class='ocrx_word' id='word_1_188' title='bbox 1062 2822 1231 2899; x_wconf 81' lang='lat' dir='ltr'>difficiles</span> <span class='ocrx_word' id='word_1_189' title='bbox 1255 2824 1409 2905; x_wconf 81' lang='lat' dir='ltr'>abeunt</span> <span class='ocrx_word' id='word_1_190' title='bbox 1462 2832 1516 2906; x_wconf 86' lang='lat' dir='ltr'>lta</span> 
     </span>
     <span class='ocr_line' id='line_1_22' title="bbox 129 2944 1518 3058; baseline 0.003 -37"><span class='ocrx_word' id='word_1_191' title='bbox 129 2950 311 3057; x_wconf 80' lang='lat' dir='ltr'>Iugurthae</span> <span class='ocrx_word' id='word_1_192' title='bbox 340 2950 560 3055; x_wconf 80' lang='lat' dir='ltr'>placuerat,</span> <span class='ocrx_word' id='word_1_193' title='bbox 585 2946 785 3053; x_wconf 85' lang='lat' dir='ltr'>speranti,</span> <span class='ocrx_word' id='word_1_194' title='bbox 811 2973 901 3022; x_wconf 84' lang='lat' dir='ltr'>mox</span> <span class='ocrx_word' id='word_1_195' title='bbox 928 2945 1064 3022; x_wconf 81' lang='lat' dir='ltr'>effusos</span> <span class='ocrx_word' id='word_1_196' title='bbox 1095 2944 1218 3023; x_wconf 82' lang='lat' dir='ltr'>hostes</span> <span class='ocrx_word' id='word_1_197' title='bbox 1242 2947 1373 3026; x_wconf 81' lang='lat' dir='ltr'>invadi</span> <span class='ocrx_word' id='word_1_198' title='bbox 1392 2978 1518 3058; x_wconf 78' lang='lat' dir='ltr'>posse3</span> 
     </span>
     <span class='ocr_line' id='line_1_23' title="bbox 129 3060 1517 3180; baseline 0.007 -35"><span class='ocrx_word' id='word_1_199' title='bbox 129 3072 322 3173; x_wconf 84' lang='lat' dir='ltr'>Romanos,</span> <span class='ocrx_word' id='word_1_200' title='bbox 339 3072 452 3149; x_wconf 89' lang='lat' dir='ltr'>sicuti</span> <span class='ocrx_word' id='word_1_201' title='bbox 475 3070 692 3179; x_wconf 87' lang='lat' dir='ltr'>plerosque,</span> <span class='ocrx_word' id='word_1_202' title='bbox 717 3086 861 3149; x_wconf 91' lang='lat' dir='ltr'>remoto</span> <span class='ocrx_word' id='word_1_203' title='bbox 878 3086 1005 3161; x_wconf 89' lang='lat' dir='ltr'>metu,</span> <span class='ocrx_word' id='word_1_204' title='bbox 1032 3070 1155 3147; x_wconf 85' lang='lat' dir='ltr'>laxius</span> <span class='ocrx_word' id='word_1_205' title='bbox 1178 3070 1431 3180; x_wconf 80' lang='lat' dir='ltr'>licentiusque</span> <span class='ocrx_word' id='word_1_206' title='bbox 1454 3060 1517 3155; x_wconf 80' lang='lat' dir='ltr'>fu·</span> 
     </span>
     <span class='ocr_line' id='line_1_24' title="bbox 130 3192 1566 3301; baseline 0.002 -24"><span class='ocrx_word' id='word_1_207' title='bbox 130 3212 229 3277; x_wconf 80' lang='lat' dir='ltr'>turos</span> <span class='ocrx_word' id='word_1_208' title='bbox 277 3198 453 3276; x_wconf 87' lang='lat' dir='ltr'>Metellus</span> <span class='ocrx_word' id='word_1_209' title='bbox 476 3195 619 3273; x_wconf 88' lang='lat' dir='ltr'>interea</span> <span class='ocrx_word' id='word_1_210' title='bbox 637 3198 796 3271; x_wconf 85' lang='lat' dir='ltr'>Romam</span> <span class='ocrx_word' id='word_1_211' title='bbox 812 3192 1024 3301; x_wconf 81' lang='lat' dir='ltr'>profectus,</span> <span class='ocrx_word' id='word_1_212' title='bbox 1048 3210 1181 3271; x_wconf 88' lang='lat' dir='ltr'>contra</span> <span class='ocrx_word' id='word_1_213' title='bbox 1199 3221 1305 3301; x_wconf 89' lang='lat' dir='ltr'>spem</span> <span class='ocrx_word' id='word_1_214' title='bbox 1323 3221 1432 3277; x_wconf 89' lang='lat' dir='ltr'>suam</span> <span class='ocrx_word' id='word_1_215' title='bbox 1448 3199 1566 3279; x_wconf 64' lang='lat' dir='ltr'>leat</span> 
     </span>
    </p>
   </div>
   <div class='ocr_carea' id='block_1_3' title="bbox 131 3398 706 3485">
    <p class='ocr_par' dir='ltr' id='par_1_3' title="bbox 131 3398 706 3485">
     <span class='ocr_line' id='line_1_25' title="bbox 131 3398 706 3485; baseline 0.002 -26"><span class='ocrx_word' id='word_1_216' title='bbox 131 3398 706 3485; x_wconf 72' lang='lat' dir='ltr'>t.g.i.t.1.Ert.Bne1.t.ttem.1‚t</span> 
     </span>
    </p>
   </div>
   <div class='ocr_carea' id='block_1_4' title="bbox 130 3522 1516 3924">
    <p class='ocr_par' dir='ltr' id='par_1_4' title="bbox 130 3522 1516 3924">
     <span class='ocr_line' id='line_1_26' title="bbox 200 3522 1514 3617; baseline 0.001 -23"><span class='ocrx_word' id='word_1_217' title='bbox 200 3534 271 3617; x_wconf 80' lang='lat' dir='ltr'>Cap.</span> <span class='ocrx_word' id='word_1_218' title='bbox 282 3534 331 3596; x_wconf 82' lang='lat'>86.</span> <span class='ocrx_word' id='word_1_219' title='bbox 352 3541 461 3595; x_wconf 81' lang='lat' dir='ltr'>erectos</span> <span class='ocrx_word' id='word_1_220' title='bbox 479 3528 560 3590; x_wconf 79' lang='lat' dir='ltr'>Laid.</span> <span class='ocrx_word' id='word_1_221' title='bbox 574 3528 600 3593; x_wconf 85' lang='lat' dir='ltr'>t.</span> <span class='ocrx_word' id='word_1_222' title='bbox 613 3550 654 3588; x_wconf 86' lang='lat' dir='ltr'>m.</span> <span class='ocrx_word' id='word_1_223' title='bbox 675 3525 742 3589; x_wconf 75' lang='lat' dir='ltr'>aliis</span> <span class='ocrx_word' id='word_1_224' title='bbox 756 3524 872 3587; x_wconf 69' lang='lat' dir='ltr'>netto</span> <span class='ocrx_word' id='word_1_225' title='bbox 889 3522 975 3585; x_wconf 63' lang='lat' dir='ltr'>retr.</span> <span class='ocrx_word' id='word_1_226' title='bbox 994 3546 1019 3587; x_wconf 85' lang='lat'>1.</span> <span class='ocrx_word' id='word_1_227' title='bbox 1038 3524 1106 3587; x_wconf 80' lang='lat' dir='ltr'>Ecc.</span> <span class='ocrx_word' id='word_1_228' title='bbox 1134 3526 1261 3605; x_wconf 71' lang='lat' dir='ltr'>bgotum</span> <span class='ocrx_word' id='word_1_229' title='bbox 1280 3546 1343 3589; x_wconf 82' lang='lat' dir='ltr'>om.</span> <span class='ocrx_word' id='word_1_230' title='bbox 1362 3528 1445 3591; x_wconf 75' lang='lat' dir='ltr'>tett.</span> <span class='ocrx_word' id='word_1_231' title='bbox 1457 3553 1483 3594; x_wconf 84' lang='lat' dir='ltr'>c.</span> <span class='ocrx_word' id='word_1_232' title='bbox 1493 3537 1514 3597; x_wconf 91' lang='grc' dir='ltr'>Ι.</span> 
     </span>
     <span class='ocr_line' id='line_1_27' title="bbox 130 3628 1514 3721; baseline 0.002 -24"><span class='ocrx_word' id='word_1_233' title='bbox 130 3654 252 3701; x_wconf 77' lang='lat' dir='ltr'>macero</span> <span class='ocrx_word' id='word_1_234' title='bbox 270 3642 311 3701; x_wconf 85' lang='lat' dir='ltr'>ita</span> <span class='ocrx_word' id='word_1_235' title='bbox 322 3638 444 3721; x_wconf 86' lang='lat' dir='ltr'>plurimi</span> <span class='ocrx_word' id='word_1_236' title='bbox 459 3632 549 3706; x_wconf 87' lang='lat' dir='ltr'>libri,</span> <span class='ocrx_word' id='word_1_237' title='bbox 567 3652 603 3691; x_wconf 84' lang='lat' dir='ltr'>ex</span> <span class='ocrx_word' id='word_1_238' title='bbox 623 3632 704 3693; x_wconf 81' lang='lat' dir='ltr'>Leid.</span> <span class='ocrx_word' id='word_1_239' title='bbox 718 3652 746 3693; x_wconf 81' lang='lat' dir='ltr'>a.</span> <span class='ocrx_word' id='word_1_240' title='bbox 761 3632 781 3691; x_wconf 82' lang='lat' dir='ltr'>s.</span> <span class='ocrx_word' id='word_1_241' title='bbox 795 3632 816 3691; x_wconf 88' lang='lat' dir='ltr'>l.</span> <span class='ocrx_word' id='word_1_242' title='bbox 830 3630 893 3693; x_wconf 73' lang='lat' dir='ltr'>kl.</span> <span class='ocrx_word' id='word_1_243' title='bbox 907 3649 947 3690; x_wconf 78' lang='lat' dir='ltr'>m.</span> <span class='ocrx_word' id='word_1_244' title='bbox 968 3648 1048 3693; x_wconf 78' lang='lat' dir='ltr'>curre</span> <span class='ocrx_word' id='word_1_245' title='bbox 1063 3628 1161 3694; x_wconf 76' lang='lat' dir='ltr'>Guett</span> <span class='ocrx_word' id='word_1_246' title='bbox 1171 3632 1200 3703; x_wconf 76' lang='lat' dir='ltr'>d.</span> <span class='ocrx_word' id='word_1_247' title='bbox 1216 3652 1257 3693; x_wconf 82' lang='lat' dir='ltr'>m.</span> <span class='ocrx_word' id='word_1_248' title='bbox 1265 3653 1311 3712; x_wconf 86' lang='lat' dir='ltr'>pr.</span> <span class='ocrx_word' id='word_1_249' title='bbox 1325 3635 1413 3698; x_wconf 79' lang='lat' dir='ltr'>ceteri</span> <span class='ocrx_word' id='word_1_250' title='bbox 1432 3636 1514 3701; x_wconf 63' lang='lat' dir='ltr'>laid.</span> 
     </span>
     <span class='ocr_line' id='line_1_28' title="bbox 130 3733 1516 3826; baseline 0.002 -28"><span class='ocrx_word' id='word_1_251' title='bbox 130 3759 218 3806; x_wconf 77' lang='lat' dir='ltr'>omnes</span> <span class='ocrx_word' id='word_1_252' title='bbox 227 3746 323 3817; x_wconf 74' lang='lat' dir='ltr'>mvii,</span> <span class='ocrx_word' id='word_1_253' title='bbox 344 3743 474 3826; x_wconf 86' lang='lat' dir='ltr'>quinque</span> <span class='ocrx_word' id='word_1_254' title='bbox 488 3739 602 3801; x_wconf 81' lang='lat' dir='ltr'>Wossii.</span> <span class='ocrx_word' id='word_1_255' title='bbox 630 3758 704 3799; x_wconf 81' lang='lat' dir='ltr'>cura</span> <span class='ocrx_word' id='word_1_256' title='bbox 728 3737 796 3799; x_wconf 74' lang='lat' dir='ltr'>tec.</span> <span class='ocrx_word' id='word_1_257' title='bbox 815 3734 865 3799; x_wconf 74' lang='lat' dir='ltr'>Ac.</span> <span class='ocrx_word' id='word_1_258' title='bbox 886 3733 1187 3797; x_wconf 65' lang='lat' dir='ltr'>commutatust.</span> <span class='ocrx_word' id='word_1_259' title='bbox 1208 3734 1307 3799; x_wconf 83' lang='lat' dir='ltr'>Pemb.</span> <span class='ocrx_word' id='word_1_260' title='bbox 1327 3758 1369 3799; x_wconf 85' lang='lat' dir='ltr'>m.</span> <span class='ocrx_word' id='word_1_261' title='bbox 1383 3759 1429 3819; x_wconf 87' lang='lat' dir='ltr'>pr.</span> <span class='ocrx_word' id='word_1_262' title='bbox 1460 3762 1516 3824; x_wconf 82' lang='grc' dir='ltr'>ορ-</span> 
     </span>
     <span class='ocr_line' id='line_1_29' title="bbox 130 3836 1514 3924; baseline -0.002 -13"><span class='ocrx_word' id='word_1_263' title='bbox 130 3858 235 3922; x_wconf 74' lang='lat' dir='ltr'>pertus.</span> <span class='ocrx_word' id='word_1_264' title='bbox 256 3849 411 3911; x_wconf 82' lang='lat' dir='ltr'>deteriores</span> <span class='ocrx_word' id='word_1_265' title='bbox 423 3844 492 3907; x_wconf 80' lang='lat' dir='ltr'>litut</span> <span class='ocrx_word' id='word_1_266' title='bbox 514 3847 617 3909; x_wconf 77' lang='lat' dir='ltr'>astrol</span> <span class='ocrx_word' id='word_1_267' title='bbox 636 3852 701 3909; x_wconf 77' lang='lat' dir='ltr'>crat</span> <span class='ocrx_word' id='word_1_268' title='bbox 721 3840 845 3911; x_wconf 77' lang='lat' dir='ltr'>addunt.</span> <span class='ocrx_word' id='word_1_269' title='bbox 866 3838 940 3901; x_wconf 74' lang='lat' dir='ltr'>dieb.</span> <span class='ocrx_word' id='word_1_270' title='bbox 955 3857 1043 3924; x_wconf 82' lang='lat' dir='ltr'>pauc.</span> <span class='ocrx_word' id='word_1_271' title='bbox 1060 3836 1146 3901; x_wconf 78' lang='lat' dir='ltr'>Febr.</span> <span class='ocrx_word' id='word_1_272' title='bbox 1174 3838 1243 3907; x_wconf 86' lang='lat' dir='ltr'>Tur.</span> <span class='ocrx_word' id='word_1_273' title='bbox 1263 3840 1325 3903; x_wconf 73' lang='lat' dir='ltr'>ta.</span> <span class='ocrx_word' id='word_1_274' title='bbox 1346 3840 1376 3917; x_wconf 69' lang='grc'>4.</span> <span class='ocrx_word' id='word_1_275' title='bbox 1401 3843 1514 3907; x_wconf 73' lang='lat' dir='ltr'>videret</span> 
     </span>
    </p>
   </div>
   <div class='ocr_carea' id='block_1_5' title="bbox 132 3954 1515 4271">
    <p class='ocr_par' dir='ltr' id='par_1_5' title="bbox 132 3954 1515 4271">
     <span class='ocr_line' id='line_1_30' title="bbox 132 3954 322 4029; baseline 0.005 -9"><span class='ocrx_word' id='word_1_276' title='bbox 132 3968 185 4029; x_wconf 65' lang='grc' dir='ltr'><strong>Μ</strong></span> <span class='ocrx_word' id='word_1_277' title='bbox 201 3954 283 4021; x_wconf 75' lang='lat' dir='ltr'>tem.</span> <span class='ocrx_word' id='word_1_278' title='bbox 296 3976 322 4021; x_wconf 93' lang='grc' dir='ltr'>ι.</span> 
     </span>
     <span class='ocr_line' id='line_1_31' title="bbox 201 4068 1515 4167; baseline -0.008 -22"><span class='ocrx_word' id='word_1_279' title='bbox 201 4082 273 4166; x_wconf 81' lang='lat' dir='ltr'>Cap.</span> <span class='ocrx_word' id='word_1_280' title='bbox 285 4084 335 4167; x_wconf 81' lang='lat'>87.</span> <span class='ocrx_word' id='word_1_281' title='bbox 355 4076 423 4163; x_wconf 71' lang='lat' dir='ltr'>cepi</span> <span class='ocrx_word' id='word_1_282' title='bbox 439 4074 537 4140; x_wconf 74' lang='lat' dir='ltr'>occidi</span> <span class='ocrx_word' id='word_1_283' title='bbox 555 4073 668 4141; x_wconf 75' lang='lat' dir='ltr'>Febris.</span> <span class='ocrx_word' id='word_1_284' title='bbox 681 4095 709 4139; x_wconf 81' lang='lat' dir='ltr'>a.</span> <span class='ocrx_word' id='word_1_285' title='bbox 735 4071 838 4137; x_wconf 72' lang='lat' dir='ltr'>incedi</span> <span class='ocrx_word' id='word_1_286' title='bbox 851 4089 941 4157; x_wconf 80' lang='lat' dir='ltr'>poteo.</span> <span class='ocrx_word' id='word_1_287' title='bbox 957 4088 1040 4155; x_wconf 74' lang='lat' dir='ltr'>potet</span> <span class='ocrx_word' id='word_1_288' title='bbox 1059 4088 1121 4134; x_wconf 81' lang='lat' dir='ltr'>om.</span> <span class='ocrx_word' id='word_1_289' title='bbox 1142 4068 1241 4135; x_wconf 82' lang='lat' dir='ltr'>Grell.</span> <span class='ocrx_word' id='word_1_290' title='bbox 1256 4070 1286 4141; x_wconf 78' lang='lat'>3.</span> <span class='ocrx_word' id='word_1_291' title='bbox 1315 4070 1402 4140; x_wconf 74' lang='lat' dir='ltr'>latim</span> <span class='ocrx_word' id='word_1_292' title='bbox 1420 4073 1515 4141; x_wconf 61' lang='lat' dir='ltr'>doen·</span> 
     </span>
     <span class='ocr_line' id='line_1_32' title="bbox 133 4182 565 4271; baseline -0.025 -16"><span class='ocrx_word' id='word_1_293' title='bbox 133 4182 227 4271; x_wconf 61' lang='lat' dir='ltr'>deque</span> <span class='ocrx_word' id='word_1_294' title='bbox 244 4190 314 4255; x_wconf 71' lang='lat' dir='ltr'>Vm.</span> <span class='ocrx_word' id='word_1_295' title='bbox 334 4187 386 4251; x_wconf 76' lang='lat' dir='ltr'>Ae.</span> <span class='ocrx_word' id='word_1_296' title='bbox 406 4184 505 4253; x_wconf 80' lang='lat' dir='ltr'>Guell.</span> <span class='ocrx_word' id='word_1_297' title='bbox 518 4204 565 4245; x_wconf 85' lang='lat' dir='ltr'>rr.</span> 
     </span>
    </p>
   </div>
   <div class='ocr_carea' id='block_1_6' title="bbox 1138 4296 1165 4359">
    <p class='ocr_par' dir='ltr' id='par_1_6' title="bbox 1138 4296 1165 4359">
     <span class='ocr_line' id='line_1_33' title="bbox 1138 4296 1165 4359; baseline 0 0"><span class='ocrx_word' id='word_1_298' title='bbox 1138 4296 1165 4359; x_wconf 64' lang='lat' dir='ltr'>tl</span> 
     </span>
    </p>
   </div>
   <div class='ocr_carea' id='block_1_7' title="bbox 0 0 2030 5009">
    <p class='ocr_par' dir='ltr' id='par_1_7' title="bbox 0 0 2030 5009">
     <span class='ocr_line' id='line_1_34' title="bbox 0 0 2030 5009; baseline 0 1"><span class='ocrx_word' id='word_1_299' title='bbox 0 0 2030 5009; x_wconf 95' lang='lat' dir='ltr'> </span> 
     </span>
    </p>
   </div>
  </div>
 </body>
</html>
