4050 5009
396 397 447 493 64

394 605 485 655 vero
505 595 703 684 maxume,
726 579 792 656 sed
813 579 951 658 inertia
975 596 1017 655 et
1041 580 1203 657 mollitia
1225 579 1365 672 animi,
1390 578 1489 656 alius
1515 575 1639 656 alium
1655 597 1811 678 exspec-

395 717 519 780 tantes
537 705 798 789 cunctamini.
822 704 881 780 dis
903 705 1183 782 immortalibus
1200 704 1350 795 conlisi,
1374 703 1444 808 qui
1466 701 1571 778 hanc
1591 691 1807 806 rempubli-

393 851 479 904 cam
497 828 541 905 in
560 830 749 904 maxumis
766 853 866 933 saepe
888 827 1068 932 periculis
1086 855 1284 906 movere
1318 829 1406 906 Non
1423 827 1539 918 rotis,
1564 850 1691 930 neque
1712 848 1806 928 sup-

393 952 519 1056 pliciis
538 953 793 1030 muliebribus
814 952 957 1028 auxilia
974 950 1136 1028 deorum
1154 969 1368 1058 parentur:
1403 949 1615 1058 vigilando,
1640 946 1810 1055 agendo,

393 1075 491 1150 hene
511 1077 748 1153 consulendo
769 1101 949 1182 prospera
967 1076 1097 1152 omnia
1121 1077 1288 1153 cedunt:
1312 1077 1380 1154 ubi
1408 1075 1589 1152 socculioe
1621 1090 1658 1150 te
1687 1089 1810 1175 utque

392 1200 552 1304 ignaviae
581 1201 803 1290 tradideris,
837 1199 1097 1302 nequicquam
1127 1199 1215 1276 deos
1239 1199 1439 1304 implores3
1474 1199 1562 1274 irati
1598 1196 1809 1300 infestique

389 1341 489 1398 sunt.
528 1326 643 1429 Apud
662 1326 823 1400 maiores
850 1338 997 1399 nostros
1022 1327 1064 1397 Α.
1080 1323 1249 1399 Manlius
1268 1325 1486 1417 Torquatus
1516 1323 1619 1399 bello
1647 1319 1806 1396 Gallico

392 1446 518 1522 filium
544 1473 680 1538 suum,
717 1447 825 1552 quod
852 1446 883 1522 is
904 1461 1039 1528 contra
1072 1447 1276 1552 imperium
1307 1446 1350 1524 in
1379 1445 1527 1523 hostem
1548 1460 1808 1553 pugnaverat,

390 1572 519 1646 necari
541 1572 673 1657 iussit,
699 1589 816 1675 etque
843 1570 910 1646 ille
932 1569 1101 1675 egregius
1121 1569 1339 1646 adulescens
1357 1569 1804 1648 immoderatae-sortitu-

389 1693 491 1769 dinis
518 1711 643 1770 morte
669 1721 804 1799 poenas
832 1693 948 1770 dedit
989 1697 1067 1768 Vos
1088 1692 1137 1770 de
1159 1693 1439 1772 crudelissumis
1469 1693 1672 1800 parricidis
1700 1693 1804 1796 quid

387 1819 578 1910 statuatis,
612 1819 876 1895 cunctamini?
919 1815 1110 1894 Videlicet
1133 1818 1209 1893 vitu
1233 1835 1356 1894 cetera
1383 1845 1518 1895 eorum
1543 1818 1639 1896 huic
1667 1819 1805 1897 sceleri

388 1942 520 2018 obstat
555 1946 702 2018 Verum
720 1943 866 2046 parcite
887 1939 1066 2046 dignitati
1089 1941 1263 2032 Lentuli,
1295 1941 1326 2016 si
1353 1941 1432 2046 ipse
1455 1944 1669 2049 pudicitie,
1693 1943 1724 2018 si
1743 1943 1804 2018 la·

386 2091 460 2141 mee
479 2091 575 2157 suae,
599 2067 632 2141 si
655 2065 714 2141 dis
736 2081 805 2140 aut
824 2063 1049 2139 bominibus
1076 2092 1262 2168 umquam
1291 2063 1381 2141 ullis
1397 2067 1589 2171 pepercit:
1617 2067 1806 2172 ignoscite

387 2189 543 2295 Cethegi
563 2189 851 2281 adulescentioe3
874 2187 947 2264 nisi
967 2189 1107 2264 iterum
1125 2191 1259 2293 patriae
1278 2189 1426 2266 bellum
1448 2191 1547 2268 lecit.
1586 2192 1685 2266 Nam
1698 2190 1803 2294 quid

385 2339 454 2419 ego
476 2314 525 2388 de
542 2312 731 2400 Gabinio,
763 2311 936 2402 Statilio,
969 2313 1145 2416 Coepatio
1179 2312 1343 2416 loquar?
1368 2315 1510 2418 quibus
1530 2315 1561 2390 si
1583 2315 1802 2419 qtricqtaum

384 2444 574 2539 umquam
589 2435 696 2539 pensi
720 2433 866 2525 fuisset,
892 2461 972 2510 non
998 2461 1043 2511 ea
1075 2435 1232 2512 consilia
1262 2436 1310 2512 de
1332 2438 1529 2543 republica
1562 2437 1800 2523 habuissent

386 2563 600 2646 Postremo,
624 2561 751 2631 Patres
771 2557 997 2662 conscripti,
1021 2559 1052 2634 si
1072 2556 1289 2636 mehercule
1304 2577 1459 2665 peccato
1480 2562 1586 2640 locus
1601 2582 1711 2654 esset,
1738 2563 1800 2640 l'a—

383 2682 457 2757 cile
476 2696 644 2784 paterer,
672 2705 736 2756 vos
761 2679 841 2784 ipsa
861 2705 904 2756 re
927 2681 1081 2788 corrigi,
1099 2681 1283 2786 quoniam
1302 2685 1417 2762 verba
1442 2687 1705 2781 contemnitis,
1727 2689 1801 2764 sed

382 2908 519 2976 lectione,
529 2904 615 2964 Beru.
627 2903 656 2974 l.
677 2912 765 2982 alque
780 2903 869 2963 eliam
883 2914 1024 2966 armatos.
1044 2906 1134 2966 etiem
1150 2907 1235 2966 omis.
1249 2907 1396 2972 Commel.
1423 2907 1510 2968 Pelet.
1528 2930 1554 2968 1.
1567 2929 1596 2970 a.
1616 2909 1712 2971 Stmv.
1731 2785 1859 2971 ζ

379 3011 454 3072 bric.
469 3021 564 3090 uterq.
584 3008 651 3068 lice.
672 3007 771 3068 Guell.
789 3028 815 3067 ι.
826 3008 854 3067 3.
871 3008 900 3067 5.
920 3009 989 3092 Teg.
1009 3029 1047 3069 nc
1066 3009 1121 3070 isto
1137 3010 1216 3072 vobis
1228 3031 1321 3072 matu.
1347 3011 1456 3086 timec,
1475 3033 1597 3085 vercor,
1620 3024 1716 3076 ccmo
1733 3017 1799 3076 ad-

380 3117 457 3178 dunt
471 3115 533 3174 Bas.
545 3133 573 3174 ι.
586 3117 614 3176 3.
634 3113 731 3174 Strut-
752 3112 850 3172 Gueli.
860 3135 888 3194 7.
899 3113 929 3174 8.
944 3134 991 3174 ιι.
1010 3115 1114 3178 ineert.
1131 3136 1155 3175 1.
1176 3114 1273 3176 Guell.
1288 3137 1317 3197 9.
1331 3117 1360 3181 6.
1374 3127 1476 3178 venet.
1491 3139 1569 3178 unus
1583 3118 1671 3180 lliuii.
1691 3131 1796 3182 uenat

378 3222 476 3282 Guell.
494 3221 522 3279 5.
551 3227 687 3278 vertebar
702 3219 749 3276 vel
764 3227 954 3279 conversum·
971 3220 1068 3278 ceteri.
1097 3229 1334 3281 concertaturum
1347 3221 1461 3282 Wessii.
1481 3221 1544 3283 Bas.
1561 3223 1591 3284 3.
1612 3223 1698 3285 Bern.
1715 3224 1747 3286 3.
1760 3229 1794 3298 Α.

377 3347 422 3387 res
433 3345 536 3414 aspera
555 3333 596 3382 est
616 3321 687 3382 Feb.
699 3341 726 3380 a.
747 3322 795 3382 dis
809 3321 877 3383 Vin.
894 3341 921 3382 a.
935 3321 1006 3381 Feb.
1022 3343 1048 3381 ι.
1069 3323 1155 3384 licus.
1176 3326 1243 3385 Seu.
1260 3345 1287 3386 2.
1309 3325 1393 3386 Bern.
1409 3329 1438 3398 d.
1455 3349 1597 3409 prospera
1610 3333 1698 3414 louge
1706 3335 1791 3412 plur.

376 3432 454 3490 libri.
476 3426 639 3489 trulirleria
657 3426 743 3484 omis.
768 3426 867 3486 Guell.
891 3428 919 3486 5.
949 3435 978 3485 te
1000 3446 1061 3486 cm.
1077 3427 1167 3488 Guell
1180 3429 1209 3494 6.
1238 3429 1300 3490 Bas.
1319 3451 1347 3490 a.
1367 3440 1423 3491 tete
1439 3451 1542 3494 omnes
1557 3435 1639 3502 Leid.
1664 3437 1736 3515 (exc.
1757 3439 1789 3499 k.

376 3537 427 3613 qui
442 3529 661 3614 proueniunt.)
690 3539 719 3588 te
733 3549 835 3590 omncs
849 3529 942 3591 Cottii
955 3529 1022 3592 libr.
1040 3553 1138 3612 grave
1149 3555 1251 3615 peenas
1269 3537 1361 3596 dedit.
1383 3536 1480 3597 Guell.
1492 3537 1521 3604 3.
1534 3537 1572 3600 A.
1585 3540 1682 3602 Mani.
1696 3541 1789 3624 Tor-q.

375 3637 553 3697 omniafere
570 3632 649 3692 libri.
671 3632 703 3690 Τ.
723 3632 819 3692 Guell.
836 3654 882 3693 ιι.
909 3653 1039 3714 utquam
1061 3635 1128 3696 ullis
1147 3659 1208 3696 om.
1236 3640 1333 3700 Gueli.
1350 3643 1380 3702 5.
1416 3642 1483 3720 ullis
1498 3645 1618 3724 uiridem
1638 3645 1736 3714 Gucll.
1755 3651 1788 3711 6.

375 3740 477 3800 lleuss.
497 3757 627 3815 uuquam
645 3735 722 3794 delet
740 3735 821 3796 leid.
837 3737 868 3796 b.
888 3738 955 3799 ullu
969 3741 1174 3806 om.,lllarl.1·.
1189 3741 1251 3802 Bas.
1265 3743 1294 3806 3.
1316 3767 1356 3804 ιιι.
1369 3737 1425 3806 sec.
1446 3749 1573 3809 alterum
1592 3751 1654 3812 ium
1673 3756 1789 3834 putriae

373 3844 443 3904 i'in.
461 3863 488 3900 a.
509 3841 577 3902 Ecc.
599 3839 698 3899 Gucll'.
712 3839 741 3899 3.
759 3843 787 3900 5.
809 3841 933 3903 Perisd.
952 3843 1033 3903 leid.
1046 3866 1073 3904 e.
1090 3867 1170 3905 vursus
1177 3847 1267 3908 ilirii.
1287 3849 1363 3910 Tur.
1381 3873 1406 3910 1.
1427 3873 1467 3932 ur.
1480 3874 1536 3916 sec.
1563 3855 1670 3918 ilerum
1685 3864 1788 3922 celeri.

373 3949 435 4006 iam
449 3947 535 4008 omis.
553 3943 616 4004 Bas.
634 3964 659 4001 ι.
672 3963 700 4002 a.
719 3943 832 4004 Fabric.
847 3947 958 4008 incerti.
978 3946 1081 4010 lirano.
1102 3954 1198 4030 plurra
1211 3953 1332 4026 Wessii‚
1352 3955 1450 4017 Senot.
1467 3980 1492 4018 ι.
1520 3959 1619 4022 Gucll.
1639 3983 1667 4025 a.
1684 3966 1714 4038 l.
1735 3988 1785 4030 ιι.

374 4050 459 4110 Paris.
470 4049 500 4108 b.
514 4069 540 4108 e.
552 4048 636 4125 feeit
648 4039 746 4108 Guelf.
762 4049 790 4107 6.
821 4047 923 4112 intulit
935 4055 1033 4132 plures
1047 4053 1123 4114 ltu-ii
1137 4067 1165 4115 et
1182 4057 1285 4118 ll'ussii
1299 4059 1377 4124 libri.
1408 4065 1783 4142 arquelzominu.ltu.1,

373 4174 512 4232 nmmum
527 4173 609 4231 pecu.
627 4152 690 4216 Bas.
709 4174 734 4212 ι.
752 4173 780 4217 2.
810 4153 922 4216 Febris.
937 4177 961 4214 ι.
982 4156 1123 4220 vinna.
1150 4161 1246 4221 Senot.
1266 4183 1292 4222 a.
1323 4162 1420 4226 Guell.
1436 4169 1463 4228 5.
1485 4191 1626 4251 umquam
1643 4195 1705 4239 om.
1727 4179 1785 4244 de.

373 4259 440 4326 Eec.
462 4260 520 4318 ine.
537 4278 562 4316 ι.
583 4257 680 4317 Guelf.
695 4278 719 4316 ι.
735 4260 764 4328 4.
777 4258 806 4322 6.
822 4279 869 4320 ιι.
893 4260 983 4322 verta
999 4282 1062 4324 mea
1082 4263 1150 4326 Vin.
1164 4285 1191 4326 ι.
1220 4269 1322 4330 incerti
1347 4269 1444 4334 Guell.
1455 4297 1486 4358 7.
1503 4295 1550 4338 ιι.
1571 4299 1677 4342 oannes
1694 4281 1783 4354 Leid.
