4050 5009
270 405 500 495 ¹,ritt'

368 614 417 666 ια.
439 600 490 662 35.
510 596 584 677 ejus
604 596 684 661 loco
701 593 888 679 aliquoties
904 591 1085 661 stationes
1107 601 1143 658 et
1161 584 1339 659 custodire
1360 592 1527 661 dicuntur
1543 600 1625 664 Caes.
1647 602 1684 665 Β.
1702 603 1777 673 (liv.

254 756 257 763 .
303 734 310 747 ·
369 725 398 765 1.
416 705 464 783 59.
485 702 559 765 liv.
579 704 609 766 5.
629 717 678 778 44.
708 705 804 784 quod
827 711 969 787 propter
988 700 1168 785 sequentia
1188 699 1316 784 aliquis
1335 699 1504 784 preferat.
1526 715 1603 788 post
1630 704 1780 775 bucina·
1885 790 1887 795 ι

367 818 449 874 tore
465 807 682 872 hauddubie
701 808 1011 899 interponendum:
1031 803 1175 871 relicto.
1197 826 1311 888 neque
1317 800 1430 895 fulta
1444 809 1545 872 nullo
1565 832 1643 874 casu
1658 814 1778 880 addito

365 913 612 985 benedictum
641 932 713 978 esse
739 913 894 993 videtum
921 932 1028 996 quare
1048 912 1220 977 'Frontino
1246 918 1387 976 auctore
1410 908 1775 995 palis.adjiciendum

367 1020 535 1084 existimo.
562 1040 684 1101 -17o.-
702 1016 752 1083 In
780 1040 819 1083 se
843 1024 1096 1084 converterent
1122 1028 1184 1082 etc.
1205 1017 1254 1081 itn'
1273 1016 1371 1081 facili
1395 1018 1591 1098 conjectura
1612 1027 1777 1089 emenda-

364 1126 465 1191 veris.
483 1127 547 1189 Sed
566 1123 702 1206 reliqua
720 1123 900 1190 restituere
921 1146 963 1190 eo
978 1122 1174 1209 difficilius,
1193 1126 1289 1205 quod
1303 1132 1337 1188 et
1355 1123 1526 1187 incertum
1539 1136 1606 1202 est,
1628 1149 1714 1191 num
1730 1133 1776 1193 ad

258 1244 263 1253 ’
367 1234 514 1296 eundem
528 1231 682 1315 Spartaci
694 1230 814 1294 dolum
828 1232 899 1295 sint
911 1231 1108 1314 referenda²
1122 1237 1155 1295 et
1172 1230 1275 1293 multi
1286 1212 1465 1294 literarum
1477 1233 1600 1296 ductus
1609 1242 1776 1301 vetustate

365 1356 465 1423 paene
484 1335 661 1419 exstincti,
681 1357 701 1398 a
712 1336 867 1401 librariis
880 1338 973 1403 male
983 1336 1113 1401 exarati
1132 1356 1204 1401 esse
1220 1334 1393 1405 ridentur.
1416 1339 1535 1419 Itaque
1552 1338 1627 1403 haec
1639 1340 1774 1427 integra

365 1442 501 1508 restitui
523 1462 595 1505 non
613 1450 773 1526 possunt,
792 1444 861 1507 nisi
879 1442 966 1507 solia
981 1443 1047 1506 iste
1066 1441 1257 1507 accuratius
1281 1441 1473 1505 examinata
1494 1441 1633 1507 luerint.
1653 1448 1775 1528 Itaque

365 1549 405 1612 in
414 1548 539 1612 talibus
552 1547 689 1611 facilius
698 1557 748 1613 est
759 1548 929 1613 hariolari
939 1570 1041 1632 qnam
1051 1547 1250 1632 probabiles
1260 1566 1452 1632 proponere
1461 1547 1774 1633 conjecturasque·

365 1673 403 1718 re
416 1656 489 1717 haec
502 1652 642 1717 Kritziis
653 1652 875 1737 ejusdemque
883 1655 1004 1720 farinae
1019 1644 1224 1718 hominibus
1235 1652 1445 1719 restituenda
1459 1654 1630 1737 relinquo.
1651 1688 1670 1704 -
1681 1678 1748 1737 ¹7¹·
1758 1689 1774 1702 -
1807 1646 1811 1659 '

364 1759 475 1838 Hujus
501 1780 640 1841 quoque
662 1759 847 1846 fragmenti
877 1760 1014 1823 initium
1041 1770 1076 1825 et
1105 1767 1361 1844 corruptumst
1386 1760 1558 1823 mutilum.
1591 1760 1694 1823 Multi
1717 1762 1773 1825 vel

364 1866 457 1929 hunc
476 1866 592 1929 locum
609 1865 714 1929 variis
733 1866 938 1945 conjecturis
959 1872 1196 1949 tentaverunt,
1216 1885 1301 1947 quas
1313 1865 1456 1930 laudare
1473 1885 1772 1951 supervacaneum,
1802 1933 1805 1941 Ι

264 2038 269 2045 ,
365 1992 443 2034 cum
460 1972 666 2036 Garatonius
683 1974 728 2033 ad
745 1956 818 2038 Cic.
839 1992 904 2054 pro
925 1972 1048 2036 Flacco
1062 1994 1091 2036 c.
1118 1978 1164 2035 13.
1183 1994 1217 2057 p.
1242 1973 1311 2035 182.
1329 1970 1523 2036 acutissime
1545 1973 1672 2036 dehoc
1692 1971 1771 2037 loco

364 2078 485 2163 egerit.
512 2098 617 2159 quam
637 2086 756 2142 notam
780 2077 1014 2142 doctissimam
1034 2082 1079 2142 ad
1101 2079 1247 2143 verbum
1267 2079 1560 2145 transcribendam
1585 2098 1656 2143 esse
1676 2077 1774 2157 judi·

326 2171 329 2176 *
367 2183 451 2247 cari.
470 2186 535 2258 ..R
560 2184 704 2250 Varino
726 2185 907 2250 Proetore.
937 2187 991 2247 Ita
1011 2204 1132 2249 omnes
1152 2183 1257 2249 libri:
1289 2188 1454 2250 mendose
1473 2194 1589 2249 tamen
1609 2184 1772 2269 scriptum

364 2289 520 2365 videtur,
550 2291 622 2354 sive
641 2311 707 2375 pro
731 2278 912 2374 Virtute,
942 2294 1039 2373 quod
1067 2292 1200 2377 placuit
1225 2290 1369 2377 sigonio
1394 2293 1440 2354 ad
1465 2290 1541 2357 Liv.
1560 2290 1648 2374 Epit.
1675 2290 1770 2355 XCV.

364 2396 538 2479 planeque
557 2418 676 2459 verum
698 2403 800 2479 esset,
821 2396 850 2459 si
870 2406 963 2461 certo
982 2398 1169 2476 sciremus,
1188 2400 1282 2459 hunc
1306 2416 1377 2461 esse
1396 2396 1499 2457 illum
1522 2394 1773 2481 eundem,qui

364 2520 458 2565 anno
476 2503 658 2564 Dcuxxx.
680 2502 808 2565 Praetor
823 2504 984 2566 adversus
999 2503 1198 2585 Spartacum
1212 2500 1335 2565 missus
1348 2508 1414 2584 est,
1435 2520 1595 2582 annoque
1609 2508 1774 2581 sequente

366 2606 482 2689 potuit
500 2626 580 2669 sane
597 2606 711 2668 Asiam
727 2625 792 2690 pro
807 2608 954 2672 Praetore
972 2608 1073 2671 solita
1089 2626 1130 2670 ex
1144 2606 1325 2671 sortitione
1344 2606 1510 2669 obtinere.
1533 2604 1627 2689 Quin
1640 2605 1770 2669 etenim

366 2708 429 2771 ille
446 2710 492 2774 P.
522 2706 700 2775 Variaius
724 2713 859 2777 Glaber
877 2714 1125 2799 appellaretur,
1155 2712 1308 2775 dubitari
1330 2710 1462 2793 nequit.
1486 2711 1633 2775 Consule
1657 2709 1771 2775 Vinet.

367 2800 412 2878 a'd
431 2816 521 2881 Flor.
544 2820 605 2882 111.
629 2840 675 2882 ao.
698 2828 732 2885 et
749 2821 907 2885 Oudend.
927 2823 972 2885 ad
996 2808 1155 2883 Frontin.
1175 2818 1282 2905 Strag.
1303 2820 1328 2880 l.
1349 2822 1377 2880 5.
1399 2840 1448 2881 ar.
1468 2819 1584 2899 Neque
1599 2814 1771 2878 Cl.·Drak.

365 2925 410 2988 Ρ.
433 2926 620 2990 Varenum
640 2928 818 3015 edidisset,
839 2930 870 2993 si
889 2928 1122 3014 praestantiam
1140 2946 1258 2992 earum
1281 2924 1560 2991 membranarum
1580 2930 1770 3011 cognosset,
1789 2958 1791 2963 ·

246 3114 251 3125 Ι
367 3050 408 3095 ex
429 3033 554 3112 quibus
573 3032 763 3119 fragmenta
790 3040 943 3117 quedam
964 3034 1077 3100 edidit
1097 3037 1204 3099 Janus
1224 3034 1359 3120 Doura,
1387 3055 1463 3117 quae
1483 3031 1625 3095 Salustii
1647 3038 1772 3123 putan-

367 3144 439 3218 tur,
466 3146 499 3199 et
527 3158 604 3200 cum
631 3140 780 3206 Salustio
807 3145 990 3207 cuduntur.
1026 3144 1067 3203 In
1089 3145 1144 3205 ed.
1165 3140 1395 3222 Havercampi
1421 3146 1501 3201 sunt
1518 3140 1559 3199 T.
1580 3140 1622 3197 11.
1643 3157 1677 3218 p.
1702 3136 1770 3197 151.

370 3244 436 3306 15².
458 3243 650 3331 Schottum,
682 3250 745 3329 qui
764 3268 805 3313 ea
823 3251 855 3311 J.
874 3248 996 3333 Lipsio
1015 3245 1264 3328 transmiserat,
1301 3244 1429 3323 miror,
1459 3261 1500 3303 ex
1521 3239 1565 3301 iis
1586 3238 1773 3301 lectionem

369 3346 568 3433 Varinius,
597 3371 673 3432 quae
699 3356 883 3436 adoptetur
909 3353 948 3416 in
976 3350 1098 3415 Annal.
1124 3350 1222 3435 Pigh.
1247 3347 1419 3409 DCL'XXl.
1441 3364 1514 3407 nou
1535 3342 1771 3421 confirmasse,

366 3452 437 3515 imo
458 3457 645 3521 Praeturam
665 3458 702 3518 P.
721 3458 858 3523 Vatinii
878 3468 985 3522 totam
1006 3475 1071 3521 suo
1090 3456 1169 3519 loco
1189 3451 1452 3538 praetermisisse.
1473 3449 1579 3531 Atqui
1600 3450 1773 3513 membra-

365 3578 419 3623 nte
437 3558 509 3623 illae
529 3560 730 3647 virgilianis
750 3562 917 3630 Mediceis
936 3564 1029 3627 nihil
1048 3564 1092 3625 de
1112 3558 1318 3642 antiquitate
1339 3558 1559 3651 concedunt..
1580 3558 1696 3641 Quum
1717 3574 1772 3620 cas

367 3680 409 3724 ex
436 3669 634 3751 apographo
664 3670 837 3735 Gheranci
867 3669 977 3734 tribus
1005 3668 1085 3731 aliis
1114 3664 1317 3752 fragmentis
1346 3660 1515 3726 auctiores
1546 3670 1665 3725 nactus
1686 3665 1772 3725 esset

367 3766 617 3835 eruditissimus
630 3776 819 3852 Bimardus,
839 3776 1030 3839 maioribus
1051 3770 1186 3853 litteris,
1206 3777 1245 3834 ut
1265 3768 1570 3853 sunt'perscriptae,
1589 3765 1772 3851 publican-

367 3872 429 3933 das
450 3875 582 3936 curavit
601 3875 640 3937 in
659 3877 747 3942 Diss.
768 3881 795 3946 1.
815 3881 916 3947 Thes.
938 3884 1044 3943 Inscr.
1064 3880 1189 3939 Murat.
1210 3878 1401 3960 praemissa,
1423 3884 1456 3938 et
1477 3876 1569 3937 hunc
1588 3869 1698 3933 Tullii
1717 3871 1773 3933 lo-

366 3998 448 4041 cum
465 3997 507 4041 ex
525 3977 649 4042 iisdem
669 3983 801 4047 censuit
821 3987 1087 4049 emendandum.
1107 3984 1173 4046 Sed
1195 3979 1374 4044 annalium
1396 3980 1644 4059 maximorum,
1661 3974 1771 4039 libro-
1794 4018 1800 4027 -

335 4066 484 4150 'rumve
511 4086 699 4150 linteorum
726 4089 932 4172 particulam
959 4089 1167 4174 septimum
1187 4089 1288 4152 edere
1308 4086 1377 4150 sibi
1397 4083 1580 4169 persuasit,
1612 4083 1771 4167 ignarus,
1810 4104 1814 4111 ¹

367 4193 469 4256 obvia
497 4191 536 4257 in
555 4191 695 4258 Salustii
715 4196 793 4258 edd.
823 4193 891 4256 tria
919 4194 982 4259 illa
1003 4215 1075 4260 esse
1097 4194 1308 4279 fragmenta,
1335 4202 1369 4257 et
1393 4210 1491 4275 paene
1523 4188 1729 4253 adverbum
1750 4204 1771 4247 a

320 4350 334 4371 ,
367 4298 602 4367 Freinshemio
632 4300 804 4387 descripta
822 4300 997 4385 Supplem.
1018 4299 1092 4365 Liv.
1112 4300 1209 4366 XCV.
1232 4321 1262 4381 7·
1295 4307 1329 4363 et
1358 4316 1453 4379 seqq.
1483 4295 1546 4379 qui
1576 4294 1680 4359 etiam
1708 4289 1771 4357 illa-
