4050 5009
1634 404 1710 483 ¹¹9

107 587 110 591 “
173 622 177 628 ,
299 594 352 639 ro.
373 565 828 637 drC.Aurelio.Cottact'r.
847 567 916 635 cie.
935 568 981 635 de
1001 566 1198 634 0r.111.a=
1218 564 1596 657 ,prucuutebmport
1614 596 1710 645 rnor-

298 688 369 745 tem
388 676 500 743 Crassi
520 676 683 762 depulsor
703 696 766 763 per
785 674 955 741 invidiam
975 672 1173 753 tribunatu,
1194 690 1267 737 uon
1285 672 1404 741 multis
1429 676 1473 739 eb
1492 696 1536 743 eo
1555 689 1712 769 tempore

296 783 475 851 mentibus
492 782 618 863 ejectus
630 789 712 848 erte
728 780 897 847 civitate.t
918 780 992 861 ejus
1006 781 1139 847 reditur
1157 789 1444 845 commemoratur
1455 782 1525 848 Cic.
1547 788 1639 851 Brut.
1655 810 1709 873 9⁰·

296 893 447 959 eumdem
475 889 516 953 in
544 888 638 953 libro
669 890 713 954 de
738 888 885 951 Oratore
901 886 1102 967 loquentem
1132 886 1314 952 inductum
1341 905 1427 965 esee,
1462 890 1543 955 eada
1564 904 1709 963 constat.

295 996 439 1061 nutiliae
456 995 571 1061 tilium
588 994 696 1059 tuisse
712 1000 807 1077 patet
829 1010 871 1055 ex
883 989 955 1053 Cic.
970 991 1056 1073 Epp.
1076 992 1121 1053 ad
1140 992 1208 1061 Art.
1231 1008 1279 1057 ra.
1298 1008 1348 1057 ao.
1381 993 1488 1061 homo
1505 996 1708 1069 dissertissi-

295 1122 373 1167 mur
388 1109 515 1177 nostrae
536 1100 686 1166 civitatis
706 1097 836 1161 dicitur
850 1114 916 1181 pro
932 1095 1065 1159 cecina
1086 1116 1114 1159 c.
1134 1099 1187 1159 ³3.
1206 1116 1386 1185 perperam
1402 1102 1577 1169 Ernertiur
1600 1104 1640 1169 in
1655 1106 1707 1173 Gt.

295 1205 368 1270 Cic.
383 1210 459 1271 haec
477 1207 557 1270 loca
579 1207 624 1268 ad
647 1206 733 1268 duaa
754 1200 905 1266 divertat
925 1219 1092 1287 personas
1115 1203 1261 1267 rettudit.
1283 1207 1402 1271 multa
1423 1204 1515 1272 milti
1524 1206 1709 1294 periculo.

293 1310 494 1399 significare
505 1311 644 1375 ridetur
666 1308 819 1373 exilium.
837 1302 916 1371 alia
923 1302 1118 1392 -partim
1133 1308 1215 1375 vide
1228 1312 1272 1373 ad
1288 1311 1387 1376 Catil.
1406 1328 1437 1375 a.
1457 1312 1602 1399 reppuli
1617 1318 1709 1384 vau.

296 1440 326 1481 r.
348 1436 379 1481 a.
401 1418 552 1503 deorum
579 1410 732 1479 auxili&
757 1419 795 1478 et
816 1407 953 1477 virtute
973 1433 1055 1478 mea
1074 1413 1169 1490 ,hec
1195 1416 1345 1481 solemni
1367 1436 1466 1483 more
1491 1419 1708 1509 conjungun-

295 1531 351 1587 tur
370 1520 451 1585 vide
470 1522 516 1583 ad
535 1520 614 1604 Jug.
637 1534 694 1596 14:
714 1517 843 1584 virtute
860 1538 900 1583 ae
923 1517 1236 1605 diiovolentibus.’
1257 1524 1350 1587 Cort.
1371 1526 1461 1589 adde
1484 1526 1583 1591 Catil.
1601 1528 1651 1592 ta.
1672 1550 1710 1613 p.

295 1630 346 1703 64.
367 1635 401 1691 et
417 1628 547 1691 Comm.
564 1625 667 1689 adh.
687 1624 713 1692 1.
732 1618 772 1687 r'n
791 1643 860 1709 que
880 1617 913 1687 ia
932 1620 1102 1689 omnibus
1120 1626 1196 1693 vu.
1215 1646 1244 1692 a.
1266 1650 1381 1712 neque
1398 1628 1708 1721 animurrregott‘o

298 1724 435 1822 defuit,
462 1752 579 1814 neque
603 1729 758 1797 decretu
783 1730 889 1796 labor
918 1728 1096 1815 oppetita,
1114 1731 1226 1799 cimili
1246 1733 1319 1801 tere
1339 1736 1474 1803 ratione
1494 1746 1535 1801 ut
1556 1736 1656 1803 Cutil.
1679 1756 1707 1801 r.

294 1836 356 1901 tin.
375 1834 511 1903 animur
532 1836 688 1903 enimin
720 1836 922 1921 universum
950 1834 1082 1923 diemo,
1105 1845 1141 1905 et
1159 1812 1273 1925 θῢμον
1300 1846 1333 1904 et
1353 1822 1418 1900 νοῦν
1448 1840 1705 1931 complectitur,

250 2008 256 2011 .
292 1944 387 2007 baud
406 1943 508 2010 aliter
521 1962 627 2029 supra
641 1937 826 2031 ingenium
845 1942 941 2009 Orat.
960 1942 1102 2028 1¹11in
1125 1962 1195 2014 aaa.
1209 1944 1270 2013 tin.
1287 1950 1381 2033 apud
1398 1949 1561 2015 Plautum
1578 1948 1705 2037 rapina

292 2067 372 2115 meo
391 2044 516 2111 animo
534 2048 630 2115 idem
647 2049 742 2130 quod
761 2066 837 2111 mea
854 2046 1041 2133 sententia,
1064 2048 1300 2128 meoiudicio.
1320 2052 1382 2116 cir.
1403 2055 1541 2118 curcul.
1558 2070 1590 2129 4.
1606 2072 1637 2120 a.
1652 2072 1703 2133 19.

294 2161 330 2219 et
347 2151 472 2236 eaepiue
488 2151 590 2214 alibi.
610 2146 758 2237 negotio
781 2151 804 2211 i.
827 2170 859 2213 e.
879 2149 933 2215 rei
947 2149 1056 2215 alicui
1080 2152 1330 2236 tuacipiendae,
1350 2153 1439 2217 inest
1462 2155 1559 2220 enim
1583 2156 1622 2216 in
1640 2158 1707 2219 hac

292 2276 380 2322 voce
398 2254 566 2321 molestiae
584 2252 694 2317 notio.
715 2247 870 2315 decretis
890 2251 915 2315 i.
933 2268 965 2315 e.
985 2249 1050 2315 ubi
1066 2252 1293 2315 consulueris.
1314 2254 1417 2318 lator
1436 2255 1594 2331 ,functio
1615 2276 1708 2339 qum·

292 2366 374 2428 dam
385 2362 442 2429 vel
458 2360 570 2426 animi
586 2361 643 2427 rel
656 2358 812 2445 corporis
827 2355 1000 2445 gravioria
1016 2356 1131 2445 operia
1148 2365 1184 2423 et
1201 2356 1386 2423 muneris!
1405 2358 1474 2425 Cic.
1491 2362 1590 2429 Tuae.
1610 2362 1709 2451 Diap.

293 2492 323 2533 a.
348 2472 398 2534 15.
428 2467 636 2533 mutabant.
665 2468 734 2531 hoc
757 2484 823 2552 pro
854 2462 964 2529 verbo
996 2470 1123 2529 neutro
1152 2462 1312 2549 usurpari
1344 2465 1455 2531 mutu
1492 2468 1648 2555 exempla
1683 2488 1707 2535 a

292 2576 410 2642 certio
437 2578 483 2639 ad
503 2576 583 2660 Jug.
607 2580 657 2656 39.
680 2578 839 2659 congesta
861 2571 999 2637 docent.
1024 2568 1112 2647 ,cin
1135 2572 1207 2635 Cat.
1231 2586 1288 2651 ²²3
1317 2570 1406 2636 Geli.
1436 2576 1542 2655 1³.³;
1570 2576 1706 2643 Lucret.

294 2681 515 2764 r.788;1.ir.
534 2686 566 2744 ὅ.
585 2688 664 2760 103²
684 2687 719 2744 et
740 2678 865 2765 rapina
883 2679 979 2765 apud
1000 2679 1168 2760 eundem
1193 2678 1283 2744 udde
1307 2678 1403 2767 Virg.
1423 2681 1508 2747 Aen.
1527 2702 1555 2745 r.
1580 2700 1649 2763 ¹⁰4·
1669 2690 1705 2749 ct

290 2788 441 2869 interpp.
460 2788 505 2849 ud
522 2786 616 2848 hunc
628 2784 747 2847 locum
763 2793 797 2848 et
807 2784 976 2849 vechner.
993 2784 1211 2851 Hellenolex.
1231 2802 1311 2871 pag.
1325 2804 1374 2867 7⁰.
1395 2804 1446 2865 aq.
1465 2784 1705 2877 renectajam

294 2898 416 2957 oetute.
436 2888 537 2961 male,
545 2896 580 2952 et
600 2895 719 2951 eontra
738 2888 848 2949 libros
867 2885 917 2948 ita
938 2884 978 2946 in
996 2904 1074 2949 mea
1099 2884 1254 2947 editione
1271 2904 1478 2967 expressum.
1499 2896 1588 2951 acto
1608 2890 1705 2955 enim

293 2999 408 3061 oetate
427 2997 586 3055 constans
602 2988 762 3051 omnium
783 2986 956 3047 librorum
975 2994 1025 3047 eat
1045 2984 1168 3067 lectio,
1187 3004 1292 3067 quam
1315 2986 1479 3072 exemplis
1499 2988 1707 3061 confirmare

292 3119 368 3166 non
395 3114 484 3182 opus
508 3103 568 3159 est.
587 3092 670 3159 ride
689 3090 850 3178 tugurtb.
874 3092 907 3153 6.
920 3085 1118 3174 parricida
1139 3089 1250 3157 vestri
1267 3090 1349 3157 ride
1373 3114 1450 3175 qua
1464 3096 1704 3165 animadverti·
1810 3140 1814 3149 ·

292 3224 370 3269 mua
382 3205 427 3267 ad
442 3200 545 3265 Catil.
561 3202 612 3263 31.
631 3192 748 3261 uestri
764 3197 800 3260 h.
811 3196 838 3259 1.
856 3214 977 3260 omnes
996 3197 1105 3260 Codd.
1125 3216 1204 3261 enm
1221 3197 1261 3263 in
1276 3197 1387 3265 simili
1397 3202 1581 3265 verborum
1593 3212 1706 3267 struo·

293 3322 370 3377 tura
388 3312 461 3373 Cat.
473 3308 522 3371 ³³.
543 3312 699 3388 vestrum
717 3302 906 3388 genuinam
920 3299 1108 3367 lectionem
1125 3302 1433 3370 essedocuerimua.
1453 3306 1520 3371 Sed
1538 3307 1572 3369 h.
1588 3307 1613 3375 1.
1631 3326 1705 3372 non
1773 3364 1779 3381 ‚

292 3416 449 3503 cingulos
459 3411 614 3501 piebejoo
631 3409 809 3494 homiues,
830 3411 891 3473 aed
905 3417 1014 3473 totum
1024 3409 1194 3510 populum
1212 3410 1396 3499 intelligit,
1410 3410 1593 3497 parricidii
1609 3410 1705 3477 enim

294 3523 426 3608 crimen
437 3540 509 3583 non
522 3518 562 3582 in
575 3516 721 3601 privatis
740 3514 942 3579 hominibus
954 3514 1137 3603 laedendis,
1156 3520 1217 3581 aed
1232 3518 1272 3581 in
1293 3518 1374 3585 larsa
1389 3517 1513 3605 populi
1527 3517 1704 3599 majestate

293 3626 448 3715 positum
476 3632 536 3687 eat.
564 3622 625 3688 cir.
643 3623 712 3687 Cic.
738 3623 836 3690 Verr.
862 3622 892 3685 5.
915 3624 967 3685 66.
988 3619 1043 3685 bis
1064 3618 1213 3711 genitus
1230 3632 1323 3689 recte
1341 3625 1477 3688 Cortiua
1496 3624 1572 3701 ,bis
1591 3622 1704 3711 geniti

294 3735 336 3801 in
352 3754 425 3818 rep.
441 3730 660 3811 dicebantur,
673 3726 736 3811 qui
748 3735 826 3814 post
835 3726 989 3809 aliquam
1005 3726 1237 3809 cadamitatem
1247 3725 1439 3815 singrdarea
1457 3729 1622 3815 honores,
1642 3739 1702 3795 aut

295 3840 396 3920 ejecti
408 3858 452 3905 ex
463 3857 540 3922 rep.
550 3835 692 3899 eandem
709 3834 934 3920 recipiebant.
944 3832 1001 3897 Sic
1023 3832 1142 3897 Cicero
1160 3833 1310 3899 reditum
1324 3854 1424 3901 tuum
1436 3822 1705 3913 thyyttwt'dt

295 3954 396 4010 vocat
421 3947 467 4008 ad
492 3946 563 4007 Att.
586 3947 616 4008 6.
644 3943 675 4005 6.
710 3950 744 4005 et
770 3940 886 4006 exules
905 3938 1050 4021 quidam
1073 3939 1164 4005 mori
1185 3950 1219 4007 et
1243 3944 1373 4008 mortui
1394 3944 1599 4009 dicebantur
1619 3942 1700 4005 vide

297 4052 408 4115 Grec.
422 4052 467 4111 ad
490 4048 557 4113 Cic.
578 4066 645 4133 pro
663 4046 798 4131 Quinct.
820 4069 848 4111 e.
866 4053 913 4113 ιδ.
933 4044 1008 4109 Sic:
1030 4044 1121 4109 diem
1143 4048 1292 4113 natatem
1313 4058 1390 4135 post
1407 4052 1495 4117 Red.
1517 4050 1645 4112 insen.
1671 4062 1702 4105 e.

298 4167 349 4220 n.
368 4156 458 4219 addc
470 4156 618 4220 Gronov.
634 4153 783 4218 Diatrib.
797 4154 879 4217 stat.
891 4174 921 4219 c.
939 4168 976 4214 ra
985 4158 1018 4232 ς’
1036 4152 1099 4234 qui
1112 4152 1253 4235 quidem
1265 4156 1422 4221 Graecum
1455 4120 1700 4231 tevnpo'rcrpot

299 4259 442 4347 mutere
462 4262 597 4327 Guttam
617 4281 659 4333 ex
677 4258 784 4331 exilio
804 4267 1002 4329 revocatum
1020 4256 1139 4345 tuuc,
1161 4261 1256 4331 tertia
1278 4270 1329 4331 eet
1350 4260 1420 4331 cic.
1445 4262 1539 4324 Brut.
1564 4272 1615 4337 9⁰·
1638 4249 1721 4339 qui.
