4050 5009
1589 398 1639 469 23

226 588 335 669 Anni
357 584 603 665 DCLXXXI.
635 588 680 671 P.
715 584 759 662 U.
787 586 826 663 C.
856 582 1037 661 Consules
1064 584 1116 658 M.
1148 584 1338 661 Terentius
1366 586 1421 661 M.
1444 587 1486 661 F.
1510 590 1637 667 Varro

576 710 761 803 Laudem
790 712 828 787 C.
851 710 999 787 Cassius
1019 710 1060 784 L.
1079 711 1123 788 F.
1151 710 1285 785 Varus.

303 882 524 959 Mithridates
544 891 679 980 ingenti
697 898 862 977 apparatu
881 890 972 955 iacto
993 907 1189 975 magnoque
1210 888 1363 955 exercitu
1383 897 1502 954 coacto
1517 891 1638 979 Bithy-

227 998 323 1061 niam
348 998 502 1079 invadit,
528 1019 597 1083 qua
614 1006 778 1083 occupata
795 998 842 1059 M.
869 996 1050 1061 Aurelium
1072 998 1209 1061 Cottam
1227 996 1302 1061 Cos.
1320 998 1365 1059 ad
1383 996 1638 1063 chalcedonem

227 1104 352 1188 proelio
377 1104 462 1171 vicit
487 1104 548 1170 cir.
567 1104 713 1189 Appian.
737 1103 781 1165 de
799 1078 1108 1168 belto'Mitnrieat.
1132 1123 1160 1165 c.
1179 1104 1311 1184 69-71.
1337 1102 1402 1167 Sed
1422 1105 1461 1169 L.
1482 1102 1639 1167 Licinius

228 1211 394 1299 Lucullus
412 1212 487 1274 Cos.
511 1208 724 1291 equestribus
741 1206 874 1293 proeliis
896 1209 1058 1271 adversus
1080 1206 1318 1273 Mithridatem
1333 1206 1481 1275 feliciter
1501 1226 1639 1293 pugna·

229 1313 296 1397 rit,
317 1312 552 1397 expeditiones
570 1314 703 1395 aliquot
722 1330 884 1397 prospere
904 1311 1005 1397 iecit,
1022 1321 1269 1395 poscentesque
1287 1330 1442 1398 pugnam
1467 1312 1595 1377 milites
1618 1332 1640 1376 a

229 1416 399 1487 seditione
416 1417 583 1483 inhibuit.
602 1418 675 1483 Lis.
692 1419 780 1504 Epis.
793 1420 911 1489 xcm,
931 1420 1046 1486 xctv.
1066 1416 1250 1499 Dejotarus
1263 1413 1441 1503 praefectos
1454 1416 1650 1482 Mithrida·

229 1728 304 1793 Lib.
325 1698 413 1799 XVI.
439 1753 474 1817 p.
502 1735 574 1799 ior.
603 1734 667 1797 ubi
696 1754 737 1800 ex
759 1718 957 1821 fragmentis
979 1732 1186 1820 Capitolinis
1213 1735 1288 1801 bac
1308 1735 1496 1797 laudantur
1511 1768 1528 1781 ·
1547 1766 1565 1782 ·
1581 1766 1599 1779 ·
1615 1728 1639 1792 f·
1655 1784 1669 1808 .

228 1868 244 1883 -
261 1868 281 1886 -
296 1868 315 1885 -
335 1858 371 1899 ιι.
392 1870 412 1889 -
432 1874 448 1886 -
480 1860 543 1915 «εκ
561 1851 709 1925 praetura
731 1843 874 1907 classem
895 1849 998 1924 atque
1021 1858 1121 1905 oram
1147 1839 1288 1905 Graeciae
1320 1840 1542 1903 maritumam
1565 1854 1639 1901 sor·

229 1940 312 2006 titus
337 1945 497 2010 Procons.
516 1948 753 2013 obtinuistis
772 1952 867 2032 quod
885 1951 980 2013 haud
1001 1948 1108 2012 dubie
1130 1950 1174 2011 ad
1191 1949 1241 2011 Μ.
1259 1946 1452 2011 Antonium
1473 1944 1635 2031 pertinet,

229 2045 292 2125 qui
305 2066 397 2111 anno
415 2050 531 2132 priore
542 2064 670 2137 praetor
686 2053 762 2122 init.
784 2059 943 2121 Ceterum
955 2030 1090 2119 belluni
1107 2052 1327 2118 Cretensibus
1342 2051 1485 2117 nonnisi
1500 2059 1639 2133 postero

232 2166 324 2211 anno
343 2152 481 2211 illatum
498 2174 569 2215 esse
588 2159 741 2235 videtur,
760 2163 855 2235 quod
874 2160 992 2221 Livius
1007 2158 1097 2237 Epis.
1113 2158 1248 2221 xcvll.
1263 2176 1342 2217 eum
1358 2158 1402 2216 de
1424 2154 1537 2215 Crassi
1550 2170 1640 2233 prae-

233 2250 317 2315 toris
330 2252 433 2316 rebus
452 2254 611 2316 adversus
629 2252 793 2337 fugitivos
804 2256 908 2337 gestis
923 2257 1150 2335 exposuisset,
1171 2256 1369 2313 haeeeddit:
1389 2257 1459 2325 «M.
1469 2254 1641 2317 Antonius

229 2362 358 2440 praetor
377 2356 510 2419 bellum
530 2360 691 2420 adversus
716 2360 890 2421 Cretenses
906 2375 1032 2439 parum
1053 2374 1217 2439 prospere
1235 2363 1429 2439 susceptum
1448 2367 1559 2424 morte
1578 2377 1641 2423 sua

229 2460 380 2524 finivit.»
404 2462 470 2525 Sed
497 2464 731 2526 emendandus
750 2459 902 2539 Velleius
921 2462 965 2523 ΙΙ.
987 2464 1038 2521 δι.
1060 2459 1138 2543 qui,
1159 2458 1222 2521 ubi
1243 2462 1287 2525 de
1307 2465 1399 2549 Lege
1419 2464 1567 2528 Manilia
1582 2485 1641 2531 ex·
1720 2480 1724 2487 ’

229 2566 330 2651 pouit
345 2574 378 2631 et
394 2588 527 2651 aequam
542 2568 706 2654 Pompejo
723 2567 761 2630 in
777 2565 940 2631 omnibus
953 2564 1144 2651 provinciis
1162 2587 1241 2630 cum
1257 2570 1523 2651 proconsulibus
1538 2570 1642 2637 fuisse

228 2671 414 2757 imperium
427 2694 534 2756 usque
552 2678 596 2738 ad
613 2674 938 2761 quinquagesimum
960 2672 1164 2737 milliarium
1176 2695 1205 2741 ,a
1218 2675 1306 2738 mari
1322 2674 1408 2738 dicit
1413 2720 1425 2755 ,
1445 2675 1540 2740 idem
1559 2686 1640 2743 ante

232 2776 414 2843 biennium
436 2780 474 2843 in
498 2784 545 2845 M.
566 2780 712 2845 Antonii
732 2788 881 2865 praetura
912 2781 1087 2845 decretum
1112 2778 1235 2856 fuisse,
1256 2781 1445 2847 contendit.
1470 2782 1641 2847 Antonius

232 2883 325 2946 enim
344 2893 474 2969 septem
495 2886 595 2949 annis
614 2895 694 2949 ante
714 2886 826 2969 legem
845 2883 1027 2945 Manilium
1049 2884 1155 2941 latam
1173 2889 1301 2957 praetor
1316 2880 1437 2941 iuerat.

309 2984 376 3047 Cir.
390 2995 555 3068 praeterea
574 2990 616 3043 de
634 2988 778 3041 Antonii
800 2984 947 3061 imperio
973 2984 1123 3041 Lactant.
1155 2980 1198 3041 de
1224 2976 1310 3041 lalsa
1338 2980 1510 3067 religione
1532 2986 1559 3054 I.
1585 3010 1638 3069 ¹¹3

231 3090 404 3173 «Neptuni
421 3106 565 3172 regnum
584 3085 651 3148 lale
670 3082 775 3146 fuisse
794 3080 958 3163 dicimus,
989 3082 1092 3161 quale
1121 3084 1168 3142 M.
1197 3084 1341 3148 Antonii
1367 3088 1436 3151 tuit
1462 3088 1639 3157 infinitum

231 3194 321 3261 illud
346 3184 627 3279 imperium,⁰eui
656 3186 761 3250 totius
789 3205 857 3249 oret
884 3182 1068 3247 maritimas
1095 3194 1298 3268 potestatem
1323 3202 1458 3256 senatus
1480 3200 1641 3265 decreve-

231 3310 300 3377 rat,
321 3308 360 3364 ut
383 3300 559 3385 predones
586 3300 849 3381 persequeretur
874 3298 907 3354 et
929 3310 1024 3353 mare
1044 3293 1147 3353 omne
1168 3301 1344 3375 pacaret.»
1362 3296 1518 3359 Juvenal.
1540 3304 1640 3369 Satir.

232 3408 406 3484 v111.·104.
427 3404 490 3469 uhi
507 3405 551 3466 ad
564 3402 683 3465 verba:
704 3400 815 3475 ,Inde
833 3396 1018 3460 Dolabella
1041 3404 1106 3493 est,
1127 3404 1229 3479 atque
1245 3399 1326 3464 hinc
1344 3402 1528 3489 Antonius,
1555 3405 1639 3474 inde

233 3514 418 3599 sacrilegus
436 3514 586 3579 Verres»
604 3517 702 3573 vetus
719 3504 902 3570 scholiasta
917 3506 991 3569 haec
1015 3504 1211 3568 adnotavit:
1233 3506 1425 3581 ,Antonius
1450 3511 1554 3574 trium
1569 3516 1639 3578 An·

234 3620 410 3684 toniorum
433 3626 612 3702 corruptor
638 3615 718 3698 ille,
741 3611 925 3696 Salustius,
945 3609 1008 3693 qui
1028 3630 1097 3675 orae
1115 3610 1348 3678 maritimae-
1363 3620 1637 3698 quaRomanum

234 3733 320 3792 esset
336 3721 538 3808 imperium,
565 3719 757 3789 contrarius
775 3718 906 3803 piratis.
927 3714 975 3779 Hi
998 3735 1115 3779 omnes
1129 3714 1255 3803 socios,
1276 3728 1311 3785 et
1326 3720 1475 3789 maxime
1494 3726 1640 3811 Grecos,

232 3832 398 3898 Asiaticos
427 3850 465 3891 ac
487 3828 618 3893 Siculos
641 3824 789 3892 fortunis
810 3822 972 3888 omnibus
995 3820 1270 3905 spoliaverunt.»
1298 3828 1400 3914 Apud
1418 3832 1497 3895 Tac.
1516 3834 1638 3896 Annal.

234 3941 308 4003 x11.
320 3943 369 4001 62.
389 3934 544 4021 Byrantii
565 3936 660 4000 bello
680 3932 826 4020 piratico
842 3932 889 3994 M.
900 3928 1092 3993 Antonium
1111 3928 1281 3996 affirmant
1296 3954 1317 3997 a
1336 3955 1371 4001 se
1389 3956 1459 4001 esse
1470 3939 1635 4016 adjutum.

233 4045 405 4109 Diodorus
425 4042 559 4106 Siculus
569 4043 609 4105 X.
625 4064 658 4125 p.
680 4058 750 4104 ara.
770 4040 831 4101 Ed.
850 4036 923 4120 Bip.
941 4040 1061 4119 pacem
1076 4057 1154 4099 cunr
1174 4040 1391 4107 Cretensibus
1410 4041 1636 4126 compositam

234 4150 361 4217 statuit.
380 4151 432 4214 De
448 4148 550 4214 rebus
569 4154 647 4235 post
663 4144 807 4209 Antonii
820 4144 952 4207 cladem
969 4160 990 4203 a
1001 4143 1218 4210 Cretensibus
1237 4148 1340 4232 gestis
1354 4146 1414 4211 cir.
1430 4146 1576 4231 Appian.
1593 4146 1640 4211 de

235 4257 321 4326 lteb.
335 4254 461 4322 Siculis
479 4278 511 4341 p.
526 4257 577 4336 98.
594 4274 665 4336 seq·
685 4252 763 4321 Vol.
780 4252 808 4316 1.
828 4251 888 4313 Ed.
905 4246 1098 4335 Schweigh.
