<?xml version="1.0" encoding="UTF-8"?>
<!DOCTYPE html PUBLIC "-//W3C//DTD XHTML 1.0 Transitional//EN"
    "http://www.w3.org/TR/xhtml1/DTD/xhtml1-transitional.dtd">
<html xmlns="http://www.w3.org/1999/xhtml" xml:lang="en" lang="en">
 <head>
  <title>
</title>
<meta http-equiv="Content-Type" content="text/html;charset=utf-8" />
  <meta name='ocr-system' content='tesseract 3.04.00' />
  <meta name='ocr-capabilities' content='ocr_page ocr_carea ocr_par ocr_line ocrx_word'/>
</head>
<body>
  <div class='ocr_page' id='page_1' title='image "./salustiiquaeexs00sallgoog_0147.png"; bbox 0 0 4050 5009; ppageno 0'>
   <div class='ocr_carea' id='block_1_1' title="bbox 1655 408 1726 501">
    <p class='ocr_par' dir='ltr' id='par_1_1' title="bbox 1655 408 1726 501">
     <span class='ocr_line' id='line_1_1' title="bbox 1655 408 1726 501; baseline 0.056 -24"><span class='ocrx_word' id='word_1_1' title='bbox 1655 408 1726 501; x_wconf 86' lang='grc'><strong>459</strong></span> 
     </span>
    </p>
   </div>
   <div class='ocr_carea' id='block_1_2' title="bbox 203 571 1730 689">
    <p class='ocr_par' dir='ltr' id='par_1_2' title="bbox 203 571 1730 689">
     <span class='ocr_line' id='line_1_2' title="bbox 203 571 1730 689; baseline 0.002 -26"><span class='ocrx_word' id='word_1_2' title='bbox 203 571 208 588; x_wconf 66' lang='grc'><strong>’</strong></span> <span class='ocrx_word' id='word_1_3' title='bbox 316 598 567 689; x_wconf 65' lang='lat' dir='ltr'><strong>interpretatio.</strong></span> <span class='ocrx_word' id='word_1_4' title='bbox 588 598 648 675; x_wconf 79' lang='lat' dir='ltr'><strong>cir.</strong></span> <span class='ocrx_word' id='word_1_5' title='bbox 668 596 757 661; x_wconf 86' lang='lat' dir='ltr'><strong>Hist.</strong></span> <span class='ocrx_word' id='word_1_6' title='bbox 772 596 815 661; x_wconf 73' lang='lat' dir='ltr'><strong>n</strong></span> <span class='ocrx_word' id='word_1_7' title='bbox 836 596 878 662; x_wconf 82' lang='lat' dir='ltr'><strong>R.</strong></span> <span class='ocrx_word' id='word_1_8' title='bbox 898 600 929 663; x_wconf 98' lang='grc'><strong>3.</strong></span> <span class='ocrx_word' id='word_1_9' title='bbox 946 618 983 683; x_wconf 91' lang='lat' dir='ltr'><strong>p.</strong></span> <span class='ocrx_word' id='word_1_10' title='bbox 1008 598 1078 675; x_wconf 77' lang='lat'><strong>146.</strong></span> <span class='ocrx_word' id='word_1_11' title='bbox 1102 614 1176 681; x_wconf 83' lang='lat' dir='ltr'><strong>sqq.</strong></span> <span class='ocrx_word' id='word_1_12' title='bbox 1198 616 1275 661; x_wconf 86' lang='lat' dir='ltr'><strong>cum</strong></span> <span class='ocrx_word' id='word_1_13' title='bbox 1302 603 1419 663; x_wconf 86' lang='lat' dir='ltr'><strong>nostro</strong></span> <span class='ocrx_word' id='word_1_14' title='bbox 1436 596 1631 685; x_wconf 77' lang='lat' dir='ltr'><strong>fragmento</strong></span> <span class='ocrx_word' id='word_1_15' title='bbox 1645 600 1730 680; x_wconf 91' lang='lat' dir='ltr'><strong>jun·</strong></span> 
     </span>
    </p>
   </div>
   <div class='ocr_carea' id='block_1_3' title="bbox 313 702 1899 798">
    <p class='ocr_par' dir='ltr' id='par_1_3' title="bbox 313 702 1899 798">
     <span class='ocr_line' id='line_1_3' title="bbox 313 702 1899 798; baseline 0 -27"><span class='ocrx_word' id='word_1_16' title='bbox 313 708 425 794; x_wconf 90' lang='lat' dir='ltr'><strong>genda</strong></span> <span class='ocrx_word' id='word_1_17' title='bbox 457 726 528 771; x_wconf 88' lang='lat' dir='ltr'><strong>esse</strong></span> <span class='ocrx_word' id='word_1_18' title='bbox 552 704 734 790; x_wconf 85' lang='lat' dir='ltr'><strong>videntur,</strong></span> <span class='ocrx_word' id='word_1_19' title='bbox 768 723 846 787; x_wconf 80' lang='lat' dir='ltr'><strong>quae</strong></span> <span class='ocrx_word' id='word_1_20' title='bbox 866 722 971 788; x_wconf 88' lang='lat' dir='ltr'><strong>supra</strong></span> <span class='ocrx_word' id='word_1_21' title='bbox 1001 702 1045 767; x_wconf 80' lang='lat' dir='ltr'><strong>ir.</strong></span> <span class='ocrx_word' id='word_1_22' title='bbox 1077 708 1106 767; x_wconf 91' lang='grc'><strong>3.</strong></span> <span class='ocrx_word' id='word_1_23' title='bbox 1124 706 1193 773; x_wconf 88' lang='grc'><strong>·46.</strong></span> <span class='ocrx_word' id='word_1_24' title='bbox 1228 704 1401 789; x_wconf 88' lang='lat' dir='ltr'><strong>leguntur.</strong></span> <span class='ocrx_word' id='word_1_25' title='bbox 1437 706 1486 769; x_wconf 82' lang='lat' dir='ltr'><strong>Ex</strong></span> <span class='ocrx_word' id='word_1_26' title='bbox 1514 706 1622 771; x_wconf 85' lang='lat' dir='ltr'><strong>Lectt.</strong></span> <span class='ocrx_word' id='word_1_27' title='bbox 1645 708 1733 773; x_wconf 86' lang='lat' dir='ltr'><strong>Var.</strong></span> <span class='ocrx_word' id='word_1_28' title='bbox 1787 732 1792 743; x_wconf 63' lang='grc'><strong><em>’</em></strong></span> <span class='ocrx_word' id='word_1_29' title='bbox 1894 790 1899 798; x_wconf 31' lang='grc'><strong><em>.</em></strong></span> 
     </span>
    </p>
   </div>
   <div class='ocr_carea' id='block_1_4' title="bbox 303 808 1791 3100">
    <p class='ocr_par' dir='ltr' id='par_1_4' title="bbox 303 808 1791 3100">
     <span class='ocr_line' id='line_1_4' title="bbox 313 808 1725 895; baseline 0.001 -19"><span class='ocrx_word' id='word_1_30' title='bbox 313 808 516 877; x_wconf 75' lang='lat' dir='ltr'><em>illudebant</em></span> <span class='ocrx_word' id='word_1_31' title='bbox 542 811 748 876; x_wconf 83' lang='lat' dir='ltr'><strong>addiderim.</strong></span> <span class='ocrx_word' id='word_1_32' title='bbox 768 817 891 875; x_wconf 86' lang='lat' dir='ltr'><strong>contra</strong></span> <span class='ocrx_word' id='word_1_33' title='bbox 920 808 1026 873; x_wconf 86' lang='lat' dir='ltr'><strong>Debr.</strong></span> <span class='ocrx_word' id='word_1_34' title='bbox 1053 810 1179 875; x_wconf 83' lang='lat' dir='ltr'><strong>mutila</strong></span> <span class='ocrx_word' id='word_1_35' title='bbox 1203 810 1309 875; x_wconf 81' lang='lat' dir='ltr'><strong>verba</strong></span> <span class='ocrx_word' id='word_1_36' title='bbox 1330 810 1379 874; x_wconf 92' lang='lat' dir='ltr'><strong>ita</strong></span> <span class='ocrx_word' id='word_1_37' title='bbox 1400 810 1566 895; x_wconf 79' lang='lat' dir='ltr'><strong>explenda</strong></span> <span class='ocrx_word' id='word_1_38' title='bbox 1592 822 1725 879; x_wconf 81' lang='lat' dir='ltr'><strong>censet:</strong></span> 
     </span>
     <span class='ocr_line' id='line_1_5' title="bbox 315 911 1728 1007; baseline 0.001 -26"><span class='ocrx_word' id='word_1_39' title='bbox 315 912 470 1005; x_wconf 72' lang='lat' dir='ltr'><strong>ingressi</strong></span> <span class='ocrx_word' id='word_1_40' title='bbox 490 923 600 981; x_wconf 88' lang='lat' dir='ltr'><strong>tanto</strong></span> <span class='ocrx_word' id='word_1_41' title='bbox 608 911 776 1007; x_wconf 81' lang='lat' dir='ltr'><strong>feritate</strong></span> <span class='ocrx_word' id='word_1_42' title='bbox 799 912 1083 981; x_wconf 72' lang='lat' dir='ltr'><strong>debacchantur.</strong></span> <span class='ocrx_word' id='word_1_43' title='bbox 1103 918 1448 999; x_wconf 81' lang='lat' dir='ltr'><strong>ouinueperversum</strong></span> <span class='ocrx_word' id='word_1_44' title='bbox 1459 916 1604 1003; x_wconf 85' lang='lat' dir='ltr'><strong>dicitur,</strong></span> <span class='ocrx_word' id='word_1_45' title='bbox 1632 920 1728 1001; x_wconf 88' lang='lat' dir='ltr'><strong>quod</strong></span> 
     </span>
     <span class='ocr_line' id='line_1_6' title="bbox 314 1015 1726 1107; baseline 0.004 -24"><span class='ocrx_word' id='word_1_46' title='bbox 314 1019 460 1106; x_wconf 75' lang='lat' dir='ltr'><strong>fadum,</strong></span> <span class='ocrx_word' id='word_1_47' title='bbox 484 1020 640 1086; x_wconf 82' lang='lat' dir='ltr'><strong>deforme</strong></span> <span class='ocrx_word' id='word_1_48' title='bbox 659 1030 694 1086; x_wconf 90' lang='lat' dir='ltr'><strong>et</strong></span> <span class='ocrx_word' id='word_1_49' title='bbox 705 1026 826 1086; x_wconf 89' lang='lat' dir='ltr'><strong>contra</strong></span> <span class='ocrx_word' id='word_1_50' title='bbox 839 1018 898 1096; x_wconf 85' lang='lat' dir='ltr'><strong>jus</strong></span> <span class='ocrx_word' id='word_1_51' title='bbox 912 1015 1030 1099; x_wconf 85' lang='lat' dir='ltr'><strong>fasque</strong></span> <span class='ocrx_word' id='word_1_52' title='bbox 1053 1016 1216 1100; x_wconf 65' lang='lat' dir='ltr'><strong>infertum</strong></span> <span class='ocrx_word' id='word_1_53' title='bbox 1237 1040 1307 1102; x_wconf 80' lang='lat' dir='ltr'><strong>quo</strong></span> <span class='ocrx_word' id='word_1_54' title='bbox 1326 1039 1449 1105; x_wconf 87' lang='lat' dir='ltr'><strong>corpus</strong></span> <span class='ocrx_word' id='word_1_55' title='bbox 1470 1020 1641 1086; x_wconf 88' lang='lat' dir='ltr'><strong>laceratur</strong></span> <span class='ocrx_word' id='word_1_56' title='bbox 1662 1043 1726 1107; x_wconf 89' lang='lat' dir='ltr'><strong>po·</strong></span> 
     </span>
     <span class='ocr_line' id='line_1_7' title="bbox 313 1120 1729 1208; baseline 0.001 -19"><span class='ocrx_word' id='word_1_57' title='bbox 313 1124 382 1191; x_wconf 88' lang='lat' dir='ltr'><strong>tius</strong></span> <span class='ocrx_word' id='word_1_58' title='bbox 394 1146 501 1208; x_wconf 87' lang='lat' dir='ltr'><strong>quam</strong></span> <span class='ocrx_word' id='word_1_59' title='bbox 514 1124 740 1200; x_wconf 74' lang='lat' dir='ltr'><strong>interficitur3</strong></span> <span class='ocrx_word' id='word_1_60' title='bbox 763 1144 810 1189; x_wconf 78' lang='lat' dir='ltr'><strong>eu</strong></span> <span class='ocrx_word' id='word_1_61' title='bbox 827 1124 911 1189; x_wconf 83' lang='lat' dir='ltr'><strong>Ioco</strong></span> <span class='ocrx_word' id='word_1_62' title='bbox 926 1120 1027 1191; x_wconf 74' lang='lat' dir='ltr'><strong>cervi</strong></span> <span class='ocrx_word' id='word_1_63' title='bbox 1044 1124 1173 1207; x_wconf 87' lang='lat' dir='ltr'><strong>quihus</strong></span> <span class='ocrx_word' id='word_1_64' title='bbox 1192 1145 1233 1191; x_wconf 91' lang='lat' dir='ltr'><strong>eo</strong></span> <span class='ocrx_word' id='word_1_65' title='bbox 1252 1124 1292 1190; x_wconf 89' lang='lat' dir='ltr'><strong>in</strong></span> <span class='ocrx_word' id='word_1_66' title='bbox 1308 1126 1387 1190; x_wconf 89' lang='lat' dir='ltr'><strong>loco</strong></span> <span class='ocrx_word' id='word_1_67' title='bbox 1410 1125 1623 1191; x_wconf 84' lang='lat' dir='ltr'><strong>domicilium</strong></span> <span class='ocrx_word' id='word_1_68' title='bbox 1644 1136 1729 1193; x_wconf 89' lang='lat' dir='ltr'><strong>erat.</strong></span> 
     </span>
     <span class='ocr_line' id='line_1_8' title="bbox 314 1228 1727 1319; baseline 0.001 -24"><span class='ocrx_word' id='word_1_69' title='bbox 314 1235 394 1295; x_wconf 88' lang='lat' dir='ltr'><strong>Non</strong></span> <span class='ocrx_word' id='word_1_70' title='bbox 419 1230 515 1295; x_wconf 90' lang='lat' dir='ltr'><strong>enim</strong></span> <span class='ocrx_word' id='word_1_71' title='bbox 537 1231 635 1295; x_wconf 91' lang='lat' dir='ltr'><strong>locus</strong></span> <span class='ocrx_word' id='word_1_72' title='bbox 666 1250 732 1315; x_wconf 89' lang='lat' dir='ltr'><strong>pro</strong></span> <span class='ocrx_word' id='word_1_73' title='bbox 757 1229 845 1293; x_wconf 87' lang='lat' dir='ltr'><strong>urhe</strong></span> <span class='ocrx_word' id='word_1_74' title='bbox 881 1228 1032 1315; x_wconf 90' lang='lat' dir='ltr'><strong>dictum,</strong></span> <span class='ocrx_word' id='word_1_75' title='bbox 1065 1234 1125 1297; x_wconf 87' lang='lat' dir='ltr'><strong>sed</strong></span> <span class='ocrx_word' id='word_1_76' title='bbox 1148 1231 1186 1295; x_wconf 88' lang='lat' dir='ltr'><strong>in</strong></span> <span class='ocrx_word' id='word_1_77' title='bbox 1208 1232 1418 1297; x_wconf 85' lang='lat' dir='ltr'><strong>universum.</strong></span> <span class='ocrx_word' id='word_1_78' title='bbox 1448 1232 1643 1319; x_wconf 81' lang='lat' dir='ltr'><strong>regionem,</strong></span> <span class='ocrx_word' id='word_1_79' title='bbox 1664 1232 1727 1297; x_wconf 90' lang='lat' dir='ltr'><strong>ubi</strong></span> 
     </span>
     <span class='ocr_line' id='line_1_9' title="bbox 314 1332 1728 1429; baseline 0.004 -30"><span class='ocrx_word' id='word_1_80' title='bbox 314 1336 399 1399; x_wconf 89' lang='lat' dir='ltr'><strong>urbs</strong></span> <span class='ocrx_word' id='word_1_81' title='bbox 415 1335 481 1399; x_wconf 90' lang='lat' dir='ltr'><strong>sita</strong></span> <span class='ocrx_word' id='word_1_82' title='bbox 504 1335 591 1420; x_wconf 87' lang='lat' dir='ltr'><strong>fuit,</strong></span> <span class='ocrx_word' id='word_1_83' title='bbox 618 1333 798 1421; x_wconf 78' lang='lat' dir='ltr'><strong>signifieat</strong></span> <span class='ocrx_word' id='word_1_84' title='bbox 833 1354 949 1417; x_wconf 87' lang='lat' dir='ltr'><strong>neque</strong></span> <span class='ocrx_word' id='word_1_85' title='bbox 972 1344 1143 1402; x_wconf 81' lang='lat' dir='ltr'><strong>sanctum</strong></span> <span class='ocrx_word' id='word_1_86' title='bbox 1167 1346 1236 1401; x_wconf 84' lang='lat' dir='ltr'><strong>aut</strong></span> <span class='ocrx_word' id='word_1_87' title='bbox 1254 1332 1466 1429; x_wconf 84' lang='lat' dir='ltr'><strong>nefandum.</strong></span> <span class='ocrx_word' id='word_1_88' title='bbox 1488 1338 1513 1401; x_wconf 94' lang='lat' dir='ltr'><strong>i.</strong></span> <span class='ocrx_word' id='word_1_89' title='bbox 1537 1358 1564 1403; x_wconf 91' lang='lat' dir='ltr'><strong>e.</strong></span> <span class='ocrx_word' id='word_1_90' title='bbox 1584 1358 1605 1401; x_wconf 90' lang='lat' dir='ltr'><strong>a</strong></span> <span class='ocrx_word' id='word_1_91' title='bbox 1628 1339 1728 1404; x_wconf 88' lang='lat' dir='ltr'><strong>nullo</strong></span> 
     </span>
     <span class='ocr_line' id='line_1_10' title="bbox 314 1438 1731 1527; baseline 0.001 -22"><span class='ocrx_word' id='word_1_92' title='bbox 314 1440 468 1505; x_wconf 81' lang='lat' dir='ltr'><strong>facinore</strong></span> <span class='ocrx_word' id='word_1_93' title='bbox 485 1450 544 1503; x_wconf 89' lang='lat' dir='ltr'><strong>aut</strong></span> <span class='ocrx_word' id='word_1_94' title='bbox 557 1450 702 1525; x_wconf 87' lang='lat' dir='ltr'><strong>propter</strong></span> <span class='ocrx_word' id='word_1_95' title='bbox 719 1438 926 1526; x_wconf 84' lang='lat' dir='ltr'><strong>religionem</strong></span> <span class='ocrx_word' id='word_1_96' title='bbox 942 1448 1002 1505; x_wconf 89' lang='lat' dir='ltr'><strong>aut</strong></span> <span class='ocrx_word' id='word_1_97' title='bbox 1013 1450 1156 1527; x_wconf 87' lang='lat' dir='ltr'><strong>propter</strong></span> <span class='ocrx_word' id='word_1_98' title='bbox 1169 1444 1382 1509; x_wconf 71' lang='lat' dir='ltr'><strong>atrocitatem</strong></span> <span class='ocrx_word' id='word_1_99' title='bbox 1401 1444 1644 1509; x_wconf 80' lang='lat' dir='ltr'><strong>abhorrebant.</strong></span> <span class='ocrx_word' id='word_1_100' title='bbox 1667 1444 1731 1509; x_wconf 78' lang='lat' dir='ltr'><strong>ct’r.</strong></span> 
     </span>
     <span class='ocr_line' id='line_1_11' title="bbox 316 1543 1732 1635; baseline 0.001 -24"><span class='ocrx_word' id='word_1_101' title='bbox 316 1546 386 1611; x_wconf 85' lang='lat' dir='ltr'><strong>cat.</strong></span> <span class='ocrx_word' id='word_1_102' title='bbox 401 1562 448 1613; x_wconf 83' lang='grc'><strong>44.</strong></span> <span class='ocrx_word' id='word_1_103' title='bbox 464 1544 503 1609; x_wconf 90' lang='lat' dir='ltr'><strong>in</strong></span> <span class='ocrx_word' id='word_1_104' title='bbox 510 1544 580 1609; x_wconf 84' lang='lat' dir='ltr'><strong>fine</strong></span> <span class='ocrx_word' id='word_1_105' title='bbox 589 1543 821 1633; x_wconf 79' lang='lat' dir='ltr'><strong>fragmentum</strong></span> <span class='ocrx_word' id='word_1_106' title='bbox 831 1548 928 1611; x_wconf 86' lang='lat' dir='ltr'><strong>haud</strong></span> <span class='ocrx_word' id='word_1_107' title='bbox 939 1548 1047 1613; x_wconf 87' lang='lat' dir='ltr'><strong>dubie</strong></span> <span class='ocrx_word' id='word_1_108' title='bbox 1054 1550 1255 1635; x_wconf 68' lang='lat' dir='ltr'><strong>abruptum,</strong></span> <span class='ocrx_word' id='word_1_109' title='bbox 1268 1548 1418 1628; x_wconf 78' lang='lat' dir='ltr'><strong>statuit,</strong></span> <span class='ocrx_word' id='word_1_110' title='bbox 1432 1547 1588 1615; x_wconf 80' lang='lat' dir='ltr'><strong>tentavit</strong></span> <span class='ocrx_word' id='word_1_111' title='bbox 1598 1550 1653 1615; x_wconf 83' lang='lat' dir='ltr'><strong>vel</strong></span> <span class='ocrx_word' id='word_1_112' title='bbox 1662 1550 1732 1613; x_wconf 86' lang='lat' dir='ltr'><strong>tale</strong></span> 
     </span>
     <span class='ocr_line' id='line_1_12' title="bbox 316 1650 1731 1743; baseline 0.004 -30"><span class='ocrx_word' id='word_1_113' title='bbox 316 1650 401 1732; x_wconf 86' lang='lat' dir='ltr'><strong>quid</strong></span> <span class='ocrx_word' id='word_1_114' title='bbox 414 1651 554 1716; x_wconf 81' lang='lat' dir='ltr'><strong>videtur</strong></span> <span class='ocrx_word' id='word_1_115' title='bbox 569 1670 641 1717; x_wconf 88' lang='lat' dir='ltr'><strong>esse</strong></span> <span class='ocrx_word' id='word_1_116' title='bbox 657 1652 896 1737; x_wconf 89' lang='lat' dir='ltr'><strong>supplendum.</strong></span> <span class='ocrx_word' id='word_1_117' title='bbox 917 1656 1037 1717; x_wconf 53' lang='lat' dir='ltr'><strong>nata·</strong></span> <span class='ocrx_word' id='word_1_118' title='bbox 1055 1654 1216 1739; x_wconf 82' lang='lat' dir='ltr'><strong>Aliquot</strong></span> <span class='ocrx_word' id='word_1_119' title='bbox 1227 1652 1302 1723; x_wconf 80' lang='lat' dir='ltr'><strong>dies</strong></span> <span class='ocrx_word' id='word_1_120' title='bbox 1315 1663 1379 1721; x_wconf 84' lang='lat' dir='ltr'><strong>etc.</strong></span> <span class='ocrx_word' id='word_1_121' title='bbox 1394 1656 1632 1743; x_wconf 81' lang='lat' dir='ltr'><strong>expeditione,</strong></span> <span class='ocrx_word' id='word_1_122' title='bbox 1654 1674 1731 1738; x_wconf 81' lang='lat' dir='ltr'><strong>quas</strong></span> 
     </span>
     <span class='ocr_line' id='line_1_13' title="bbox 315 1752 1729 1849; baseline 0.005 -32"><span class='ocrx_word' id='word_1_123' title='bbox 315 1756 383 1819; x_wconf 90' lang='lat' dir='ltr'><strong>hoc</strong></span> <span class='ocrx_word' id='word_1_124' title='bbox 396 1752 586 1842; x_wconf 81' lang='lat' dir='ltr'><strong>fragmento</strong></span> <span class='ocrx_word' id='word_1_125' title='bbox 599 1756 809 1843; x_wconf 83' lang='lat' dir='ltr'><strong>illustratur,</strong></span> <span class='ocrx_word' id='word_1_126' title='bbox 827 1760 933 1829; x_wconf 87' lang='lat' dir='ltr'><strong>Debr.</strong></span> <span class='ocrx_word' id='word_1_127' title='bbox 948 1759 1084 1839; x_wconf 90' lang='lat' dir='ltr'><strong>judicat</strong></span> <span class='ocrx_word' id='word_1_128' title='bbox 1096 1761 1280 1828; x_wconf 87' lang='lat' dir='ltr'><strong>Varinium</strong></span> <span class='ocrx_word' id='word_1_129' title='bbox 1290 1762 1441 1827; x_wconf 85' lang='lat' dir='ltr'><strong>Thurios</strong></span> <span class='ocrx_word' id='word_1_130' title='bbox 1463 1761 1650 1849; x_wconf 78' lang='lat' dir='ltr'><strong>atugitiris</strong></span> <span class='ocrx_word' id='word_1_131' title='bbox 1663 1761 1729 1827; x_wconf 85' lang='lat' dir='ltr'><strong>ob·</strong></span> 
     </span>
     <span class='ocr_line' id='line_1_14' title="bbox 318 1861 1728 1953; baseline 0.004 -28"><span class='ocrx_word' id='word_1_132' title='bbox 318 1879 424 1925; x_wconf 86' lang='lat' dir='ltr'><strong>sessos</strong></span> <span class='ocrx_word' id='word_1_133' title='bbox 443 1861 593 1929; x_wconf 89' lang='lat' dir='ltr'><strong>liberare</strong></span> <span class='ocrx_word' id='word_1_134' title='bbox 609 1864 771 1931; x_wconf 73' lang='lat' dir='ltr'><strong>voluisse.</strong></span> <span class='ocrx_word' id='word_1_135' title='bbox 792 1863 853 1935; x_wconf 83' lang='lat' dir='ltr'><strong>cir.</strong></span> <span class='ocrx_word' id='word_1_136' title='bbox 878 1866 969 1931; x_wconf 87' lang='lat' dir='ltr'><strong>Hist.</strong></span> <span class='ocrx_word' id='word_1_137' title='bbox 989 1870 1032 1933; x_wconf 81' lang='lat' dir='ltr'><strong>R.</strong></span> <span class='ocrx_word' id='word_1_138' title='bbox 1052 1868 1093 1931; x_wconf 84' lang='lat' dir='ltr'><strong>R.</strong></span> <span class='ocrx_word' id='word_1_139' title='bbox 1111 1872 1141 1933; x_wconf 86' lang='grc'><strong>3.</strong></span> <span class='ocrx_word' id='word_1_140' title='bbox 1162 1892 1198 1952; x_wconf 92' lang='lat' dir='ltr'><strong>p.</strong></span> <span class='ocrx_word' id='word_1_141' title='bbox 1220 1873 1288 1937; x_wconf 83' lang='lat'><strong>161.</strong></span> <span class='ocrx_word' id='word_1_142' title='bbox 1307 1890 1382 1952; x_wconf 88' lang='lat' dir='ltr'><strong>sqq.</strong></span> <span class='ocrx_word' id='word_1_143' title='bbox 1407 1864 1502 1953; x_wconf 81' lang='lat' dir='ltr'><strong>quod</strong></span> <span class='ocrx_word' id='word_1_144' title='bbox 1519 1866 1662 1951; x_wconf 90' lang='lat' dir='ltr'><strong>quidem</strong></span> <span class='ocrx_word' id='word_1_145' title='bbox 1690 1866 1728 1930; x_wconf 89' lang='lat' dir='ltr'><strong>in</strong></span> 
     </span>
     <span class='ocr_line' id='line_1_15' title="bbox 317 1965 1729 2061; baseline 0.006 -32"><span class='ocrx_word' id='word_1_146' title='bbox 317 1967 432 2031; x_wconf 89' lang='lat' dir='ltr'><strong>medio</strong></span> <span class='ocrx_word' id='word_1_147' title='bbox 452 1968 624 2051; x_wconf 88' lang='lat' dir='ltr'><strong>relinquo.</strong></span> <span class='ocrx_word' id='word_1_148' title='bbox 639 1966 767 2054; x_wconf 79' lang='lat' dir='ltr'><strong>promi</strong></span> <span class='ocrx_word' id='word_1_149' title='bbox 787 1965 916 2061; x_wconf 82' lang='lat' dir='ltr'><strong>lingua</strong></span> <span class='ocrx_word' id='word_1_150' title='bbox 935 1972 996 2037; x_wconf 84' lang='lat' dir='ltr'><strong>cfr.</strong></span> <span class='ocrx_word' id='word_1_151' title='bbox 1019 1976 1097 2061; x_wconf 83' lang='lat' dir='ltr'><strong>Jug.</strong></span> <span class='ocrx_word' id='word_1_152' title='bbox 1123 1990 1173 2052; x_wconf 84' lang='grc'><strong>44.</strong></span> <span class='ocrx_word' id='word_1_153' title='bbox 1195 1976 1315 2061; x_wconf 89' lang='lat' dir='ltr'><strong>lingua</strong></span> <span class='ocrx_word' id='word_1_154' title='bbox 1335 1994 1440 2057; x_wconf 91' lang='lat' dir='ltr'><strong>quam</strong></span> <span class='ocrx_word' id='word_1_155' title='bbox 1460 1992 1565 2037; x_wconf 84' lang='lat' dir='ltr'><strong>manu</strong></span> <span class='ocrx_word' id='word_1_156' title='bbox 1585 1993 1729 2058; x_wconf 90' lang='lat' dir='ltr'><strong>promp-</strong></span> 
     </span>
     <span class='ocr_line' id='line_1_16' title="bbox 316 2072 1731 2165; baseline 0.001 -29"><span class='ocrx_word' id='word_1_157' title='bbox 316 2072 396 2137; x_wconf 88' lang='lat' dir='ltr'><strong>tior.</strong></span> <span class='ocrx_word' id='word_1_158' title='bbox 416 2082 450 2136; x_wconf 90' lang='lat' dir='ltr'><strong>et</strong></span> <span class='ocrx_word' id='word_1_159' title='bbox 468 2076 542 2137; x_wconf 84' lang='lat' dir='ltr'><strong>Liv.</strong></span> <span class='ocrx_word' id='word_1_160' title='bbox 567 2091 597 2138; x_wconf 92' lang='grc'><strong>4.</strong></span> <span class='ocrx_word' id='word_1_161' title='bbox 618 2077 669 2150; x_wconf 93' lang='grc'><strong>45.</strong></span> <span class='ocrx_word' id='word_1_162' title='bbox 687 2078 756 2141; x_wconf 85' lang='lat' dir='ltr'><strong>Sed</strong></span> <span class='ocrx_word' id='word_1_163' title='bbox 778 2072 944 2165; x_wconf 81' lang='lat' dir='ltr'><strong>linguam</strong></span> <span class='ocrx_word' id='word_1_164' title='bbox 965 2076 1084 2143; x_wconf 80' lang='lat' dir='ltr'><strong>alicui</strong></span> <span class='ocrx_word' id='word_1_165' title='bbox 1094 2078 1222 2163; x_wconf 84' lang='lat' dir='ltr'><strong>promi</strong></span> <span class='ocrx_word' id='word_1_166' title='bbox 1238 2080 1297 2143; x_wconf 83' lang='lat' dir='ltr'><strong>vix</strong></span> <span class='ocrx_word' id='word_1_167' title='bbox 1312 2080 1360 2141; x_wconf 82' lang='lat' dir='ltr'><strong>ab</strong></span> <span class='ocrx_word' id='word_1_168' title='bbox 1381 2079 1452 2142; x_wconf 84' lang='lat' dir='ltr'><strong>alio</strong></span> <span class='ocrx_word' id='word_1_169' title='bbox 1472 2078 1639 2161; x_wconf 77' lang='lat' dir='ltr'><strong>scriptore</strong></span> <span class='ocrx_word' id='word_1_170' title='bbox 1658 2078 1731 2139; x_wconf 86' lang='lat' dir='ltr'><strong>dic·</strong></span> 
     </span>
     <span class='ocr_line' id='line_1_17' title="bbox 317 2178 1731 2269; baseline 0 -28"><span class='ocrx_word' id='word_1_171' title='bbox 317 2186 391 2241; x_wconf 89' lang='lat' dir='ltr'><strong>tum</strong></span> <span class='ocrx_word' id='word_1_172' title='bbox 411 2178 577 2249; x_wconf 81' lang='lat' dir='ltr'><strong>invenias.</strong></span> <span class='ocrx_word' id='word_1_173' title='bbox 592 2198 720 2262; x_wconf 82' lang='lat' dir='ltr'><strong>presso</strong></span> <span class='ocrx_word' id='word_1_174' title='bbox 745 2180 881 2269; x_wconf 86' lang='lat' dir='ltr'><strong>gradu.</strong></span> <span class='ocrx_word' id='word_1_175' title='bbox 902 2184 1098 2263; x_wconf 88' lang='lat' dir='ltr'><strong>oppositum</strong></span> <span class='ocrx_word' id='word_1_176' title='bbox 1117 2184 1231 2263; x_wconf 83' lang='lat' dir='ltr'><strong>pleno</strong></span> <span class='ocrx_word' id='word_1_177' title='bbox 1251 2182 1372 2267; x_wconf 83' lang='lat' dir='ltr'><strong>gradu</strong></span> <span class='ocrx_word' id='word_1_178' title='bbox 1398 2182 1458 2243; x_wconf 81' lang='lat' dir='ltr'><strong>cir.</strong></span> <span class='ocrx_word' id='word_1_179' title='bbox 1483 2181 1558 2242; x_wconf 81' lang='lat' dir='ltr'><strong>Liv.</strong></span> <span class='ocrx_word' id='word_1_180' title='bbox 1588 2182 1617 2247; x_wconf 83' lang='lat' dir='ltr'><strong>o.</strong></span> <span class='ocrx_word' id='word_1_181' title='bbox 1640 2180 1671 2239; x_wconf 83' lang='grc'><strong>8.</strong></span> <span class='ocrx_word' id='word_1_182' title='bbox 1698 2188 1731 2243; x_wconf 89' lang='lat' dir='ltr'><strong>et</strong></span> 
     </span>
     <span class='ocr_line' id='line_1_18' title="bbox 320 2274 1729 2366; baseline 0.001 -22"><span class='ocrx_word' id='word_1_183' title='bbox 320 2284 369 2347; x_wconf 80' lang='lat' dir='ltr'><strong>nti.</strong></span> <span class='ocrx_word' id='word_1_184' title='bbox 394 2299 441 2360; x_wconf 80' lang='lat'><strong>14.</strong></span> <span class='ocrx_word' id='word_1_185' title='bbox 460 2283 550 2348; x_wconf 85' lang='lat' dir='ltr'><strong>hene</strong></span> <span class='ocrx_word' id='word_1_186' title='bbox 566 2285 663 2347; x_wconf 84' lang='lat' dir='ltr'><strong>Foro.</strong></span> <span class='ocrx_word' id='word_1_187' title='bbox 682 2281 706 2348; x_wconf 92' lang='lat' dir='ltr'><strong>i.</strong></span> <span class='ocrx_word' id='word_1_188' title='bbox 724 2304 754 2351; x_wconf 91' lang='lat' dir='ltr'><strong>e.</strong></span> <span class='ocrx_word' id='word_1_189' title='bbox 768 2285 883 2362; x_wconf 88' lang='lat' dir='ltr'><strong>lento,</strong></span> <span class='ocrx_word' id='word_1_190' title='bbox 910 2282 1027 2366; x_wconf 82' lang='lat' dir='ltr'><strong>qualis</strong></span> <span class='ocrx_word' id='word_1_191' title='bbox 1047 2292 1097 2349; x_wconf 86' lang='lat' dir='ltr'><strong>est</strong></span> <span class='ocrx_word' id='word_1_192' title='bbox 1115 2290 1214 2349; x_wconf 87' lang='lat' dir='ltr'><strong>caute</strong></span> <span class='ocrx_word' id='word_1_193' title='bbox 1243 2274 1495 2359; x_wconf 69' lang='lat' dir='ltr'><strong>incedentium</strong></span> <span class='ocrx_word' id='word_1_194' title='bbox 1522 2302 1594 2345; x_wconf 90' lang='lat' dir='ltr'><strong>non</strong></span> <span class='ocrx_word' id='word_1_195' title='bbox 1615 2289 1729 2347; x_wconf 88' lang='lat' dir='ltr'><strong>autem</strong></span> 
     </span>
     <span class='ocr_line' id='line_1_19' title="bbox 303 2386 1730 2475; baseline 0 -24"><span class='ocrx_word' id='word_1_196' title='bbox 303 2386 421 2474; x_wconf 79' lang='lat' dir='ltr'><strong>firmo</strong></span> <span class='ocrx_word' id='word_1_197' title='bbox 443 2390 539 2471; x_wconf 86' lang='lat' dir='ltr'><strong>quod</strong></span> <span class='ocrx_word' id='word_1_198' title='bbox 557 2388 652 2455; x_wconf 90' lang='lat' dir='ltr'><strong>idem</strong></span> <span class='ocrx_word' id='word_1_199' title='bbox 669 2390 784 2471; x_wconf 82' lang='lat' dir='ltr'><strong>addit;</strong></span> <span class='ocrx_word' id='word_1_200' title='bbox 804 2410 884 2455; x_wconf 89' lang='lat' dir='ltr'><strong>nam</strong></span> <span class='ocrx_word' id='word_1_201' title='bbox 900 2409 1039 2475; x_wconf 89' lang='lat' dir='ltr'><strong>pressus</strong></span> <span class='ocrx_word' id='word_1_202' title='bbox 1058 2412 1131 2455; x_wconf 87' lang='lat' dir='ltr'><strong>non</strong></span> <span class='ocrx_word' id='word_1_203' title='bbox 1152 2388 1296 2474; x_wconf 86' lang='lat' dir='ltr'><strong>dicitur,</strong></span> <span class='ocrx_word' id='word_1_204' title='bbox 1317 2387 1379 2470; x_wconf 86' lang='lat' dir='ltr'><strong>qui</strong></span> <span class='ocrx_word' id='word_1_205' title='bbox 1399 2400 1495 2453; x_wconf 79' lang='lat' dir='ltr'><strong>terrae</strong></span> <span class='ocrx_word' id='word_1_206' title='bbox 1516 2386 1730 2473; x_wconf 87' lang='lat' dir='ltr'><strong>inprimitur,</strong></span> 
     </span>
     <span class='ocr_line' id='line_1_20' title="bbox 318 2494 1730 2582; baseline 0.001 -25"><span class='ocrx_word' id='word_1_207' title='bbox 318 2496 378 2557; x_wconf 87' lang='lat' dir='ltr'><strong>sed</strong></span> <span class='ocrx_word' id='word_1_208' title='bbox 399 2495 463 2577; x_wconf 83' lang='lat' dir='ltr'><strong>qui</strong></span> <span class='ocrx_word' id='word_1_209' title='bbox 481 2496 738 2581; x_wconf 70' lang='lat' dir='ltr'><strong>comprimitum</strong></span> <span class='ocrx_word' id='word_1_210' title='bbox 765 2496 891 2582; x_wconf 76' lang='lat' dir='ltr'><strong>saepius</strong></span> <span class='ocrx_word' id='word_1_211' title='bbox 911 2495 1007 2563; x_wconf 86' lang='lat' dir='ltr'><strong>enim</strong></span> <span class='ocrx_word' id='word_1_212' title='bbox 1024 2517 1191 2580; x_wconf 83' lang='lat' dir='ltr'><strong>premere</strong></span> <span class='ocrx_word' id='word_1_213' title='bbox 1215 2504 1249 2560; x_wconf 84' lang='lat' dir='ltr'><strong>et</strong></span> <span class='ocrx_word' id='word_1_214' title='bbox 1271 2495 1387 2559; x_wconf 82' lang='lat' dir='ltr'><strong>laxare</strong></span> <span class='ocrx_word' id='word_1_215' title='bbox 1414 2503 1648 2579; x_wconf 90' lang='lat' dir='ltr'><strong>opponuntur.</strong></span> <span class='ocrx_word' id='word_1_216' title='bbox 1681 2494 1730 2559; x_wconf 84' lang='lat' dir='ltr'><strong>ita</strong></span> 
     </span>
     <span class='ocr_line' id='line_1_21' title="bbox 317 2598 1726 2689; baseline 0.001 -28"><span class='ocrx_word' id='word_1_217' title='bbox 317 2619 473 2682; x_wconf 87' lang='lat' dir='ltr'><strong>premere</strong></span> <span class='ocrx_word' id='word_1_218' title='bbox 492 2600 591 2667; x_wconf 85' lang='lat' dir='ltr'><strong>frena</strong></span> <span class='ocrx_word' id='word_1_219' title='bbox 615 2611 650 2667; x_wconf 91' lang='lat' dir='ltr'><strong>et</strong></span> <span class='ocrx_word' id='word_1_220' title='bbox 669 2603 824 2669; x_wconf 88' lang='lat' dir='ltr'><strong>habenas</strong></span> <span class='ocrx_word' id='word_1_221' title='bbox 843 2611 906 2668; x_wconf 83' lang='lat' dir='ltr'><strong>etc.</strong></span> <span class='ocrx_word' id='word_1_222' title='bbox 927 2600 989 2667; x_wconf 76' lang='lat' dir='ltr'><strong>cir.</strong></span> <span class='ocrx_word' id='word_1_223' title='bbox 1004 2602 1100 2689; x_wconf 89' lang='lat' dir='ltr'><strong>Virg.</strong></span> <span class='ocrx_word' id='word_1_224' title='bbox 1115 2604 1201 2667; x_wconf 80' lang='lat' dir='ltr'><strong>Aen.</strong></span> <span class='ocrx_word' id='word_1_225' title='bbox 1223 2603 1253 2669; x_wconf 85' lang='lat' dir='ltr'><strong>ti.</strong></span> <span class='ocrx_word' id='word_1_226' title='bbox 1277 2622 1347 2685; x_wconf 84' lang='lat'><strong>¹97·</strong></span> <span class='ocrx_word' id='word_1_227' title='bbox 1368 2598 1514 2686; x_wconf 84' lang='lat' dir='ltr'><strong>vestigia</strong></span> <span class='ocrx_word' id='word_1_228' title='bbox 1526 2600 1667 2687; x_wconf 88' lang='lat' dir='ltr'><strong>pressit;</strong></span> <span class='ocrx_word' id='word_1_229' title='bbox 1691 2608 1726 2665; x_wconf 91' lang='lat' dir='ltr'><strong>et</strong></span> 
     </span>
     <span class='ocr_line' id='line_1_22' title="bbox 319 2704 1727 2795; baseline -0.001 -24"><span class='ocrx_word' id='word_1_230' title='bbox 319 2704 393 2771; x_wconf 83' lang='lat' dir='ltr'><strong>vu.</strong></span> <span class='ocrx_word' id='word_1_231' title='bbox 415 2708 523 2771; x_wconf 79' lang='lat' dir='ltr'><strong>Flacc.</strong></span> <span class='ocrx_word' id='word_1_232' title='bbox 552 2724 581 2770; x_wconf 95' lang='grc'><strong>4.</strong></span> <span class='ocrx_word' id='word_1_233' title='bbox 605 2723 676 2785; x_wconf 88' lang='grc'><strong>444.</strong></span> <span class='ocrx_word' id='word_1_234' title='bbox 708 2710 848 2775; x_wconf 82' lang='lat' dir='ltr'><strong>attoniti</strong></span> <span class='ocrx_word' id='word_1_235' title='bbox 868 2729 1021 2795; x_wconf 87' lang='lat' dir='ltr'><strong>pressere</strong></span> <span class='ocrx_word' id='word_1_236' title='bbox 1039 2713 1202 2795; x_wconf 81' lang='lat' dir='ltr'><strong>gradum3</strong></span> <span class='ocrx_word' id='word_1_237' title='bbox 1231 2708 1281 2773; x_wconf 88' lang='lat' dir='ltr'><strong>ita</strong></span> <span class='ocrx_word' id='word_1_238' title='bbox 1311 2728 1450 2772; x_wconf 84' lang='lat' dir='ltr'><strong>causum</strong></span> <span class='ocrx_word' id='word_1_239' title='bbox 1472 2726 1629 2791; x_wconf 87' lang='lat' dir='ltr'><strong>premere</strong></span> <span class='ocrx_word' id='word_1_240' title='bbox 1656 2706 1727 2771; x_wconf 77' lang='lat' dir='ltr'><strong>eie.</strong></span> 
     </span>
     <span class='ocr_line' id='line_1_23' title="bbox 318 2808 1791 2893; baseline 0.001 -23"><span class='ocrx_word' id='word_1_241' title='bbox 318 2810 411 2871; x_wconf 87' lang='lat' dir='ltr'><strong>Brut.</strong></span> <span class='ocrx_word' id='word_1_242' title='bbox 431 2830 482 2889; x_wconf 83' lang='lat'><strong>97.</strong></span> <span class='ocrx_word' id='word_1_243' title='bbox 503 2808 699 2877; x_wconf 82' lang='lat' dir='ltr'><strong>certamini</strong></span> <span class='ocrx_word' id='word_1_244' title='bbox 713 2810 855 2879; x_wconf 77' lang='lat' dir='ltr'><strong>conscii</strong></span> <span class='ocrx_word' id='word_1_245' title='bbox 874 2814 1048 2879; x_wconf 90' lang='lat' dir='ltr'><strong>-rarius</strong></span> <span class='ocrx_word' id='word_1_246' title='bbox 1074 2815 1158 2877; x_wconf 88' lang='lat' dir='ltr'><strong>huic</strong></span> <span class='ocrx_word' id='word_1_247' title='bbox 1181 2812 1349 2888; x_wconf 83' lang='lat' dir='ltr'><strong>adjectivo</strong></span> <span class='ocrx_word' id='word_1_248' title='bbox 1377 2810 1514 2874; x_wconf 82' lang='lat' dir='ltr'><strong>dativus</strong></span> <span class='ocrx_word' id='word_1_249' title='bbox 1538 2814 1595 2873; x_wconf 88' lang='lat' dir='ltr'><strong>rei</strong></span> <span class='ocrx_word' id='word_1_250' title='bbox 1611 2811 1730 2893; x_wconf 87' lang='lat' dir='ltr'><strong>jungi·</strong></span> <span class='ocrx_word' id='word_1_251' title='bbox 1789 2836 1791 2843; x_wconf 70' lang='lat'><em>,</em></span> 
     </span>
     <span class='ocr_line' id='line_1_24' title="bbox 323 2911 1731 2997; baseline 0.001 -24"><span class='ocrx_word' id='word_1_252' title='bbox 323 2920 395 2995; x_wconf 86' lang='lat' dir='ltr'><strong>tur,</strong></span> <span class='ocrx_word' id='word_1_253' title='bbox 416 2919 450 2974; x_wconf 89' lang='lat' dir='ltr'><strong>et</strong></span> <span class='ocrx_word' id='word_1_254' title='bbox 472 2916 565 2995; x_wconf 87' lang='lat' dir='ltr'><strong>apud</strong></span> <span class='ocrx_word' id='word_1_255' title='bbox 591 2916 840 2978; x_wconf 83' lang='lat' dir='ltr'><strong>Grammaticos</strong></span> <span class='ocrx_word' id='word_1_256' title='bbox 870 2919 936 2978; x_wconf 86' lang='lat' dir='ltr'><strong>hac</strong></span> <span class='ocrx_word' id='word_1_257' title='bbox 960 2918 1003 2977; x_wconf 89' lang='lat' dir='ltr'><strong>de</strong></span> <span class='ocrx_word' id='word_1_258' title='bbox 1033 2922 1203 2977; x_wconf 84' lang='lat' dir='ltr'><strong>structura</strong></span> <span class='ocrx_word' id='word_1_259' title='bbox 1226 2914 1335 2973; x_wconf 82' lang='lat' dir='ltr'><strong>altum</strong></span> <span class='ocrx_word' id='word_1_260' title='bbox 1356 2911 1552 2995; x_wconf 89' lang='lat' dir='ltr'><strong>silentium,</strong></span> <span class='ocrx_word' id='word_1_261' title='bbox 1574 2912 1638 2975; x_wconf 92' lang='lat' dir='ltr'><strong>etsi</strong></span> <span class='ocrx_word' id='word_1_262' title='bbox 1663 2912 1731 2997; x_wconf 90' lang='lat' dir='ltr'><strong>ipsi</strong></span> 
     </span>
     <span class='ocr_line' id='line_1_25' title="bbox 323 3013 1728 3100; baseline 0.003 -23"><span class='ocrx_word' id='word_1_263' title='bbox 323 3014 484 3079; x_wconf 87' lang='lat' dir='ltr'><strong>Ciceroni</strong></span> <span class='ocrx_word' id='word_1_264' title='bbox 504 3014 630 3079; x_wconf 85' lang='lat' dir='ltr'><strong>usitata</strong></span> <span class='ocrx_word' id='word_1_265' title='bbox 651 3024 711 3081; x_wconf 93' lang='lat' dir='ltr'><strong>est.</strong></span> <span class='ocrx_word' id='word_1_266' title='bbox 732 3015 887 3080; x_wconf 81' lang='lat' dir='ltr'><strong>cfr..Cic.</strong></span> <span class='ocrx_word' id='word_1_267' title='bbox 902 3034 968 3100; x_wconf 88' lang='lat' dir='ltr'><strong>pro</strong></span> <span class='ocrx_word' id='word_1_268' title='bbox 988 3015 1094 3081; x_wconf 76' lang='lat' dir='ltr'><strong>calio</strong></span> <span class='ocrx_word' id='word_1_269' title='bbox 1108 3034 1135 3078; x_wconf 94' lang='lat' dir='ltr'><strong>c.</strong></span> <span class='ocrx_word' id='word_1_270' title='bbox 1158 3035 1206 3079; x_wconf 88' lang='lat' dir='ltr'><strong>nr.</strong></span> <span class='ocrx_word' id='word_1_271' title='bbox 1225 3013 1264 3077; x_wconf 91' lang='lat' dir='ltr'><strong>in</strong></span> <span class='ocrx_word' id='word_1_272' title='bbox 1279 3015 1375 3081; x_wconf 71' lang='lat' dir='ltr'><strong>Veri.</strong></span> <span class='ocrx_word' id='word_1_273' title='bbox 1395 3030 1425 3093; x_wconf 85' lang='grc'><strong>4.</strong></span> <span class='ocrx_word' id='word_1_274' title='bbox 1441 3017 1490 3079; x_wconf 88' lang='grc'><strong>56.</strong></span> <span class='ocrx_word' id='word_1_275' title='bbox 1509 3018 1573 3083; x_wconf 86' lang='lat' dir='ltr'><strong>Sed</strong></span> <span class='ocrx_word' id='word_1_276' title='bbox 1597 3015 1728 3081; x_wconf 90' lang='lat' dir='ltr'><strong>nihilo-</strong></span> 
     </span>
    </p>
   </div>
   <div class='ocr_carea' id='block_1_5' title="bbox 322 3108 1857 3207">
    <p class='ocr_par' dir='ltr' id='par_1_5' title="bbox 322 3108 1857 3207">
     <span class='ocr_line' id='line_1_26' title="bbox 322 3108 1857 3207; baseline 0.001 -22"><span class='ocrx_word' id='word_1_277' title='bbox 322 3120 440 3185; x_wconf 88' lang='lat' dir='ltr'><strong>minus</strong></span> <span class='ocrx_word' id='word_1_278' title='bbox 463 3130 577 3187; x_wconf 87' lang='lat' dir='ltr'><strong>tamen</strong></span> <span class='ocrx_word' id='word_1_279' title='bbox 585 3121 694 3205; x_wconf 90' lang='lat' dir='ltr'><strong>dictio</strong></span> <span class='ocrx_word' id='word_1_280' title='bbox 711 3118 863 3185; x_wconf 86' lang='lat' dir='ltr'><strong>insolita.</strong></span> <span class='ocrx_word' id='word_1_281' title='bbox 885 3138 1004 3185; x_wconf 87' lang='lat' dir='ltr'><strong>sensus</strong></span> <span class='ocrx_word' id='word_1_282' title='bbox 1024 3118 1117 3183; x_wconf 90' lang='lat' dir='ltr'><strong>enim</strong></span> <span class='ocrx_word' id='word_1_283' title='bbox 1137 3138 1209 3185; x_wconf 88' lang='lat' dir='ltr'><strong>esse</strong></span> <span class='ocrx_word' id='word_1_284' title='bbox 1229 3118 1384 3184; x_wconf 81' lang='lat' dir='ltr'><strong>videtur:</strong></span> <span class='ocrx_word' id='word_1_285' title='bbox 1405 3140 1483 3183; x_wconf 90' lang='lat' dir='ltr'><strong>cum</strong></span> <span class='ocrx_word' id='word_1_286' title='bbox 1507 3124 1600 3185; x_wconf 86' lang='lat' dir='ltr'><strong>haud</strong></span> <span class='ocrx_word' id='word_1_287' title='bbox 1615 3122 1731 3207; x_wconf 89' lang='lat' dir='ltr'><strong>ignari</strong></span> <span class='ocrx_word' id='word_1_288' title='bbox 1837 3108 1857 3125; x_wconf 50' lang='lat'>³</span> 
     </span>
    </p>
   </div>
   <div class='ocr_carea' id='block_1_6' title="bbox 320 3224 1730 3946">
    <p class='ocr_par' dir='ltr' id='par_1_6' title="bbox 320 3224 1730 3946">
     <span class='ocr_line' id='line_1_27' title="bbox 322 3224 1730 3318; baseline -0.002 -25"><span class='ocrx_word' id='word_1_289' title='bbox 322 3233 434 3293; x_wconf 85' lang='lat' dir='ltr'><strong>essent</strong></span> <span class='ocrx_word' id='word_1_290' title='bbox 453 3227 670 3313; x_wconf 75' lang='lat' dir='ltr'><strong>certaminis,</strong></span> <span class='ocrx_word' id='word_1_291' title='bbox 691 3229 786 3309; x_wconf 87' lang='lat' dir='ltr'><strong>quod</strong></span> <span class='ocrx_word' id='word_1_292' title='bbox 806 3225 957 3290; x_wconf 84' lang='lat' dir='ltr'><strong>Romani</strong></span> <span class='ocrx_word' id='word_1_293' title='bbox 972 3225 1017 3318; x_wconf 25' lang='lat' dir='ltr'><strong>,iu</strong></span> <span class='ocrx_word' id='word_1_294' title='bbox 1039 3244 1080 3289; x_wconf 90' lang='lat' dir='ltr'><strong>eo</strong></span> <span class='ocrx_word' id='word_1_295' title='bbox 1103 3232 1216 3307; x_wconf 89' lang='lat' dir='ltr'><strong>erant,</strong></span> <span class='ocrx_word' id='word_1_296' title='bbox 1238 3234 1278 3289; x_wconf 90' lang='lat' dir='ltr'><strong>ut</strong></span> <span class='ocrx_word' id='word_1_297' title='bbox 1299 3232 1526 3293; x_wconf 86' lang='lat' dir='ltr'><strong>consererent.</strong></span> <span class='ocrx_word' id='word_1_298' title='bbox 1538 3224 1658 3315; x_wconf 75' lang='lat' dir='ltr'><strong>juxta</strong></span> <span class='ocrx_word' id='word_1_299' title='bbox 1674 3247 1730 3290; x_wconf 83' lang='lat' dir='ltr'><strong>se-</strong></span> 
     </span>
     <span class='ocr_line' id='line_1_28' title="bbox 323 3329 1729 3414; baseline -0.004 -16"><span class='ocrx_word' id='word_1_300' title='bbox 323 3329 496 3403; x_wconf 84' lang='lat' dir='ltr'><strong>ditionem</strong></span> <span class='ocrx_word' id='word_1_301' title='bbox 520 3340 630 3397; x_wconf 88' lang='lat' dir='ltr'><strong>erant</strong></span> <span class='ocrx_word' id='word_1_302' title='bbox 661 3332 685 3395; x_wconf 91' lang='lat' dir='ltr'><strong>i.</strong></span> <span class='ocrx_word' id='word_1_303' title='bbox 710 3352 740 3397; x_wconf 91' lang='lat' dir='ltr'><strong>e.</strong></span> <span class='ocrx_word' id='word_1_304' title='bbox 763 3333 859 3395; x_wconf 87' lang='lat' dir='ltr'><strong>haud</strong></span> <span class='ocrx_word' id='word_1_305' title='bbox 887 3332 1010 3414; x_wconf 77' lang='lat' dir='ltr'><strong>promul</strong></span> <span class='ocrx_word' id='word_1_306' title='bbox 1033 3350 1054 3394; x_wconf 87' lang='lat' dir='ltr'><strong>a</strong></span> <span class='ocrx_word' id='word_1_307' title='bbox 1075 3331 1246 3398; x_wconf 81' lang='lat' dir='ltr'><strong>seditione</strong></span> <span class='ocrx_word' id='word_1_308' title='bbox 1269 3330 1422 3395; x_wconf 88' lang='lat' dir='ltr'><strong>aberant.</strong></span> <span class='ocrx_word' id='word_1_309' title='bbox 1452 3330 1513 3394; x_wconf 83' lang='lat' dir='ltr'><strong>cfr.</strong></span> <span class='ocrx_word' id='word_1_310' title='bbox 1534 3332 1614 3397; x_wconf 85' lang='lat' dir='ltr'><strong>Tac.</strong></span> <span class='ocrx_word' id='word_1_311' title='bbox 1639 3330 1729 3395; x_wconf 78' lang='lat' dir='ltr'><strong>Anu.</strong></span> 
     </span>
     <span class='ocr_line' id='line_1_29' title="bbox 324 3436 1730 3519; baseline -0.001 -18"><span class='ocrx_word' id='word_1_312' title='bbox 324 3441 353 3502; x_wconf 78' lang='lat'><strong>6.</strong></span> <span class='ocrx_word' id='word_1_313' title='bbox 373 3444 421 3503; x_wconf 82' lang='grc'><strong>43.</strong></span> <span class='ocrx_word' id='word_1_314' title='bbox 436 3440 534 3519; x_wconf 80' lang='lat' dir='ltr'><strong>juxta</strong></span> <span class='ocrx_word' id='word_1_315' title='bbox 554 3437 762 3505; x_wconf 79' lang='lat' dir='ltr'><strong>seditionem</strong></span> <span class='ocrx_word' id='word_1_316' title='bbox 779 3446 920 3503; x_wconf 83' lang='lat' dir='ltr'><strong>ventum</strong></span> <span class='ocrx_word' id='word_1_317' title='bbox 941 3446 975 3501; x_wconf 89' lang='lat' dir='ltr'><strong>et</strong></span> <span class='ocrx_word' id='word_1_318' title='bbox 985 3440 1074 3501; x_wconf 83' lang='lat' dir='ltr'><strong>Anu.</strong></span> <span class='ocrx_word' id='word_1_319' title='bbox 1097 3454 1144 3515; x_wconf 81' lang='grc'><strong>44.</strong></span> <span class='ocrx_word' id='word_1_320' title='bbox 1163 3454 1215 3515; x_wconf 90' lang='grc'><strong>44.</strong></span> <span class='ocrx_word' id='word_1_321' title='bbox 1235 3456 1344 3519; x_wconf 86' lang='lat' dir='ltr'><strong>usque</strong></span> <span class='ocrx_word' id='word_1_322' title='bbox 1361 3440 1406 3500; x_wconf 88' lang='lat' dir='ltr'><strong>ad</strong></span> <span class='ocrx_word' id='word_1_323' title='bbox 1422 3436 1629 3503; x_wconf 79' lang='lat' dir='ltr'><strong>seditionem</strong></span> <span class='ocrx_word' id='word_1_324' title='bbox 1647 3456 1730 3501; x_wconf 77' lang='lat' dir='ltr'><strong>ren-</strong></span> 
     </span>
     <span class='ocr_line' id='line_1_30' title="bbox 320 3542 1728 3635; baseline 0 -28"><span class='ocrx_word' id='word_1_325' title='bbox 320 3542 408 3608; x_wconf 89' lang='lat' dir='ltr'><strong>tum.</strong></span> <span class='ocrx_word' id='word_1_326' title='bbox 429 3546 563 3625; x_wconf 82' lang='lat' dir='ltr'><strong>offerre</strong></span> <span class='ocrx_word' id='word_1_327' title='bbox 576 3566 743 3635; x_wconf 82' lang='lat' dir='ltr'><strong>pugnam</strong></span> <span class='ocrx_word' id='word_1_328' title='bbox 769 3544 793 3608; x_wconf 92' lang='lat' dir='ltr'><strong>i.</strong></span> <span class='ocrx_word' id='word_1_329' title='bbox 810 3565 839 3609; x_wconf 91' lang='lat' dir='ltr'><strong>e.</strong></span> <span class='ocrx_word' id='word_1_330' title='bbox 858 3545 952 3609; x_wconf 88' lang='lat' dir='ltr'><strong>hosti</strong></span> <span class='ocrx_word' id='word_1_331' title='bbox 971 3543 1087 3610; x_wconf 89' lang='lat' dir='ltr'><strong>locum</strong></span> <span class='ocrx_word' id='word_1_332' title='bbox 1107 3544 1287 3630; x_wconf 86' lang='lat' dir='ltr'><strong>pugnandi</strong></span> <span class='ocrx_word' id='word_1_333' title='bbox 1306 3546 1406 3620; x_wconf 71' lang='lat' dir='ltr'><strong>dares</strong></span> <span class='ocrx_word' id='word_1_334' title='bbox 1429 3543 1543 3610; x_wconf 90' lang='lat' dir='ltr'><strong>simile</strong></span> <span class='ocrx_word' id='word_1_335' title='bbox 1566 3551 1617 3608; x_wconf 88' lang='lat' dir='ltr'><strong>cst</strong></span> <span class='ocrx_word' id='word_1_336' title='bbox 1636 3544 1728 3629; x_wconf 88' lang='lat' dir='ltr'><strong>apud</strong></span> 
     </span>
     <span class='ocr_line' id='line_1_31' title="bbox 323 3646 1729 3739; baseline 0 -24"><span class='ocrx_word' id='word_1_337' title='bbox 323 3652 403 3715; x_wconf 87' lang='lat' dir='ltr'><strong>Tac.</strong></span> <span class='ocrx_word' id='word_1_338' title='bbox 426 3650 514 3714; x_wconf 88' lang='lat' dir='ltr'><strong>Hist.</strong></span> <span class='ocrx_word' id='word_1_339' title='bbox 534 3668 564 3713; x_wconf 88' lang='grc'><strong>4.</strong></span> <span class='ocrx_word' id='word_1_340' title='bbox 583 3666 631 3727; x_wconf 62' lang='lat' dir='ltr'><strong>rt„</strong></span> <span class='ocrx_word' id='word_1_341' title='bbox 651 3670 688 3717; x_wconf 89' lang='lat' dir='ltr'><strong>se</strong></span> <span class='ocrx_word' id='word_1_342' title='bbox 708 3650 846 3715; x_wconf 89' lang='lat' dir='ltr'><strong>incaute</strong></span> <span class='ocrx_word' id='word_1_343' title='bbox 861 3650 954 3716; x_wconf 89' lang='lat' dir='ltr'><strong>hosti</strong></span> <span class='ocrx_word' id='word_1_344' title='bbox 974 3646 1110 3719; x_wconf 83' lang='lat' dir='ltr'><strong>offerre.</strong></span> <span class='ocrx_word' id='word_1_345' title='bbox 1129 3654 1254 3730; x_wconf 69' lang='lat' dir='ltr'><strong>-rfip-</strong></span> <span class='ocrx_word' id='word_1_346' title='bbox 1274 3646 1425 3739; x_wconf 80' lang='lat' dir='ltr'><strong>Magnis</strong></span> <span class='ocrx_word' id='word_1_347' title='bbox 1442 3648 1611 3734; x_wconf 77' lang='lat' dir='ltr'><strong>operibus</strong></span> <span class='ocrx_word' id='word_1_348' title='bbox 1630 3670 1729 3715; x_wconf 88' lang='lat' dir='ltr'><strong>com·</strong></span> 
     </span>
     <span class='ocr_line' id='line_1_32' title="bbox 325 3753 1730 3842; baseline 0 -23"><span class='ocrx_word' id='word_1_349' title='bbox 325 3753 471 3819; x_wconf 86' lang='lat' dir='ltr'><strong>munita</strong></span> <span class='ocrx_word' id='word_1_350' title='bbox 490 3763 660 3819; x_wconf 88' lang='lat' dir='ltr'><strong>-castra</strong></span> <span class='ocrx_word' id='word_1_351' title='bbox 680 3756 828 3835; x_wconf 79' lang='lat' dir='ltr'><strong>scilicet3</strong></span> <span class='ocrx_word' id='word_1_352' title='bbox 848 3759 915 3821; x_wconf 87' lang='lat' dir='ltr'><strong>hoc</strong></span> <span class='ocrx_word' id='word_1_353' title='bbox 943 3756 1038 3823; x_wconf 89' lang='lat' dir='ltr'><strong>enim</strong></span> <span class='ocrx_word' id='word_1_354' title='bbox 1062 3756 1289 3840; x_wconf 89' lang='lat' dir='ltr'><strong>supplendum</strong></span> <span class='ocrx_word' id='word_1_355' title='bbox 1311 3774 1382 3821; x_wconf 87' lang='lat' dir='ltr'><strong>esse</strong></span> <span class='ocrx_word' id='word_1_356' title='bbox 1397 3755 1541 3821; x_wconf 78' lang='lat' dir='ltr'><strong>videtur.</strong></span> <span class='ocrx_word' id='word_1_357' title='bbox 1565 3766 1730 3842; x_wconf 77' lang='lat' dir='ltr'><strong>praterea</strong></span> 
     </span>
     <span class='ocr_line' id='line_1_33' title="bbox 326 3850 1729 3946; baseline -0.001 -22"><span class='ocrx_word' id='word_1_358' title='bbox 326 3858 559 3946; x_wconf 80' lang='lat' dir='ltr'><strong>hispraeponit</strong></span> <span class='ocrx_word' id='word_1_359' title='bbox 568 3859 674 3925; x_wconf 86' lang='lat' dir='ltr'><strong>Debr.</strong></span> <span class='ocrx_word' id='word_1_360' title='bbox 683 3862 886 3946; x_wconf 80' lang='lat' dir='ltr'><strong>Spartacus</strong></span> <span class='ocrx_word' id='word_1_361' title='bbox 896 3869 995 3927; x_wconf 85' lang='lat' dir='ltr'><strong>tenet</strong></span> <span class='ocrx_word' id='word_1_362' title='bbox 1003 3881 1090 3926; x_wconf 85' lang='lat' dir='ltr'><strong>suos</strong></span> <span class='ocrx_word' id='word_1_363' title='bbox 1101 3855 1214 3925; x_wconf 86' lang='lat' dir='ltr'><strong>intra.</strong></span> <span class='ocrx_word' id='word_1_364' title='bbox 1226 3898 1268 3937; x_wconf 53' lang='grc' dir='ltr'><strong>-φ</strong></span> <span class='ocrx_word' id='word_1_365' title='bbox 1278 3850 1528 3945; x_wconf 74' lang='lat' dir='ltr'><strong>stationesque</strong></span> <span class='ocrx_word' id='word_1_366' title='bbox 1541 3904 1582 3919; x_wconf 91' lang='lat'><em>-</em></span> <span class='ocrx_word' id='word_1_367' title='bbox 1590 3863 1729 3929; x_wconf 87' lang='lat' dir='ltr'><strong>videtur</strong></span> 
     </span>
    </p>
   </div>
   <div class='ocr_carea' id='block_1_7' title="bbox 327 3962 1729 4265">
    <p class='ocr_par' dir='ltr' id='par_1_7' title="bbox 327 3962 1729 4265">
     <span class='ocr_line' id='line_1_34' title="bbox 328 3962 1729 4057; baseline -0.001 -28"><span class='ocrx_word' id='word_1_368' title='bbox 328 3970 581 4031; x_wconf 85' lang='lat' dir='ltr'><strong>emendandum</strong></span> <span class='ocrx_word' id='word_1_369' title='bbox 598 3986 687 4032; x_wconf 84' lang='lat' dir='ltr'><strong>esse:</strong></span> <span class='ocrx_word' id='word_1_370' title='bbox 714 3962 894 4033; x_wconf 85' lang='lat' dir='ltr'><strong>stationes</strong></span> <span class='ocrx_word' id='word_1_371' title='bbox 914 3963 1151 4057; x_wconf 80' lang='lat' dir='ltr'><strong>vigiliasque3</strong></span> <span class='ocrx_word' id='word_1_372' title='bbox 1172 3968 1229 4032; x_wconf 84' lang='lat' dir='ltr'><strong>vix</strong></span> <span class='ocrx_word' id='word_1_373' title='bbox 1250 3965 1344 4031; x_wconf 89' lang='lat' dir='ltr'><strong>enim</strong></span> <span class='ocrx_word' id='word_1_374' title='bbox 1367 3966 1495 4051; x_wconf 84' lang='lat' dir='ltr'><strong>aliquis</strong></span> <span class='ocrx_word' id='word_1_375' title='bbox 1514 3968 1553 4032; x_wconf 91' lang='lat' dir='ltr'><strong>in</strong></span> <span class='ocrx_word' id='word_1_376' title='bbox 1577 3975 1729 4034; x_wconf 90' lang='lat' dir='ltr'><strong>mentem</strong></span> 
     </span>
     <span class='ocr_line' id='line_1_35' title="bbox 327 4071 1726 4159; baseline 0 -24"><span class='ocrx_word' id='word_1_377' title='bbox 327 4071 396 4137; x_wconf 92' lang='lat' dir='ltr'><strong>sibi</strong></span> <span class='ocrx_word' id='word_1_378' title='bbox 414 4071 789 4159; x_wconf 81' lang='lat' dir='ltr'><strong>inducat,·particulas</strong></span> <span class='ocrx_word' id='word_1_379' title='bbox 816 4096 902 4157; x_wconf 85' lang='lat' dir='ltr'><strong>que,</strong></span> <span class='ocrx_word' id='word_1_380' title='bbox 928 4080 966 4137; x_wconf 87' lang='lat' dir='ltr'><strong>et</strong></span> <span class='ocrx_word' id='word_1_381' title='bbox 994 4074 1031 4136; x_wconf 91' lang='lat' dir='ltr'><strong>h.</strong></span> <span class='ocrx_word' id='word_1_382' title='bbox 1055 4072 1079 4137; x_wconf 90' lang='lat' dir='ltr'><strong>l.</strong></span> <span class='ocrx_word' id='word_1_383' title='bbox 1109 4073 1152 4136; x_wconf 85' lang='lat' dir='ltr'><strong>ab</strong></span> <span class='ocrx_word' id='word_1_384' title='bbox 1175 4082 1313 4139; x_wconf 84' lang='lat' dir='ltr'><strong>auctore</strong></span> <span class='ocrx_word' id='word_1_385' title='bbox 1343 4092 1414 4140; x_wconf 81' lang='lat' dir='ltr'><strong>esse</strong></span> <span class='ocrx_word' id='word_1_386' title='bbox 1445 4074 1627 4159; x_wconf 87' lang='lat' dir='ltr'><strong>oppositas.</strong></span> <span class='ocrx_word' id='word_1_387' title='bbox 1657 4086 1726 4150; x_wconf 75' lang='lat' dir='ltr'><strong>qut</strong></span> 
     </span>
     <span class='ocr_line' id='line_1_36' title="bbox 328 4178 1728 4265; baseline -0.006 -21"><span class='ocrx_word' id='word_1_388' title='bbox 328 4183 372 4245; x_wconf 92' lang='lat' dir='ltr'><strong>de</strong></span> <span class='ocrx_word' id='word_1_389' title='bbox 404 4200 442 4246; x_wconf 87' lang='lat' dir='ltr'><strong>re</strong></span> <span class='ocrx_word' id='word_1_390' title='bbox 480 4180 541 4244; x_wconf 87' lang='lat' dir='ltr'><strong>cfr.</strong></span> <span class='ocrx_word' id='word_1_391' title='bbox 576 4181 667 4245; x_wconf 86' lang='lat' dir='ltr'><strong>Gort.</strong></span> <span class='ocrx_word' id='word_1_392' title='bbox 702 4183 749 4243; x_wconf 85' lang='lat' dir='ltr'><strong>ad</strong></span> <span class='ocrx_word' id='word_1_393' title='bbox 779 4181 859 4265; x_wconf 84' lang='lat' dir='ltr'><strong>Jug.</strong></span> <span class='ocrx_word' id='word_1_394' title='bbox 889 4185 937 4243; x_wconf 82' lang='lat'><strong>55.</strong></span> <span class='ocrx_word' id='word_1_395' title='bbox 976 4205 1004 4242; x_wconf 81' lang='lat' dir='ltr'><strong>r.</strong></span> <span class='ocrx_word' id='word_1_396' title='bbox 1034 4188 1069 4245; x_wconf 91' lang='lat' dir='ltr'><strong>et</strong></span> <span class='ocrx_word' id='word_1_397' title='bbox 1099 4178 1191 4244; x_wconf 81' lang='lat' dir='ltr'><strong>intra</strong></span> <span class='ocrx_word' id='word_1_398' title='bbox 1221 4180 1263 4247; x_wconf 81' lang='lat' dir='ltr'><strong>ir.</strong></span> <span class='ocrx_word' id='word_1_399' title='bbox 1301 4183 1369 4261; x_wconf 67' lang='lat'><strong>²47·</strong></span> <span class='ocrx_word' id='word_1_400' title='bbox 1411 4181 1458 4243; x_wconf 89' lang='lat' dir='ltr'><strong>ita</strong></span> <span class='ocrx_word' id='word_1_401' title='bbox 1492 4178 1655 4241; x_wconf 88' lang='lat' dir='ltr'><strong>stationes</strong></span> <span class='ocrx_word' id='word_1_402' title='bbox 1694 4181 1728 4237; x_wconf 88' lang='lat' dir='ltr'><strong>et</strong></span> 
     </span>
    </p>
   </div>
   <div class='ocr_carea' id='block_1_8' title="bbox 256 4278 1728 4445">
    <p class='ocr_par' dir='ltr' id='par_1_8' title="bbox 256 4278 1728 4445">
     <span class='ocr_line' id='line_1_37' title="bbox 256 4278 1728 4386; baseline -0.007 -37"><span class='ocrx_word' id='word_1_403' title='bbox 256 4378 260 4383; x_wconf 15' lang='grc' dir='ltr'><em>ι</em></span> <span class='ocrx_word' id='word_1_404' title='bbox 327 4286 458 4372; x_wconf 79' lang='lat' dir='ltr'><strong>vigiliae</strong></span> <span class='ocrx_word' id='word_1_405' title='bbox 486 4285 671 4370; x_wconf 73' lang='lat' dir='ltr'><strong>sepissime</strong></span> <span class='ocrx_word' id='word_1_406' title='bbox 701 4294 966 4371; x_wconf 89' lang='lat' dir='ltr'><strong>componuntur.</strong></span> <span class='ocrx_word' id='word_1_407' title='bbox 999 4284 1060 4349; x_wconf 81' lang='lat' dir='ltr'><strong>cfr.</strong></span> <span class='ocrx_word' id='word_1_408' title='bbox 1091 4285 1131 4349; x_wconf 82' lang='lat' dir='ltr'><strong>fr.</strong></span> <span class='ocrx_word' id='word_1_409' title='bbox 1161 4305 1201 4354; x_wconf 85' lang='grc'><strong>4.,</strong></span> <span class='ocrx_word' id='word_1_410' title='bbox 1221 4303 1269 4386; x_wconf 74' lang='lat'><strong>²7.</strong></span> <span class='ocrx_word' id='word_1_411' title='bbox 1299 4283 1371 4349; x_wconf 84' lang='lat' dir='ltr'><strong>Liv.</strong></span> <span class='ocrx_word' id='word_1_412' title='bbox 1396 4284 1426 4347; x_wconf 73' lang='lat'><strong>32</strong></span> <span class='ocrx_word' id='word_1_413' title='bbox 1451 4284 1479 4347; x_wconf 89' lang='grc'><strong>5.</strong></span> <span class='ocrx_word' id='word_1_414' title='bbox 1501 4282 1581 4343; x_wconf 86' lang='lat' dir='ltr'><strong>Tac.</strong></span> <span class='ocrx_word' id='word_1_415' title='bbox 1608 4278 1728 4346; x_wconf 71' lang='lat' dir='ltr'><strong>Anum.</strong></span> 
     </span>
     <span class='ocr_line' id='line_1_38' title="bbox 1410 4386 1532 4445; baseline 0 -36"><span class='ocrx_word' id='word_1_416' title='bbox 1410 4392 1434 4445; x_wconf 47' lang='grc' dir='ltr'><strong>,ὅ</strong></span> <span class='ocrx_word' id='word_1_417' title='bbox 1524 4386 1532 4409; x_wconf 90' lang='grc'><strong>.</strong></span> 
     </span>
    </p>
   </div>
   <div class='ocr_carea' id='block_1_9' title="bbox 0 0 2038 5009">
    <p class='ocr_par' dir='ltr' id='par_1_9' title="bbox 0 0 2038 5009">
     <span class='ocr_line' id='line_1_39' title="bbox 0 0 2038 5009; baseline 0 0"><span class='ocrx_word' id='word_1_418' title='bbox 0 0 2038 5009; x_wconf 95' lang='lat' dir='ltr'><strong> </strong></span> 
     </span>
    </p>
   </div>
  </div>
 </body>
</html>
