4050 5009
1585 373 1654 446 581

253 566 316 628 buc
330 585 399 648 pass
411 575 447 626 ut
458 565 573 648 reliqua
587 563 731 644 οοιτοοιι)
752 597 768 612 -
786 581 873 646 agros
892 564 1002 624 vallare
1016 593 1033 610 ·
1054 563 1197 648 intelligit
1209 594 1228 612 ·
1246 566 1293 625 uti
1315 597 1332 610 ·
1355 565 1554 628 adulescentes
1566 597 1585 614 -
1605 585 1659 628 ιιι·

223 737 229 748 ‚
254 691 323 734 mor
341 669 463 733 demens
478 703 498 720 -
517 683 552 731 ut
563 671 681 752 optimo
697 689 817 752 quoqne
832 699 848 716 ·
869 667 910 728 ob
928 667 1044 729 medem
1063 669 1133 730 artis
1152 702 1170 718 -
1195 673 1243 734 23.
1257 669 1353 730 lirina
1369 671 1521 733 decessisse
1536 705 1555 722 ·
1581 673 1659 733 arri-
1704 725 1707 730 .

255 799 322 863 gere
332 811 348 824 -
363 777 409 840 uti
420 797 499 859 per-
518 777 587 836 dein
599 777 728 838 Romam
741 809 755 824 -
770 785 818 847 st.
829 775 923 855 petris
937 776 996 836 mei
1005 773 1293 840 beneficis-Verum
1304 796 1386 838 nune
1398 785 1524 839 vestrum
1542 779 1633 838 umis
1643 813 1659 826 -

256 885 363 967 quanti
384 885 501 944 iecerat.
525 882 661 964 quidest
680 882 817 940 salictum
839 879 928 940 nobis
952 913 972 928 ·
1006 901 1025 940 a
1050 873 1111 962 spuo
1141 901 1259 944 movere
1281 884 1373 964 possit
1394 915 1412 931 ·
1432 883 1544 963 privata
1564 887 1659 965 gratia

253 989 362 1052 devicit
375 1019 395 1038 ο
416 991 449 1048 in
469 990 536 1070 quis
559 989 617 1047 soit
639 1016 654 1030 ·
673 981 808 1066 rapiebat
827 1004 869 1043 m.
889 1003 935 1065 pr.
957 1015 976 1032 ·
995 987 1116 1044 armatis
1135 1018 1152 1031 -
1175 999 1273 1067 coeptu
1292 991 1339 1050 illi
1361 989 1490 1049 ministri
1509 1019 1528 1036 -
1543 986 1660 1068 (multa

208 1170 214 1175 g
252 1099 287 1156 in
301 1091 514 1178 orthographia
522 1091 655 1175 peceato)
674 1093 708 1152 in
727 1092 793 1172 quis
806 1091 866 1152 tuit
885 1121 905 1140 ·
919 1100 1029 1152 secretu
1042 1093 1189 1175 transigit.
1202 1093 1264 1155 NB.
1275 1105 1390 1175 partem
1408 1115 1426 1154 a
1444 1094 1541 1155 scriba
1553 1095 1658 1156 misere

252 1213 423 1283 corruptam
434 1203 567 1263 conlmra
581 1200 685 1274 nolui,
703 1217 795 1279 uque
812 1197 850 1256 ad
868 1219 935 1279 cap.
963 1211 1013 1274 41.
1041 1197 1147 1260 rerboe
1182 1199 1349 1263 dilacerata
1373 1199 1426 1260 nbi
1450 1199 1578 1273 desinit3
1610 1200 1660 1259 in-

253 1309 328 1390 cipit
348 1325 416 1389 pars
441 1304 704 1374 alterinscodicis
723 1303 827 1364 indes
846 1325 913 1386 cap.
934 1305 982 1368 52.
1008 1303 1099 1366 verbo
1117 1307 1302 1366 oennbnnt·
1326 1305 1493 1386 intellegere
1510 1337 1528 1354 -
1549 1306 1659 1386 integri

251 1412 369 1474 abdunt
389 1433 432 1474 ιιι.
449 1433 506 1474 sec.
525 1412 644 1472 abnue
663 1410 813 1491 (Ceterum
833 1412 908 1471 alter
918 1410 1005 1484 iiber,
1027 1417 1112 1490 cuius
1124 1433 1223 1493 paneae
1242 1423 1336 1495 partes
1353 1424 1476 1488 emunt,
1495 1414 1659 1474 accuratius

251 1520 395 1598 scriptus)
414 1519 480 1576 lessi
496 1520 616 1598 laetique
640 1549 657 1562 -
675 1519 757 1578 uelut
776 1515 872 1576 boetes
889 1516 1046 1578 adventure
1063 1543 1082 1562 υ
1100 1517 1276 1586 detrectant.
1300 1519 1349 1580 51.
1371 1522 1403 1580 in
1418 1519 1511 1580 isdem
1533 1520 1661 1580 eastris-

252 1622 390 1683 bortatur
410 1623 457 1701 (nt
477 1606 518 1682 m.
538 1643 598 1685 sec.
614 1643 682 1704 sup.
705 1623 774 1701 lin.)
795 1622 834 1683 ad
854 1634 955 1684 caetera
973 1653 993 1671 ·
1008 1623 1062 1684 ubi
1086 1627 1220 1708 gentium
1244 1635 1318 1688 esset
1336 1635 1394 1690 aut,
1412 1624 1485 1706 qnid
1502 1625 1626 1706 agitaret
1643 1653 1661 1668 ·

252 1747 339 1788 neruo
358 1728 492 1788 omnium
514 1727 641 1789 nundus
655 1763 669 1777 ·
688 1731 764 1812 regis
780 1731 936 1791 etiamtum
956 1732 1092 1792 animum
1108 1765 1126 1778 ·
1147 1731 1230 1813 qnod
1246 1751 1309 1791 non
1329 1749 1415 1812 posse
1431 1729 1627 1790 ‹inimicnm
1642 1759 1661 1776 ·

252 1831 408 1909 hostibus,
429 1836 545 1900 minore
567 1869 587 1884 ·
607 1835 774 1917 gerundum
791 1867 806 1880 -
828 1836 953 1917 puberes
975 1840 1139 1914 interiecit,
1149 1836 1245 1918 ,jubet
1262 1869 1279 1883 -
1295 1836 1388 1896 isdem
1407 1837 1481 1898 locis
1500 1853 1560 1915 qno
1588 1833 1661 1914 (qus

252 1938 318 2000 aad.
332 1959 440 1999 munus
457 1962 524 2020 sup.
540 1941 608 2019 lin.)
627 1950 786 2004 venturum
802 1971 822 1990 ··
842 1951 987 2020 temptare
998 1977 1014 1988 -
1037 1943 1190 2022 cognoscit
1205 1943 1235 2022 (v
1248 1962 1314 2020 sup.
1328 1941 1395 2019 lin.)
1410 1938 1534 2002 numide
1556 1939 1662 2020 (agunt
1760 1961 1761 1964 ¹

252 2063 320 2126 sup.
331 2044 398 2122 lin.)
417 2055 554 2128 gerunt·
567 2049 664 2127 picem
688 2043 831 2125 sulphure
844 2053 874 2105 et
892 2043 965 2105 toda
986 2045 1108 2104 minum
1131 2045 1247 2103 ardenti
1263 2074 1282 2090 -
1299 2045 1439 2122 praelium
1461 2044 1506 2119 (ex
1529 2063 1569 2102 m.
1591 2043 1662 2120 sec.)

252 2149 456 2232 spectantibus
474 2181 493 2198 -
514 2152 676 2232 quiverunt
695 2183 711 2196 ·
733 2151 862 2210 frustrati
881 2160 953 2211 sunt
973 2151 1073 2210 minus
1090 2179 1107 2192 -
1129 2148 1182 2208 Sin
1205 2146 1335 2208 numidas
1351 2179 1365 2194 ·
1387 2148 1444 2220 (m.
1466 2147 1524 2227 pr.)
1544 2149 1661 2206 clamo-

252 2273 315 2316 resn
337 2259 384 2318 vel
406 2259 571 2317 tumultum
591 2237 660 2316 ·'et
681 2275 715 2316 ea
735 2252 797 2316 hue
818 2265 849 2315 et
869 2257 944 2316 illue
962 2289 979 2300 -
1001 2256 1027 2314 is
1052 2256 1085 2315 in
1107 2274 1141 2314 ea
1162 2263 1245 2334 parte
1260 2285 1280 2301 -
1299 2251 1433 2312 abierant
1451 2250 1573 2330 (abeunt
1592 2271 1659 2332 sup.

252 2362 320 2439 lin.)
341 2362 448 2422 semesi
467 2359 553 2439 jubet
569 2366 592 2407 -’
602 2358 734 2443 agitabat
746 2391 765 2410 ·-
781 2361 872 2422 laetus
891 2361 949 2422 diis
972 2381 1057 2443 agere
1074 2392 1094 2408 ·
1105 2358 1288 2441 capiundum
1305 2385 1325 2406 -
1345 2357 1433 2418 alitus
1448 2389 1467 2403 -
1482 2355 1630 2416 faciundis
1644 2385 1661 2400 -

252 2467 298 2535 xis
316 2475 455 2547 appetere
477 2486 542 2530 non
556 2462 684 2527 audebat
697 2499 713 2513 -
728 2465 872 2550 indignus
887 2465 1047 2528 baberetur
1062 2475 1094 2527 et
1114 2466 1198 2548 quasi
1216 2467 1349 2549 pollutus
1366 2455 1534 2544 -'tsmpore
1552 2469 1660 2522 contn-

253 2571 358 2632 bernio
375 2605 391 2619 -
404 2573 582 2632 exercitussi
597 2571 656 2633 sibi
673 2607 690 2620 -
707 2575 904 2635 contumelias
920 2575 955 2636 in
972 2574 1181 2655 imperatorem
1196 2601 1212 2616 -
1229 2573 1275 2634 nti
1297 2589 1413 2632 romam
1432 2599 1451 2617 -
1462 2568 1628 2628 Mamiliam
1642 2595 1663 2611 ·

253 2677 301 2737 lta
316 2677 412 2738 biario
436 2689 544 2740 cuncta
564 2679 733 2760 procedere.
771 2683 897 2744 Interim
917 2703 984 2764 esp.
1004 2681 1058 2743 56.
1077 2679 1137 2742 hoe
1157 2679 1191 2740 in
1210 2677 1300 2740 verbo
1319 2674 1568 2738 -1ibesdesinit

256 2957 347 3045 coe.
371 2958 508 3024 earm.
537 2953 631 3022 niet
656 2954 907 3048 congeram
932 2961 1004 3039 aa.
1031 2958 1119 3024 aee.
1139 2917 1221 3026 xrs
1236 2953 1364 3025 imunt
1381 2949 1544 3022 nerant
1561 2955 1662 3038 ede,

295 3065 483 3140 Lucanus,
502 3057 611 3129 Libri·
627 3065 822 3142 Amorum,
841 3063 1021 3147 Antiquos
1040 3059 1237 3146 seriptum
1256 3061 1303 3126 ab
1329 3055 1439 3127 initio
1455 3079 1580 3143 pauca
1610 3079 1662 3122 ve-

295 3167 420 3259 stigia.
441 3171 525 3235 Fet.
549 3171 638 3234 min.
656 3169 868 3258 Jugurtnaes
881 3189 976 3252 pars
1004 3169 1112 3234 deest.
1144 3169 1270 3232 multae
1295 3167 1461 3256 plagulae
1482 3161 1521 3230 in
1542 3157 1661 3230 medio
1678 3229 1694 3270 ,ἢ

824 3271 919 3340 libro
939 3270 1093 3342 umissoe.
1249 3285 1254 3288 “

336 3480 400 3541 Cat.
421 3480 518 3563 Atque
536 3480 707 3544 obsdientis
726 3481 842 3542 linxit·
854 3484 981 3542 alteaum
995 3502 1066 3543 cuns
1088 3483 1146 3541 dlis
1161 3513 1180 3530 ·
1196 3481 1297 3542 deberi
1316 3479 1431 3550 efficere,
1446 3512 1462 3526 -
1477 3476 1587 3538 auxilio
1611 3476 1663 3538 in·

259 3586 340 3668 diget
349 3617 368 3634 -
381 3597 544 3670 transegere
557 3620 574 3633 -
587 3587 673 3648 Ιιοιιε
691 3587 760 3649 artis
775 3618 794 3636 -
809 3585 839 3648 ὅ.
851 3595 1003 3647 auctorem
1020 3618 1037 3635 ·
1046 3606 1072 3654 1u
1082 3585 1181 3648 studio
1190 3616 1209 3635 -
1223 3588 1319 3646 multa
1336 3589 1415 3645 mula
1430 3583 1548 3646 adverse
1560 3615 1579 3630 -
1593 3603 1662 3644 cum

257 3693 440 3772 reliquorum
462 3711 504 3755 m.
524 3713 584 3754 sec.
600 3723 620 3740 -
641 3695 790 3754 intentam
815 3700 929 3752 etnam
946 3711 1032 3774 agere
1056 3713 1112 3752 -o
1136 3711 1196 3774 quo
1211 3693 1333 3772 incepto
1355 3689 1455 3750 studio
1468 3723 1483 3736 ·
1500 3691 1529 3750 ei
1549 3699 1634 3751 metu
1648 3721 1664 3736 -

258 3807 348 3878 atque
369 3815 460 3878 pravo
478 3827 498 3846 ··
516 3797 614 3880 adque
635 3797 849 3858 incredibilia·
863 3797 1004 3878 lisipubl.
1025 3798 1180 3879 capiundae
1199 3797 1342 3860 invaserat
1360 3815 1485 3878 -‚panea
1504 3813 1594 3877 sopra
1615 3813 1665 3854 re-

257 3911 358 3983 petere
372 3933 392 3950 -
408 3904 517 3980 trojam
536 3902 569 3962 in
588 3904 706 3965 initio·
724 3925 754 3964 se
769 3903 916 3966 convertit
933 3935 953 3951 -
973 3904 1007 3964 in
1021 3907 1122 3966 matris
1144 3923 1195 3986 per
1218 3902 1350 3968 laborem
1371 3923 1455 3964 nsu-
1471 3903 1514 3961 sic
1535 3921 1564 3960 se
1578 3896 1663 3979 quie·-

260 4026 318 4088 que
340 4039 357 4052 -
382 4005 521 4068 honestas
540 4006 692 4069 habebant
708 4041 727 4055 -
744 4013 778 4069 in
800 4009 884 4069 omni
907 4027 938 4068 re
961 4010 1082 4070 fortuna
1103 4043 1122 4058 -
1141 4008 1269 4071 celebrat
1291 4020 1321 4071 et
1337 4008 1478 4072 obscurat
1490 4037 1510 4053 -
1528 4005 1662 4064 estimo-

261 4133 287 4171 ο.
311 4113 339 4173 8.
368 4114 420 4193 qni
442 4133 475 4172 ea
499 4114 591 4192 secere
611 4145 630 4162 ·
648 4123 795 4194 qnantum
815 4134 850 4174 ea
866 4143 883 4162 ·
907 4124 1048 4195 optumus
1073 4113 1146 4175 -ab
1170 4116 1236 4176 aliis
1257 4135 1311 4175 suu
1335 4114 1488 4174 benefacta
1510 4108 1624 4170 laudari
1648 4139 1663 4153 ·

259 4237 349 4299 sequs
375 4228 406 4278 et
431 4218 645 4299 rempublicam
671 4217 912 4302 gubernabant·
939 4220 1125 4286 vindicstum
1151 4223 1185 4282 in
1215 4241 1263 4282 eos
1290 4251 1309 4269 -
1332 4221 1483 4305 neglegere
1501 4249 1520 4265 -
1540 4214 1663 4298 propius
