4050 5009
1591 403 1667 479 2⁰9

302 572 455 646 facinore
476 581 512 641 0.
534 578 583 638 55.
595 575 644 636 55.
665 593 695 638 c.·
714 571 832 660 lugam
852 571 989 654 aliaque
1009 570 1153 653 hostilia
1171 574 1378 657 portendere
1397 574 1426 636 J.
1447 577 1477 636 5.
1497 593 1526 636 c.
1546 573 1586 638 in
1605 594 1667 640 vos

301 677 420 744 secisse
440 684 489 743 55.
522 681 566 740 ad
587 700 616 743 c.
636 675 749 763 parati
770 680 821 743 55.
852 685 982 742 vastam
1008 678 1132 743 urbem
1151 665 1233 762 iuga
1254 686 1288 740 et
1310 677 1468 742 caedibus
1502 681 1546 744 H.
1567 682 1596 742 1.
1621 681 1668 744 55.

302 781 403 847 caedis
423 783 608 848 consilium
630 787 665 847 C.
690 787 737 846 58.
759 785 938 848 caeduntur
959 782 1052 848 inter
1070 783 1264 869 potentium
1282 783 1484 847 inimicitias
1504 787 1564 846 111.
1589 803 1638 850 55.

263 884 373 953 Caelo
396 895 554 970 terraque
574 887 721 973 penuria
742 907 908 968 aquarum
920 889 951 948 J.
971 908 1018 966 ¹7·
1045 889 1169 952 coelum
1190 898 1291 953 nocte
1311 897 1414 970 atque
1435 889 1586 953 nubibus
1605 891 1671 954 ob-

301 1000 474 1056 scutetum
496 995 544 1057 58.
577 993 706 1058 nebula
727 992 851 1054 coelum
873 990 1078 1054 obscurabat
1104 995 1150 1055 Η.
1172 996 1232 1056 III.
1256 1016 1304 1057 5ο.
1338 994 1425 1058 coelo
1452 995 1555 1058 missa
1575 1005 1670 1058 tanta

258 1167 262 1172 ⁸
304 1095 357 1158 vis
377 1116 475 1178 aquas
494 1108 526 1162 J.
550 1101 599 1181 75.
628 1116 690 1159 sua
714 1095 861 1177 quisque
880 1093 970 1160 facta
990 1097 1036 1160 ad
1064 1095 1189 1161 coelum
1214 1097 1281 1162 fert
1301 1101 1350 1163 55.
1380 1119 1554 1164 armorum
1583 1111 1671 1168 stre-

302 1199 397 1282 pitus
417 1201 461 1262 ad
483 1201 606 1264 coelum
626 1200 711 1264 ferri
732 1203 782 1264 60.
1271 1249 1277 1260 .
1630 1220 1638 1228 ·

264 1301 471 1370 calamitas
492 1314 595 1385 atque
616 1306 728 1369 clades
749 1323 874 1390 magna
892 1306 936 1369 R.
958 1307 995 1375 P.
1018 1306 1298 1390 oppressisset-c.
1321 1315 1370 1389 59.
1398 1309 1437 1373 in
1457 1319 1586 1391 quanta
1605 1310 1670 1375 cal.

302 1407 349 1472 sis
369 1423 420 1484 44.
440 1409 677 1473 calamitosum
696 1409 765 1475 sibi
785 1409 935 1476 maxime
955 1396 1157 1476 incendium
1176 1417 1227 1487 ld.

264 1509 446 1579 Callidum
475 1514 673 1579 facundiam
695 1515 832 1580 exercui
865 1519 911 1586 Η.
932 1515 1000 1581 inc.
1023 1539 1072 1599 ¹7·
1101 1514 1222 1583 callidi
1250 1528 1285 1584 et
1305 1528 1497 1605 repertores
1515 1521 1671 1604 perlidiae

301 1619 345 1682 H.
364 1621 421 1684 IV.
445 1641 493 1682 55.
520 1641 628 1704 prava
658 1621 830 1684 calliditas
858 1621 945 1685 ibid.
974 1643 1054 1686 nam
1075 1624 1223 1690 callidus
1250 1625 1288 1689 id
1308 1628 1414 1689 modo
1434 1626 1618 1690 festinabat
1637 1629 1668 1688 J.

302 1726 348 1786 85.
368 1723 552 1808 facundus,
575 1725 731 1790 callidus.
752 1731 802 1809 95.

199 1882 207 1895 ,
261 1827 462 1895 Catonibus
484 1841 517 1896 et
536 1833 654 1916 paucis
674 1832 806 1898 sicariis
827 1835 871 1898 H.
893 1836 920 1898 I.
944 1854 993 1917 59.
1019 1855 1084 1921 per
1103 1848 1132 1900 c.
1153 1855 1299 1922 corpora
1318 1836 1358 1900 in
1378 1855 1517 1900 murum
1537 1831 1671 1898 attolli-

300 1943 357 1997 tur
376 1938 404 1997 1.
426 1937 475 2001 65.

259 2037 458 2106 Calumnia
478 2061 666 2124 paucorum
687 2043 848 2128 impediti
868 2065 913 2110 ne
932 2045 1186 2130 triumpharent
1206 2057 1244 2112 0.
1264 2051 1316 2108 5ο.

263 2141 420 2208 Camena
441 2144 587 2228 lapideis
609 2146 802 2210 fornicibus
819 2148 936 2211 vincta
956 2160 992 2214 0.
1015 2153 1067 2211 55.

262 2243 396 2331 Campi
414 2251 680 2334 opportuniores
700 2249 791 2336 lugae
810 2252 842 2314 J.
864 2254 913 2318 5ο.
936 2272 963 2314 c.
984 2251 1184 2336 patentibus
1208 2271 1275 2314 ror.
1300 2251 1368 2312 105.

262 2350 405 2417 Currere
423 2354 521 2442 signa
539 2358 571 2419 J.
592 2371 643 2441 94.
667 2355 839 2420 tubicines
859 2355 965 2420 simul
986 2376 1108 2421 omnes
1126 2357 1226 2445 signa
1245 2373 1368 2420 canere
1387 2372 1439 2435 99·

264 2454 411 2522 Conina
431 2458 593 2526 lacundia
615 2462 837 2528 exercebatur
856 2464 900 2526 Η.
921 2461 989 2527 inc.
1016 2464 1084 2535 584.
1758 2529 1763 2538 ,

258 2558 399 2646 Capera
428 2565 551 2632 iisdem
581 2567 673 2634 dolis
703 2580 812 2645 c.14.
842 2570 873 2632 J.
898 2572 945 2643 54.
976 2569 1095 2633 locum
1115 2567 1300 2634 editiorem
1328 2565 1378 2630 58.
1400 2580 1451 2646 95.
1480 2567 1591 2624 turres
1618 2561 1669 2639 69.

276 2667 411 2756 „cibum
433 2694 483 2751 9¹·
504 2692 600 2736 arma
632 2684 667 2740 c.
692 2693 742 2756 27.
773 2674 804 2737 J.
827 2699 878 2759 99.
909 2675 1051 2740 castella
1072 2677 1122 2754 54.
1144 2675 1205 2738 clr.
1225 2696 1254 2738 c.
1277 2695 1327 2752 77.
1343 2673 1386 2734 H.
1408 2671 1469 2731 111.
1493 2688 1541 2729 55.
1568 2681 1670 2750 agros

298 2791 404 2834 manu
422 2785 455 2839 J.
478 2781 506 2838 5.
529 2777 713 2839 consilium
735 2791 771 2843 c.
793 2797 843 2854 4¹·
877 2803 922 2844 ne
944 2780 1031 2860 quid
1051 2779 1251 2843 detrimenti
1271 2780 1374 2859 Resp.
1396 2795 1445 2854 59.
1475 2773 1592 2835 locum
1613 2790 1669 2834 ca·

300 2875 379 2966 stris
398 2887 431 2941 5.
454 2883 502 2940 50.
523 2897 640 2960 poenas
661 2881 710 2940 68.
732 2880 881 2942 consilia
902 2887 952 2960 76.
972 2883 1156 2962 plerosque
1178 2883 1308 2957 (dando
1329 2885 1362 2939 et
1382 2874 1595 2956 pollicendo)
1620 2877 1668 2936 56.

298 2973 549 3062 rempublicam
572 2991 607 3046 0.
630 2981 660 3042 5.
693 2981 878 3064 pecuniam
902 2982 945 3042 ab
968 2981 1089 3061 aliquo
1109 2990 1142 3056 J.
1162 2984 1214 3064 37.
1235 2979 1296 3042 cfr.
1315 2984 1365 3042 55.
1386 2977 1603 3062 magistratus
1622 2977 1667 3038 H.
1788 2971 1794 2983 ⁸

300 3085 325 3146 1.
354 3086 399 3147 55.
421 3085 636 3148 consulatum
654 3095 687 3152 J.
708 3087 759 3152 65.
791 3085 883 3168 capti
904 3096 940 3151 0.
962 3085 1011 3150 58.
1034 3103 1155 3150 somno
1176 3095 1207 3152 J.
1229 3105 1280 3164 99.
1308 3083 1455 3167 pedibus
1475 3085 1519 3145 Η.
1539 3083 1597 3144 111.
1618 3096 1669 3158 42.

298 3209 415 3254 amore
439 3201 475 3256 0.
500 3193 546 3258 55.
567 3191 682 3274 pravis
702 3189 928 3274 cupidinibus
948 3186 981 3254 J.
1006 3213 1034 3252 5.
1065 3187 1150 3274 copi
1168 3191 1192 3254 i.
1212 3211 1242 3254 e.
1263 3191 1302 3253 in
1322 3188 1520 3252 servitutem
1540 3184 1668 3271 redigi3

297 3303 337 3358 ut
362 3315 474 3377 neque
502 3315 563 3359 ros
591 3294 777 3379 capiamini
806 3303 840 3358 et
866 3295 924 3359 illi
942 3295 1069 3359 lrustra
1087 3295 1158 3359 sint
1187 3307 1220 3363 J.
1241 3298 1289 3359 85.
1318 3313 1363 3356 ne
1383 3300 1461 3356 ante
1482 3289 1670 3375 capiamini

298 3409 409 3482 quam'
422 3407 558 3485 captum
579 3401 626 3464 iri
645 3401 728 3465 licet
749 3401 793 3464 H.
813 3402 842 3464 I.
866 3401 914 3462 55.
936 3409 1017 3464 ante
1037 3421 1158 3486 capere
1178 3399 1298 3464 omnia
1316 3399 1402 3464 luxu
1423 3409 1458 3464 0.
1482 3395 1668 3482 555510-

299 3527 378 3568 cum
398 3516 431 3573 5.
454 3510 502 3568 50.
533 3515 669 3590 captare
689 3506 820 3570 incerta
837 3525 902 3588 pro
924 3504 1028 3571 certis
1047 3517 1083 3572 c.
1105 3526 1153 3567 20.
1185 3507 1302 3569 locum
1321 3505 1420 3569 rivus
1442 3510 1489 3566 65.
1511 3500 1668 3566 consula-

301 3617 394 3684 tum,
424 3609 534 3692 spolia
554 3606 586 3675 J.
608 3613 658 3686 84.
683 3610 816 3674 bellum
838 3621 877 3676 H.
898 3611 956 3675 1v.
978 3631 1027 3671 55.
1048 3609 1234 3672 consilium
1256 3621 1294 3674 c.
1320 3613 1367 3672 56.
1399 3610 1537 3694 plebem
1556 3628 1597 3671 ex
1616 3625 1668 3672 se-

300 3714 423 3778 cundis
445 3715 546 3778 rebus
567 3713 753 3780 insolentia
773 3737 801 3778 c.
821 3724 854 3781 5.
875 3731 925 3791 4ο.
946 3715 1009 3778 ubi
1030 3733 1203 3796 quemque
1221 3714 1416 3798 periculum
1436 3721 1464 3778 ci
1486 3717 1536 3778 55.
1556 3722 1667 3779 metus

299 3820 382 3902 aliq.
404 3839 433 3883 c.
455 3820 505 3882 85.
526 3818 678 3885 formido
701 3841 750 3901 99.
772 3838 912 3883 somnus
934 3819 1021 3886 ibid.
1045 3841 1094 3903 7⁰·
1115 3819 1175 3883 cfr.
1196 3833 1235 3887 H.
1255 3825 1289 3889 Ι.
1307 3844 1354 3901 59.

261 3923 455 4009 Capessere
474 3927 516 3988 11.
536 3927 573 3987 Ρ.
593 3937 625 3991 5.
648 3927 694 3988 85.
714 3926 872 3990 laborem
895 3946 974 3988 cum
993 3926 1188 3990 honoribus
1209 3929 1253 3988 H.
1273 3930 1300 3990 I.
1325 3931 1374 3991 55.
1393 3947 1463 4010 qua
1484 3943 1667 4014 capessuri·
1730 3936 1733 3943 “

301 4032 383 4093 dam
401 4030 551 4095 arbitror
570 4030 765 4095 libertatem
784 4032 844 4094 ΠΙ.
868 4053 916 4093 55.

263 4130 397 4218 Capite
423 4135 517 4200 censi
536 4130 568 4200 J.
589 4138 640 4199 86.
668 4155 786 4220 poenas
814 4137 918 4202 solvit
940 4139 989 4218 69.
1022 4136 1146 4222 capitis
1163 4157 1335 4202 accersere
1357 4143 1406 4222 73.
1437 4153 1542 4219 supra
1561 4137 1664 4217 caput
1730 4222 1734 4228 .

301 4247 351 4306 est
370 4242 441 4312 dux
460 4239 613 4312 bostium
634 4251 670 4312 c.
692 4243 743 4308 55.
774 4262 879 4327 super
897 4249 1000 4330 caput
1018 4240 1059 4306 in
1076 4243 1221 4329 pulvino
1243 4252 1371 4310 temere
1389 4240 1542 4328 positum
1561 4248 1594 4308 5.
1615 4259 1665 4322 ⁷¹·

1303 4374 1350 4450 27
