4050 5009
424 338 497 433 278

423 538 481 591 res
497 538 675 618 prospere
694 512 817 602 cedet,
845 508 901 584 ibi
917 506 1015 584 mihi
1032 506 1255 583 bonafama
1275 508 1429 587 eveniet
1468 510 1540 589 Sed
1554 538 1614 587 me
1626 512 1693 587 illa
1706 516 1816 620 magis

423 638 565 741 cupido
586 652 750 724 exercet,
776 633 835 709 uti
857 658 1101 737 quocumque
1120 630 1235 708 modo
1255 648 1294 707 et
1310 634 1598 739 quamprimum
1612 638 1818 741 respublica

425 735 637 838 adiuvetur.
663 759 895 833 Libertatem
907 755 1028 861 gloria
1042 756 1226 833 cariorem
1241 755 1382 847 habeo,
1405 776 1520 863 atque
1532 787 1598 865 ego
1611 777 1647 855 te
1658 788 1724 839 oro
1737 761 1820 841 hor-¹

423 902 577 988 torque,
604 910 654 960 ne
677 881 918 958 clarissumus
940 880 1168 983 imperator,
1193 880 1344 955 Gallica
1363 900 1473 989 gente
1489 885 1665 975 subacta,
1689 888 1819 993 populi

421 1009 583 1084 Romani
600 1034 794 1083 summum
811 1020 927 1107 atque
948 1004 1134 1078 invictum
1153 1004 1357 1109 imperium
1381 1005 1567 1082 tabescere
1579 1024 1762 1085 vetustate
1780 1038 1820 1087 ac
1937 1104 1938 1107 Ἴ

421 1161 491 1237 per
502 1128 911 1208 summamsocordiam
927 1125 1048 1200 dilabi
1061 1126 1227 1230 patiaris,
1250 1128 1422 1204 Profecto
1431 1129 1461 1204 si
1476 1130 1516 1205 id
1524 1132 1686 1226 accidat,
1700 1163 1821 1241 neque
1937 1162 1938 1237 J

279 1352 282 1355 ἱ
421 1256 491 1331 tibi
506 1283 583 1330 nox
595 1279 721 1357 neque
731 1252 810 1327 dies
819 1276 954 1325 euram
969 1249 1089 1325 animi
1106 1249 1306 1345 sedaverit3
1320 1252 1416 1355 quin
1426 1252 1622 1330 insomniis
1631 1260 1821 1351 exercitus,

343 1455 345 1458 .
419 1380 653 1457 furibundus
669 1393 784 1478 atque
800 1398 929 1449 amens
950 1372 1118 1447 alienata
1132 1390 1260 1449 mente
1277 1372 1416 1451 feraris.
1447 1378 1621 1483 Namque
1635 1381 1736 1459 mihi
1754 1413 1820 1490 pro
1845 1476 1849 1489 Ι
1937 1412 1938 1417 ’

417 1528 506 1579 vero
529 1516 694 1585 constat,
720 1498 895 1575 omnium
916 1494 1140 1570 mortalium
1166 1495 1284 1571 vitam
1309 1497 1441 1575 divino
1467 1502 1628 1580 numine
1649 1506 1821 1587 iuvisier:

419 1652 545 1726 neque
562 1625 710 1698 bonum
729 1647 855 1723 neque
867 1618 1013 1694 malum
1034 1616 1182 1694 facinus
1199 1620 1426 1725 cuiusquam
1438 1652 1508 1727 pro
1528 1626 1652 1705 nihilo
1669 1628 1819 1710 haberi:

416 1748 495 1837 sed,
526 1772 574 1821 ex
603 1760 761 1832 natura,
787 1742 935 1816 divorsa
967 1744 1123 1846 praemia
1150 1744 1270 1819 bonos
1298 1748 1494 1851 malosque
1522 1753 1638 1855 sequi.
1675 1758 1822 1835 Interea

416 1872 514 1947 forte
535 1896 578 1946 ea
601 1868 745 1942 tardius
777 1863 1017 1969 procedunt:
1054 1890 1143 1940 suus
1171 1868 1311 1969 cuique
1340 1871 1491 1948 animus
1518 1900 1564 1949 ex
1592 1881 1822 1956 couscientia

370 2012 405 2077 13
420 2022 526 2100 spem
547 1993 698 2097 praebet
737 1988 855 2086 Quod
873 1989 905 2063 si
924 2004 1052 2062 tecum
1073 1990 1196 2092 patria
1217 2008 1333 2093 atque
1351 2010 1525 2096 parentes
1545 2019 1697 2101 possent
1708 2000 1824 2108 loqui,

413 2118 559 2194 scilieet
583 2115 666 2188 haec
695 2110 765 2186 tibi
792 2111 990 2186 dicerent:
1026 2112 1223 2205 OCaesar,
1248 2141 1317 2191 nos
1338 2130 1374 2192 te
1391 2120 1592 2222 genuimus
1615 2123 1822 2205 fortissumi

413 2240 504 2328 viri,
527 2239 569 2311 in
592 2252 749 2343 optuma
770 2234 885 2321 urhe,
910 2232 1025 2311 decus
1048 2238 1345 2343 praesidiumque
1366 2242 1492 2333 nobis,
1516 2241 1691 2323 hostibus
1707 2265 1823 2349 terro-

412 2366 511 2439 rem!
538 2361 636 2457 Quae
660 2354 792 2431 multis
820 2354 1018 2433 laboribus
1044 2376 1082 2433 et
1110 2361 1289 2463 periculis
1310 2386 1546 2469 ceperamus,
1578 2395 1622 2447 ea
1645 2373 1717 2451 tibi
1737 2406 1822 2453 nas-

412 2486 516 2562 oenti
534 2509 624 2558 eum
647 2480 776 2555 anima
797 2477 912 2553 simul
938 2480 1181 2574 tradidimus,
1207 2486 1374 2588 patriam
1394 2516 1613 2570 maxumam
1633 2495 1676 2573 in
1698 2503 1822 2595 terris3

411 2609 572 2683 domum
597 2602 860 2703 familiamque
883 2599 926 2675 in
947 2604 1072 2707 patria
1094 2607 1374 2707 clarissumum
1405 2630 1584 2719 praeterea
1618 2620 1740 2700 bonas
1764 2654 1821 2703 ar-

413 2748 484 2822 tes,
501 2730 678 2804 honestas
699 2725 869 2818 divitias3
881 2742 1071 2827 postremo
1097 2730 1226 2834 omnia
1247 2731 1534 2815 honestamenta
1553 2742 1658 2846 pacis
1671 2763 1711 2821 et
1726 2776 1822 2855 pre·

411 2855 489 2929 mia
509 2852 611 2927 belli
656 2852 731 2926 Pro
750 2846 812 2922 bis
841 2848 1094 2951 amplissumis
1113 2853 1306 2932 beneficiis
1328 2886 1410 2936 non
1441 2860 1631 2967 flagitium
1651 2894 1674 2943 a
1697 2886 1736 2947 te
1755 2901 1821 2951 ne-

411 3005 487 3082 que
512 2976 659 3050 malum
674 2970 824 3048 facinus
847 2972 1032 3076 petimus3
1055 2974 1121 3050 sed
1138 2976 1197 3050 uti
1214 2977 1430 3058 libertatem
1445 3010 1612 3065 eversam
1635 2994 1817 3073 restituas.

411 3224 518 3300 tabit
568 3221 742 3319 Namque
760 3214 834 3289 hae
854 3232 1093 3319 tempestate,
1116 3222 1266 3296 tametsi
1287 3224 1391 3300 domi
1413 3231 1638 3339 militiaeque
1662 3244 1817 3344 praeela.

409 3373 452 3423 ra
468 3343 641 3421 facinora
661 3338 787 3443 egisti,
810 3354 938 3412 tamen
959 3339 1078 3445 gloria
1100 3356 1166 3427 tua
1186 3371 1286 3422 cum
1302 3350 1439 3427 ,multis
1470 3355 1558 3433 viris
1586 3358 1750 3443 fortibus
1770 3396 1817 3446 a·

409 3468 535 3572 qualis
550 3483 605 3541 est
626 3498 634 3536 :
658 3464 689 3537 si
709 3488 798 3536 vero
821 3462 957 3536 urbem
983 3463 1228 3567 amplissumo
1252 3473 1428 3565 nomine,
1450 3494 1489 3553 et
1503 3508 1684 3562 maxumo
1698 3490 1814 3599 impe.

410 3594 488 3683 rio,
509 3614 631 3695 prope
653 3587 730 3659 iam
752 3585 801 3658 ab
823 3611 959 3661 occasu
974 3586 1202 3682 restitueris3
1227 3592 1312 3697 quis
1329 3611 1370 3670 te
1387 3598 1541 3694 clarior,
1567 3608 1653 3712 quis
1676 3617 1812 3709 maior,

1937 1696 1938 1725 t

1937 1740 1938 1779 l

1937 1988 1938 2041 l

410 3102 500 3204 Qua
517 3124 559 3176 re
575 3110 745 3201 patrata,
769 3092 938 3197 profecto
956 3112 1172 3200 pergentes
1192 3102 1315 3178 omnis
1341 3104 1442 3181 fama
1461 3109 1612 3187 virtutis
1628 3131 1705 3192 tuae
1727 3123 1819 3197 voli·

410 3716 454 3791 in
481 3712 591 3788 terris
605 3707 746 3784 fueriti
768 3707 979 3813 ,Quippcsi
1000 3710 1135 3784 morbo
1151 3710 1228 3787 iam
1245 3733 1314 3791 aut
1327 3718 1407 3796 fato
1422 3720 1515 3801 huic
1531 3727 1691 3836 imperio
1710 3763 1811 3818 secra

411 3942 635 4024 quamprimum.
656 3944 685 3997 et
704 3956 764 3995 om.
784 3931 870 3993 Febr.
890 3941 919 3992 et
937 3932 1013 3993 Bric.
1033 3953 1179 3997 surnanom
1199 3938 1393 4008 dicordiam.
1412 3954 1580 4017 socordem
1599 3973 1706 4027 veteres
1723 3966 1808 4030 Editt.

409 4053 451 4112 j„
464 4050 552 4110 atam
566 4043 667 4103 Carrio
687 4052 716 4103 et
725 4041 825 4099 Boura
843 4036 928 4097 scribi
947 4038 1100 4097 iusserunt.
1119 4038 1155 4099 'in
1169 4048 1404 4114 somnaeaaitu
1417 4054 1507 4118 Febr.
1528 4073 1557 4122 et
1575 4063 1650 4132 Bria.
1670 4074 1809 4137 aarum
1832 4107 1838 4116 ·
1937 4048 1938 4111 i

409 4163 491 4215 „tm
503 4149 610 4211 Editio.
626 4145 748 4205 invida
761 4142 854 4201 Vatia.
875 4140 989 4201 invisiri
1009 4140 1091 4203 Febr.
1111 4144 1186 4207 Bria.
1207 4148 1325 4213 imbue
1340 4168 1424 4221 ιτοῑιισ
1443 4161 1551 4229 Editio.
1581 4172 1673 4237 dictio
1684 4180 1805 4259 precaria

410 4257 496 4320 tabr-
516 4254 591 4316 Bric.
611 4250 710 4308 vatic.
732 4247 844 4307 urata
857 4247 981 4307 dumea
993 4246 1109 4309 tardae
1128 4249 1213 4315 Febr.
1234 4254 1308 4321 Bm.
