4050 5009
1576 417 1625 490 23

224 581 315 686 tom.¹
349 609 446 682 Nam
466 623 666 713 postquam
691 605 902 713 respublica
926 603 967 682 in
991 626 1203 712 paucorum
1231 601 1446 708 potentium
1476 599 1535 672 ius
1564 609 1621 669 at·

222 757 298 833 que
318 731 506 806 ditionem
529 733 730 826 concessit3
761 759 908 837 semper
935 731 1009 806 illis
1042 757 1160 836 reges,
1195 725 1394 804 tetrorebae
1424 719 1621 826 vectigales

221 879 321 928 esse:
344 854 499 960 populi,
524 854 696 930 nationes
714 855 902 959 stipendia
925 855 1116 960 pendere:
1140 853 1254 928 ceteri
1278 873 1426 939 omnes,
1449 839 1621 932 strenui,

220 977 336 1067 boni,
377 977 522 1053 nobiles
542 993 657 1080 atque
679 979 884 1082 ignobiles,
919 977 1049 1082 volgus
1073 977 1244 1068 fuimus,
1269 976 1350 1050 sine
1371 969 1509 1078 gratia,
1540 966 1623 1040 sine

220 1100 463 1192 auctoritate,
487 1099 546 1174 his
566 1101 737 1192 obnoxii,
763 1101 916 1205 quibus,
940 1101 970 1176 si
993 1101 1205 1206 respublica
1230 1098 1390 1186 valeret,
1423 1090 1623 1170 formidini
1669 1119 1678 1133 ·

220 1249 387 1299 essemus.
425 1227 559 1328 Itaque
574 1224 696 1298 omnis
712 1226 845 1330 gratia,
872 1225 1061 1328 potentia,
1085 1223 1218 1314 honos,
1241 1221 1384 1298 divitiae
1405 1215 1509 1323 apud
1536 1215 1622 1290 illos

221 1366 331 1438 sunt,
358 1363 427 1423 aut
444 1349 512 1422 ubi
539 1347 596 1422 illi
615 1349 774 1424 volunt:
799 1349 909 1423 nobis
924 1349 1111 1450 reliquere
1134 1347 1324 1453 repulsas,
1349 1339 1539 1448 pericula,
1561 1339 1622 1415 iu-

221 1469 343 1562 dicia,
360 1488 567 1576 egestatem.
605 1470 702 1567 Quoe
721 1498 920 1575 quousque
945 1471 1097 1546 tandem
1120 1468 1320 1575 patiemini
1342 1463 1546 1542 fortissumi
1567 1462 1623 1538 vi-

221 1595 278 1670 ril
304 1622 436 1670 nonne
458 1593 576 1670 emori
605 1621 674 1697 per
696 1595 876 1670 virtulem
897 1611 1065 1700 praestat,
1090 1622 1207 1698 quam
1227 1594 1345 1668 vitam
1371 1590 1546 1665 miseram
1566 1603 1625 1662 at-

221 1745 295 1820 que
318 1715 580 1808 inhonestam,
604 1718 674 1792 ubi
699 1718 833 1794 alienae
860 1719 1046 1824 superbia*
1069 1716 1238 1794 ludibrio
1268 1716 1403 1806 fueris,
1426 1741 1496 1818 per
1511 1711 1624 1788 dede-

220 1866 285 1915 cus
308 1841 512 1916 amittere?
546 1843 692 1916 Verum
710 1841 814 1917 enim
841 1869 930 1918 vero
962 1869 1033 1946 pro
1056 1845 1184 1916 Deum
1204 1857 1320 1944 atqrm
1345 1837 1550 1913 bominum
1579 1835 1624 1910 fi-

221 1963 330 2038 dem!
357 1963 514 2038 victoria
536 1964 578 2037 in
600 1991 720 2041 manu
737 1965 846 2040 nobis
867 1981 942 2056 est;
965 1965 1065 2070 viget
1085 1982 1193 2054 aetas,
1215 1965 1365 2038 animus
1386 1961 1510 2036 valet:
1532 1987 1623 2036 oon-

223 2102 279 2160 tm
297 2083 394 2176 illis,
419 2085 529 2164 annis
547 2101 665 2189 atque
683 2087 844 2178 divitiis,
869 2087 998 2164 omnia
1016 2103 1316 2180 consenuerunt3
1339 2100 1491 2158 tantum
1504 2082 1621 2158 modo

224 2209 378 2313 incepto
396 2236 490 2312 opus
512 2225 586 2284 est:
612 2225 735 2284 cetera
752 2237 808 2284 res
829 2211 1009 2315 expediet
1034 2211 1187 2286 Etenim
1204 2211 1288 2314 quis
1306 2207 1542 2296 mortalium,
1556 2206 1642 2287 cui,

221 2333 335 2408 virile
357 2333 555 2439 ingenium
570 2333 684 2424 inest,
710 2333 869 2408 tolerare
887 2349 1035 2438 potest,
1051 2333 1126 2408 illis
1146 2333 1295 2408 divitias
1311 2357 1504 2436 superare,
1526 2354 1621 2434 quas

221 2560 409 2621 mmmm
425 2581 502 2642 egr.
515 2559 582 2621 Bas.
595 2581 623 2621 a.
639 2560 668 2633 l.
687 2560 760 2622 Tur.
774 2581 804 2622 a.
821 2564 867 2625 rel
879 2561 1063 2622 vindicemus
1079 2571 1113 2622 ut
1127 2561 1208 2621 leid.
1220 2583 1247 2621 a.
1257 2560 1287 2620 b.
1302 2583 1328 2620 c.
1341 2561 1370 2622 d.
1382 2563 1440 2621 al.
1451 2583 1480 2644 g.
1493 2559 1531 2620 b.
1543 2579 1623 2641 pars·

223 2685 325 2726 rorum
337 2665 509 2746 potentium.
529 2685 631 2726 omnes
641 2666 722 2726 Leid.
736 2676 828 2748 ,atque
840 2667 973 2740 Palatini,
984 2669 1068 2728 Paris.
1082 2667 1144 2726 Erl.
1157 2666 1243 2726 Bern.
1259 2688 1283 2724 ι.
1301 2685 1327 2725 a.
1341 2667 1369 2724 3.
1382 2669 1410 2737 4.
1429 2666 1499 2726 Tur.
1511 2687 1538 2726 2.
1559 2666 1622 2726 Bas.

224 2790 249 2827 r.
263 2791 291 2829 α.
302 2769 372 2840 M.
394 2789 491 2848 noque
497 2768 623 2830 Wassius
642 2772 773 2830 lectionis
782 2772 946 2832 varietatem
960 2773 1088 2845 notarit,
1098 2770 1180 2830 baud
1191 2771 1280 2830 dubie
1299 2791 1401 2829 omnes
1417 2791 1534 2852 qaoque
1543 2771 1621 2831 Cor·

219 2873 252 2930 tii
268 2873 349 2944 libri,
362 2881 463 2952 preter
476 2870 588 2934 Febris.
603 2894 630 2931 1.
649 2884 678 2933 st
691 2873 810 2934 Eccard.
827 2877 878 2956 qui
890 2875 1063 2955 potentiam.
1082 2875 1195 2936 streuui
1203 2875 1318 2936 nobiles.
1338 2873 1400 2934 Bas.
1416 2898 1441 2935 ι.
1463 2876 1559 2936 Guell'.
1573 2897 1619 2936 ια.

216 2976 326 3056 vulgus
339 2995 447 3038 utrum.
465 2977 497 3034 in
515 2975 648 3056 pluribus
661 2977 738 3038 nivii
754 2989 872 3059 mscrpt.
891 2979 1121 3040 Naz.Commel.
1142 3001 1182 3039 m.
1195 3001 1251 3040 sec.
1271 2979 1355 3040 Bern.
1371 3001 1395 3038 ι.
1415 2980 1527 3060 volgus.
1547 2979 1618 3040 Tur.

220 3103 249 3141 2.
269 3081 372 3140 lwnoe
392 3080 461 3140 Tur.
478 3100 501 3138 ι.
522 3079 606 3140 Bern.
623 3101 650 3142 2.
662 3081 691 3142 3.
711 3081 772 3141 llas.
788 3104 813 3141 1.
830 3083 992 3160 fortissimi
1008 3085 1114 3145 virio
1134 3084 1250 3144 addunt
1266 3087 1398 3166 plerique
1415 3085 1513 3145 Codd.
1527 3086 1619 3157 omit·

217 3185 421 3248 tnntt’wism.
445 3183 526 3244 Leid.
536 3205 562 3244 e.
577 3189 598 3246 l.
614 3207 654 3246 m.
664 3207 695 3246 n.
724 3185 791 3246 nob.
804 3187 885 3266 reliq.
896 3208 960 3268 per.
971 3207 1032 3270 rep.
1060 3189 1122 3248 Bas.
1143 3210 1168 3251 ι.
1185 3209 1212 3250 s.
1226 3187 1255 3249 3.
1267 3189 1295 3259 4.
1322 3188 1446 3248 Borma.
1461 3209 1488 3248 s.
1515 3209 1619 3250 omnes

216 3287 301 3350 Ieid.
317 3299 347 3348 et
362 3289 483 3368 plurimi
499 3287 592 3348 Cortii
607 3290 685 3350 libri.
707 3291 773 3349 nob.
791 3289 842 3350 rel.
858 3311 916 3372 rep.
935 3292 1004 3352 Tur.
1023 3313 1050 3352 a.
1071 3294 1129 3354 reb.
1145 3295 1211 3352 nob.
1222 3294 1302 3371 reliq.
1311 3313 1373 3372 per.
1403 3291 1481 3354 nivii
1498 3304 1616 3375 mscrpt.

216 3393 289 3454 Tor.
308 3413 332 3452 ι.
353 3391 449 3452 Guelf.
466 3395 493 3452 5.
508 3415 537 3472 9.
559 3393 642 3454 Paris.
662 3393 784 3454 Banu-b
812 3397 878 3454 nob.
890 3417 952 3476 per.
965 3399 1016 3458 rel.
1032 3417 1091 3478 rep.
1120 3399 1178 3456 Erl.
1205 3399 1274 3480 Teg.
1294 3397 1380 3456 Febr.
1393 3407 1486 3478 uterq.
1506 3397 1574 3458 Seu.
1588 3419 1616 3458 a.

218 3498 320 3559 lleuss.
341 3517 400 3578 νφ.
413 3497 497 3556 omit.
518 3496 644 3570 Beml.
660 3499 754 3558 velam
768 3499 854 3560 bano
865 3501 1001 3562 miseram
1024 3512 1109 3581 atque
1127 3502 1321 3562 inhonestam.
1352 3500 1448 3560 Guell.
1468 3525 1497 3584 χ.
1516 3503 1546 3563 6.
1569 3525 1615 3564 ιι.

217 3603 316 3683 (μοι.
327 3601 396 3679 tec.)
417 3603 482 3662 inc.
496 3623 523 3660 ι.
539 3601 641 3664 Str-nv.
654 3603 735 3662 Laid.
747 3625 777 3662 n.
798 3603 880 3664 huno
895 3603 997 3664 silom.
1017 3604 1078 3665 Bas.
1091 3607 1119 3665 3.
1139 3606 1220 3666 Leid.
1230 3606 1257 3665 k.
1269 3629 1309 3666 m.
1330 3606 1415 3666 Beru.
1423 3607 1453 3668 3.
1464 3608 1545 3669 bono
1557 3607 1616 3670 mi·

215 3726 315 3768 ueram
331 3705 384 3764 vil.
415 3701 499 3764 Bern.
516 3726 542 3765 2.
554 3705 663 3783 fateris.
680 3706 742 3766 Bas.
763 3730 788 3767 ι.
818 3708 920 3769 Guell..
930 3711 956 3768 5.
976 3710 1044 3769 Son.
1061 3732 1085 3768 ι.
1116 3710 1200 3769 Febr.
1217 3732 1241 3769 ι.
1262 3711 1345 3770 Rem.
1361 3732 1389 3771 a.
1410 3732 1514 3774 omnes
1530 3714 1615 3776 Paris.

217 3810 280 3871 211.
300 3809 367 3892 leg.
387 3807 456 3870 Tur.
471 3830 503 3868 ι.
518 3807 622 3870 Oxou.
636 3811 718 3871 Leid.
730 3815 789 3872 a.l.
809 3811 896 3872 Febr.
924 3813 1000 3874 nivii
1018 3824 1046 3874 et
1066 3812 1146 3874 haud
1166 3815 1254 3875 dubie
1268 3816 1355 3876 Palat.
1374 3818 1506 3894 fimitis.
1527 3823 1615 3904 longe

214 3915 342 3998 plurimi
357 3907 424 3974 libri
432 3913 582 3988 flummus
596 3915 693 3994 pauci.
714 3936 807 3976 manu
820 3918 902 3978 nobis
916 3927 970 3977 est.
994 3921 1089 3977 nudor
1101 3941 1167 4000 pars
1180 3919 1281 3980 Codd.
1306 3923 1387 3983 uobis
1404 3923 1438 3982 in
1454 3941 1546 3984 mona
1563 3936 1614 3986 etl.

214 4017 301 4078 laid.
314 4039 340 4077 a.
362 4017 486 4076 Burni.
505 4037 536 4076 2.
556 4017 653 4078 Goell.
667 4041 698 4078 ι..
712 4019 946 4082 &ondin-meos
974 4023 1183 4106 l’risc.18.s9‚
1210 4047 1277 4107 pag.
1300 4027 1367 4086 260.
1387 4025 1441 4087 Ed.
1455 4029 1507 4088 Kr-
1534 4022 1615 4092 vobis
1694 4009 1699 4021 ι

214 4129 269 4184 etl.
290 4121 370 4182 leid.
380 4143 407 4181 c.
420 4143 449 4204 g.
470 4121 570 4184 Guell.
578 4144 606 4184 a.
616 4123 645 4182 6.
665 4123 744 4184 vobis
757 4145 829 4184 esso..
842 4125 902 4185 Erl.
921 4126 978 4186 sila
989 4126 1023 4184 iu
1037 4148 1136 4204 mame.
1145 4150 1176 4188 n.
1188 4149 1212 4188 ο.
1226 4129 1306 4189 Laid.
1319 4129 1349 4189 d.
1360 4128 1392 4190 h.
1413 4132 1446 4190 in
1456 4153 1496 4192 m.
1506 4133 1563 4195 situ
1573 4145 1614 4197 stt

216 4224 316 4286 nobb.
330 4224 411 4285 Leid.
429 4247 469 4284 m.
489 4225 579 4286 Rem..
591 4249 616 4287 s.
645 4226 678 4286 iu
692 4227 833 4288 manibus.
853 4229 914 4288 Bas.
928 4235 954 4292 3.
975 4241 1016 4290 est
1031 4235 1130 4291 locum
1150 4243 1244 4294 mutu
1258 4234 1354 4293 Guell.
1370 4239 1397 4299 3.
1412 4237 1440 4306 4.
1452 4237 1481 4296 6.
1497 4259 1541 4298 ra.
1562 4239 1614 4300 iis·

212 4331 400 4412 ὕψη-ωε,
417 4329 479 4390 Bne.
494 4351 519 4391 ι.
531 4335 559 4394 5.
572 4330 601 4402 4.
620 4330 683 4390 Eil.
699 4329 809 4392 Tum.
823 4353 857 4393 a.
870 4331 954 4394 beru.
979 4355 1046 4395 ua.
1061 4339 1089 4400 3.
1112 4337 1234 4397 Leidb.
1245 4360 1271 4400 o.
1284 4360 1309 4397 e.
1323 4361 1351 4421 g.
1363 4340 1384 4399 i.
1397 4341 1424 4400 l.
1438 4353 1520 4404 met
1532 4347 1618 4427 plur,
