4050 5009
419 414 481 463 XIV
498 487 502 495 ‚

419 568 622 657 laudavit,
659 592 746 672 quae
776 567 930 675 ingenio
957 592 1087 644 rerum
1114 594 1301 646 novarum
1334 570 1578 675 cupidissimo
1600 588 1706 679 grata
1739 572 1821 651 iue-

419 711 532 785 runt,
555 710 595 771 et
619 693 660 769 in
685 694 814 770 omnia
847 692 921 769 alia
952 693 1080 783 abire,
1106 720 1224 796 quam
1247 694 1438 773 librorum
1458 692 1820 775 Mssauctoritatem

418 819 630 925 expendere
653 818 800 893 maluit

295 1050 306 1057 ι
517 947 780 1019 NePutscluirs
794 940 966 1045 quidem,
991 941 1166 1045 praeclari
1185 942 1329 1048 ingenii
1350 942 1473 1034 vir,e't
1488 943 1536 1021 de
1557 947 1821 1051 grammatico-

418 1093 507 1145 rum
535 1068 786 1171 antiquorum
801 1066 928 1169 studio
949 1066 1093 1170 optime
1109 1068 1278 1159 meritus,
1291 1095 1349 1159 ea,
1364 1097 1441 1172 qua
1459 1070 1676 1175 religiosum
1689 1088 1819 1147 testem

416 1195 542 1285 decet,
567 1193 764 1299 diligentia
785 1190 902 1287 Codcl
921 1190 1101 1267 lectiones
1119 1192 1280 1283 notavit,
1308 1194 1413 1297 quod
1429 1194 1546 1299 magis
1561 1194 1677 1269 etiam
1689 1195 1820 1271 dolen-

417 1320 531 1409 dum,
557 1319 663 1423 quod
684 1320 805 1394 bonos
832 1316 948 1393 libros
969 1314 1231 1408 Bittershusii,
1258 1317 1470 1407 ciacconii,
1498 1317 1643 1393 Cuiacii
1667 1320 1819 1397 Vatica-

419 1472 533 1533 num,
558 1450 814 1549 Augrutanos,
836 1440 1029 1545 Bongarsii
1045 1438 1218 1530 schedas,
1238 1458 1417 1546 praeterea
1439 1443 1641 1548 proprium
1658 1444 1817 1537 lihru'm,

417 1567 485 1670 qui
513 1594 621 1642 nunc
648 1584 702 1643 est
728 1567 821 1642 Bihl.
848 1565 1129 1668 Lugdunensis,
1162 1566 1196 1642 ei
1232 1565 1274 1640 in
1309 1582 1493 1670 promptu
1526 1566 1650 1643 fuisse·
1664 1560 1822 1643 constat.

416 1692 542 1767 Multo
567 1692 781 1767 accuratius
802 1690 991 1765 Gruterus
1005 1690 1159 1767 Codices
1177 1690 1426 1781 examinavit,
1451 1716 1545 1793 quos
1567 1690 1728 1795 optimos
1751 1691 1820 1767 ha·-

418 1816 511 1892 huit
529 1816 762 1892 Bibliotheca
778 1815 970 1921 palatina,
991 1816 1054 1891 cui
1077 1831 1159 1891 erat
1179 1815 1386 1919 praefectus.
1412 1816 1512 1891 XIV.
1535 1816 1650 1892 Codd.
1668 1816 1818 1920 copiam

417 1939 452 2017 ei
477 1940 751 2043 suppeditavit,
776 1940 982 2043 dequibus
1000 1940 1151 2043 passim,
1171 1938 1257 2043 quae
1276 1957 1491 2014 memoratu
1507 1938 1623 2044 digna
1638 1932 1820 2015 videban-

413 2080 499 2153 tur,
510 2066 665 2140 notavit.
692 2064 998 2141 Commelianum
1015 2062 1111 2139 dicit
1128 2062 1208 2167 ipsa
1225 2080 1408 2139 vetustate
1421 2088 1588 2153 exesum,
1599 2064 1818 2140 Palatinum

416 2188 681 2264 Nazariumex
693 2189 846 2292 optimis
859 2187 985 2275 libris,
1004 2186 1073 2289 qui
1097 2213 1217 2289 usque
1234 2185 1284 2262 ad
1295 2186 1492 2292 Iugurthae
1504 2215 1533 2263 c.
1554 2191 1630 2265 XC.
1642 2190 1816 2293 pertinet.

415 2315 539 2389 Ceteri
562 2341 633 2418 pro
651 2340 718 2387 sua
741 2314 902 2415 quisque
919 2311 1093 2386 bonitate
1115 2310 1283 2385 numeris
1298 2310 1597 2416 distinguuntur.
1631 2314 1816 2389 Recentis-

415 2439 556 2513 simum
579 2438 654 2511 Pal.
667 2439 748 2511 Xll.
773 2436 960 2540 scriptum
979 2452 1113 2510 narrat
1135 2435 1397 2528 MCCCLV113
1430 2436 1505 2511 Pal.
1523 2438 1585 2511 lx
1610 2436 1744 2513 litteris
1765 2465 1819 2515 esi

416 2587 455 2638 se
471 2562 653 2652 evanidis,
679 2577 717 2637 et
741 2560 875 2665 saepius
895 2559 944 2634 ab
963 2559 1040 2635 alia
1060 2586 1180 2636 manu
1200 2560 1404 2663 corruptis,
1429 2584 1520 2635 cum
1539 2561 1736 2664 scripturae
1760 2591 1819 2641 ve·

414 2686 506 2762 teris
527 2685 677 2789 vestigia
698 2711 779 2760 non
799 2686 945 2789 ubique
963 2700 1107 2759 servata
1127 2683 1212 2779 sint
1247 2683 1293 2759 ld
1321 2684 1425 2787 quod
1455 2682 1569 2760 etiam
1589 2682 1745 2763 Nazario
1773 2687 1819 2763 li-

301 2852 307 2863 ·
414 2812 488 2885 ‘bro
505 2810 652 2887 accidit.
688 2809 763 2883 Pal.
776 2811 822 2884 ll
848 2808 950 2885 inter
968 2808 1088 2883 aniles
1108 2807 1223 2883 refert
1238 2808 1497 2900 membranas,
1522 2808 1675 2885 Pallll.
1701 2811 1820 2909 inter-

404 2934 514 3040 ·glum
543 2937 643 3010 bene
667 2955 841 3023 monere,
859 2933 933 3009 sed
956 2932 1056 3008 male
1077 2959 1098 3005 n
1121 2930 1393 3035 glossographis
1419 2951 1619 3037 acceptum
1642 2934 1743 3009 dicit.

480 3059 654 3163 Amplius
671 3056 909 3162 septuaginta
929 3055 1036 3130 libris
1056 3080 1094 3129 se
1115 3081 1227 3129 usum
1247 3080 1321 3130 esse
1335 3056 1504 3133 Wassius
1517 3056 1737 3147 confirmat,
1754 3058 1818 3135 sed

417 3184 466 3261 de
482 3184 613 3288 paucis
630 3182 843 3257 accuratius
862 3180 945 3285 egit.
971 3178 1121 3253 Laudat
1135 3178 1312 3254 Codicem
1327 3206 1373 3254 ex
1388 3179 1621 3256 Bibliotheca
1631 3182 1677 3257 D.
1686 3184 1816 3258 Marti·

415 3309 460 3383 -ni
477 3310 511 3382 ci
537 3308 727 3395 oblatum,
751 3307 792 3380 in
809 3304 1031 3379 membrana
1053 3301 1216 3406 pulchre
1233 3302 1299 3393 sed
1317 3304 1460 3378 recenti
1480 3330 1599 3381 mauu
1614 3322 1818 3399 exaratum3

418 3432 539 3507 alium
558 3460 638 3507 non
651 3431 774 3505 multo
795 3428 1053 3517 vetustiorem,
1068 3426 1203 3503 litter-is
1223 3426 1409 3529 scriptum
1430 3428 1666 3527 minusculis,
1690 3446 1818 3505 etma-

417 3557 455 3631 la
481 3584 602 3630 manu
623 3554 909 3673 interpolatum,
931 3578 1047 3654 quem
1065 3577 1101 3626 er
1090 3550 1373 3654 suppeditavit
1391 3550 1625 3627 Bibliotheca
1651 3553 1814 3629 Publica.

419 3680 585 3783 Optimae
607 3696 706 3752 notae
729 3678 884 3751 tertium
902 3675 1018 3787 dicit,
1042 3674 1149 3749 cuius
1173 3674 1398 3778 inspiciendi
1422 3676 1572 3778 copiam
1590 3702 1624 3751 er
1614 3675 1818 3751 fecerunt

417 3800 906 3879 eruditiPembrochienses
931 3804 1112 3876 Praeterea
1132 3797 1225 3874 alios
1239 3799 1333 3874 duos
1341 3824 1474 3902 ,pares
1487 3800 1658 3875 bonitate
1673 3801 1817 3904 accepit

418 3928 468 4003 ab
484 3926 681 4007 Hadriano
703 3954 725 4001 a
739 3924 857 3999 Mart
871 3922 1005 4021 (Marlc
1018 3942 1057 4000 Γ.
1072 3924 1128 4021 Λ.)
1163 3926 1408 3997 Accesserunt
1425 3921 1606 3998 lectiones
1631 3923 1816 4003 variantes

415 4076 480 4127 sex
504 4050 618 4126 Codd.
646 4049 940 4138 Oxonieneium,
972 4048 1261 4151 multorumque
1289 4047 1455 4123 aliorum
1478 4047 1689 4140 librorum,
1723 4070 1815 4153 quos

417 4174 630 4249 accuratius
652 4199 733 4247 non
754 4172 955 4276 descripsit
993 4177 1040 4248 ln
1057 4172 1378 4285 praestantissimis
1402 4187 1581 4263 numerat
1595 4170 1815 4249 Arondelia·

418 4326 537 4387 num,
563 4324 631 4399 qm
620 4296 737 4371 olim
757 4294 833 4371 fuit
856 4296 1038 4373 Bilihaldi
1053 4278 1326 4389 Pirkhcimeri,
1345 4312 1467 4401 atque
1492 4295 1675 4401 Regium,
1698 4319 1814 4399 quiem

417 4421 452 4501 ei
478 4420 620 4498 obtulit
643 4418 839 4497 Bentleius
