4050 5009
1592 440 1637 516 ²7

226 618 263 681 L
283 611 369 677 m.
393 632 421 675 ι.
439 610 470 673 Δ
487 604 686 691 qqurixus
703 600 932 691 fugitivorum
950 606 1021 669 dux
1040 622 1119 667 cum
1138 602 1267 691 viginti
1285 604 1443 671 millibus
1458 598 1645 675 hominum

227 738 332 787 casus
350 722 410 785 est.
440 713 502 780 cfr.
516 712 591 779 Liv.
604 710 694 796 Epit.
706 711 822 779 xcv1.
842 710 933 775 Plut.
953 712 1061 775 Crass.
1077 730 1106 775 o.
1123 730 1154 791 9.
1169 710 1316 796 Appian.
1336 716 1373 778 Β.
1391 712 1463 779 civ.
1479 716 1507 783 1.
1528 716 1644 805 ¹¹7³)

226 830 305 893 lam
325 844 405 892 cum
424 823 605 909 Spartacus
630 816 736 885 caleri
760 817 842 905 fuga
869 818 972 903 Alpes
991 824 1136 903 peteret,
1156 816 1245 883 alter
1265 818 1449 885 consulum
1468 822 1645 908 angustias

227 932 362 999 riarum
371 936 473 995 antea
481 927 629 1012 insedit,
648 926 737 991 alter
751 944 772 989 a
787 931 885 1011 tergo
905 927 1023 991 hostes
1043 924 1217 989 insecutus
1232 930 1294 990 est.
1312 925 1501 1011 Spartacus·
1518 926 1645 1015 igitum

227 1037 336 1126 signis
346 1038 499 1123 primum
511 1035 551 1099 in
570 1036 683 1116 huno,
702 1038 781 1115 post
800 1028 840 1093 in
856 1028 958 1093 illum
972 1028 1158 1113 conversis,
1178 1037 1363 1114 utrumque
1373 1033 1581 1121 profligavit.
1601 1037 1644 1099 ln

230 1144 347 1211 Gallia
364 1142 543 1229 Cisalpina
561 1146 690 1225 praetor
709 1132 843 1201 Cassius
870 1134 1062 1201 siobviam
1087 1136 1203 1221 duxit,
1223 1145 1258 1203 et
1275 1158 1403 1225 magna
1428 1148 1527 1227 parte
1549 1140 1645 1205 mili·

121 1298 127 1311 ,
230 1258 305 1313 tum
327 1268 430 1333 cesa,
451 1266 541 1333 aegre
560 1244 643 1331 luga
662 1242 797 1327 elapsus
819 1248 878 1311 est.
899 1243 989 1307 Plut.
1009 1249 1045 1307 st
1062 1244 1149 1328 App.
1164 1243 1189 1307 1.
1206 1244 1231 1305 l.
1249 1242 1275 1307 1.
1295 1244 1321 1309 1.
1332 1244 1390 1324 ω)
1418 1246 1554 1331 Quibus
1570 1246 1644 1313 vio·

229 1352 329 1419 toriis
340 1354 458 1430 elatus,
465 1353 645 1436 Spartacus
657 1350 700 1411 de
708 1347 999 1416 invadendambe
1010 1351 1169 1413 Romana
1176 1350 1394 1435 deliberarit,
1407 1353 1497 1417 Flor.
1513 1352 1538 1417 1.
1551 1354 1575 1417 l.
1591 1360 1645 1418 at·

229 1479 297 1542 que
306 1457 489 1540 consules,
503 1478 581 1521 cum
590 1474 626 1521 sc
639 1452 795 1541 fugitivis
807 1452 845 1517 in
855 1473 938 1541 agro
954 1455 1082 1521 Piceno
1093 1453 1317 1541 objecissent,
1337 1456 1469 1544 insigni
1480 1458 1578 1524 clade
1588 1457 1643 1523 at·

228 1563 312 1631 fecit
331 1566 418 1650 App.
437 1563 462 1627 l.
490 1562 515 1627 l.
547 1563 649 1627 Unde
672 1558 820 1625 consilio
839 1564 990 1639 mutato;
1019 1562 1158 1627 Italiam
1182 1561 1386 1629 inferiorem
1407 1564 1531 1650 petivit
1548 1566 1645 1629 Thu·

229 1671 370 1754 riosque
388 1671 513 1735 urbem
536 1667 753 1755 expugnarit.
772 1668 860 1753 App.
886 1670 964 1753 Quo
983 1665 1074 1734 tacto
1098 1668 1242 1734 Senatus
1259 1669 1424 1735 Consules
1441 1690 1507 1755 pro
1532 1670 1645 1755 impe·

230 1777 285 1841 rio
301 1796 404 1863 agere
424 1774 533 1841 vetuit
555 1784 589 1842 et
608 1776 655 1839 M.
672 1760 808 1841 Licinio
823 1775 941 1839 Crasso
963 1772 1105 1859 pratori
1123 1774 1311 1861 imperium
1336 1782 1456 1839 contra
1479 1771 1645 1861 fugitivos

230 1880 367 1947 detulit.

324 1988 455 2052 Eodem
475 1992 629 2071 tempore
653 1985 714 2049 Cn.
733 1984 900 2049 Lentulus
915 1984 1061 2070 Consul,
1079 1991 1119 2049 ut
1137 1986 1260 2053 aerario
1281 1985 1447 2049 exhausto
1467 2002 1645 2050 succurro-

229 2100 302 2177 rct,
322 2092 435 2178 legem
454 2094 497 2155 dc
514 2089 678 2175 pecunia,
700 2109 805 2171 quam
823 2089 920 2153 Sulla
939 2090 1152 2176 emptoribus
1167 2092 1359 2174 bonorum,
1371 2110 1448 2173 quae
1464 2092 1643 2172 quondam

167 2246 173 2255 .
231 2194 504 2278 proscriptorum
517 2194 671 2273 fuerant,
691 2194 859 2275 exigenda
874 2196 1125 2281 promulgavit,
1145 2194 1285 2258 olr.Sal.
1304 2194 1427 2276 fragm.
1439 2196 1496 2258 IV.
1521 2216 1548 2253 r.
1565 2188 1644 2273 Μ)

316 2532 353 2617 ⁹)
375 2531 540 2599 Proelium
554 2535 597 2597 ad
619 2533 817 2619 Garganum
830 2532 985 2594 montem
1005 2527 1242 2615 commissum,
1262 2512 1324 2596 sed
1337 2532 1479 2605 Crixum
1492 2556 1514 2599 a
1528 2534 1645 2605 Gellio

232 2640 373 2706 consule
393 2647 592 2726 superatum
610 2658 683 2707 esse
700 2646 857 2705 auctores
875 2643 955 2705 sunt
971 2636 1116 2702 Orosius
1132 2638 1173 2705 V.
1194 2652 1243 2715 at.
1262 2646 1297 2707 et
1309 2640 1523 2709 Plutarchus.

294 2760 356 2846 ⁰⁹)
377 2760 451 2827 Liv.
466 2762 555 2849 Epit.
573 2762 688 2831 XCVI.
703 2765 763 2839 «C.
775 2762 910 2829 Cassius
923 2762 1109 2849 proconsul
1127 2766 1162 2827 et
1173 2762 1234 2827 Cn.
1252 2763 1403 2828 Manlius
1416 2770 1544 2849 prator
1554 2762 1647 2828 male

231 2871 394 2933 adversus
409 2870 609 2955 Spartacum
633 2878 895 2957 pugnaverunt,
914 2868 1022 2951 idque
1036 2868 1171 2931 bellum
1188 2868 1235 2926 M.
1256 2868 1377 2930 Crasso
1389 2868 1532 2948 praetori
1549 2886 1646 2931 man·

234 2975 354 3035 datrtm
378 2982 458 3043 est)
479 2976 613 3039 Cassius
632 2974 819 3053 proconsul
840 2972 988 3040 dicitur,
1010 2976 1051 3025 ut
1072 2964 1138 3023 alii
1160 2963 1282 3041 multi,
1302 2964 1366 3047 qui
1382 2976 1569 3050 quaestores
1589 2971 1647 3037 vel

233 3080 398 3161 pretores
416 3074 535 3152 creati,
558 3070 737 3138 consulare
754 3062 940 3147 imperium
961 3064 1000 3127 in
1021 3065 1210 3149 proviaciis
1228 3076 1355 3136 tenent.
1377 3075 1520 3153 Manlii,
1536 3096 1647 3160 quan-

232 3189 309 3246 tum
342 3176 505 3260 equidem
530 3170 623 3255 scio,
649 3170 743 3265 apud
762 3167 876 3231 solum
894 3167 1035 3233 Livium
1055 3171 1096 3235 fit
1118 3172 1269 3253 mentio;
1290 3185 1411 3242 contra
1433 3181 1464 3245 is
1481 3182 1647 3265 prolium

233 3286 273 3351 in
295 3304 380 3371 agro
400 3280 528 3347 Piceno
557 3274 780 3343 commissum
797 3271 938 3341 silentio
957 3276 1193 3363 pretermisit,
1221 3282 1355 3363 dequo
1378 3282 1556 3367 Appianas
1580 3288 1645 3353 ita:

233 3398 294 3473 coi
320 3396 383 3470 τὸν
410 3380 548 3469 ὑπάτων
576 3378 683 3473 αὖθις
710 3385 784 3487 περὶ
812 3374 865 3477 τὴν
892 3383 1077 3478 nmnrs'rulo
1093 3390 1156 3485 γῆν
1174 3379 1385 3475 horinos,
1411 3380 1533 3496 pu'yac
1550 3380 1646 3494 lyon

235 3504 337 3616 ’ἕτερος
355 3498 405 3591 ‘o'cll
422 3516 573 3610 yiyrsror
590 3512 651 3589 sol
668 3496 811 3613 faydit
828 3508 888 3585 aot
906 3496 978 3586 ro‘re
995 3502 1093 3599 {aaa
1108 3516 1273 3615 roms.
1297 3525 1333 3583 et
1351 3518 1510 3586 Orosius:
1537 3522 1648 3598 ,Post

238 3631 366 3710 etiam,
388 3631 522 3697 collatis
542 3629 671 3696 frustra
691 3626 794 3693 ambo
811 3628 967 3693 consules
987 3626 1115 3713 copiis,
1136 3636 1276 3715 accepta
1295 3632 1392 3718 gravi
1410 3634 1525 3721 clade,
1549 3634 1647 3723 tngo-

237 3748 325 3805 rant.
356 3738 491 3805 Dehinc
514 3738 550 3801 c.
573 3734 728 3804 Cassium
752 3736 994 3823 proconsulem
1016 3733 1112 3800 idem
1131 3735 1312 3823 Spartacus
1332 3759 1533 3827 oppressum
1550 3742 1646 3811 bello

239 3846 422 3913 interfecit.
435 3854 452 3888 ⁹

300 3966 379 4048 ⁰⁰⁰)
398 3968 502 4051 Sunt,
523 3964 586 4049 qui
598 3934 710 4055 legem
726 3970 770 4034 de
779 3965 966 4033 tribunicia
976 3973 1143 4051 potestate
1152 3964 1228 4048 jam
1240 3968 1309 4031 hoc
1320 3985 1413 4033 anno
1429 3987 1451 4032 a
1464 3968 1513 4035 M
1519 3964 1645 4035 Lollio

241 4070 425 4143 Palicano
441 4081 483 4138 tr.
500 4073 549 4159 pl.
564 4070 708 4139 relatum
719 4080 858 4161 putent;
870 4072 962 4140 inter
974 4093 1061 4156 quos
1072 4072 1227 4162 Pighius.
1248 4074 1352 4156 Cujus
1362 4094 1512 4141 errorem
1525 4090 1647 4153 quam·

241 4180 294 4245 vis
303 4176 507 4247 Debrossius
520 4179 735 4267 refutaverit,
757 4190 871 4248 tamen
884 4187 917 4247 et
931 4180 1004 4265 ipse
1022 4179 1062 4243 in
1079 4199 1121 4247 ec
1134 4178 1279 4264 erravit,
1299 4182 1396 4263 quod
1409 4179 1464 4244 M.
1481 4168 1646 4242 Lollium

242 4282 484 4366 Palicanum,
513 4286 679 4374 Pompejo
701 4288 868 4373 Consule,
888 4286 1068 4353 tribunum
1089 4284 1203 4372 plebis
1221 4284 1328 4353 fuisse
1347 4281 1475 4350 statuit.
1503 4283 1592 4347 Nam
1616 4279 1648 4347 is

1324 4396 1348 4443 s
