4050 5009
1529 438 1592 489 121

208 593 400 672 tribunum
425 597 546 703 plebis
566 621 703 702 magna
725 595 897 672 mercede
913 607 1044 700 parat,
1070 593 1180 670 cuius
1207 591 1445 698 impudentia
1466 609 1599 670 contre

205 718 258 794 ius
286 737 325 795 ct
352 722 513 797 iniurias
533 722 657 798 omnis
679 719 852 796 munitus
874 719 979 794 foret
1035 721 1085 794 At
1105 721 1143 794 G
1164 719 1391 808 Memmius,
1417 717 1601 794 advocate

205 846 402 937 concione,
427 873 664 951 quamquam
680 844 759 950 regi
787 842 921 918 infesta
941 843 1183 948 plebescunt,
1209 859 1246 918 et
1263 869 1350 949 pars
1376 843 1418 916 in
1444 839 1598 920 vincula

204 969 286 1044 duci
307 971 477 1061 iubebat,
499 997 602 1076 pars,
631 970 674 1046 ni
693 967 813 1044 socios
829 967 976 1042 sceleris
994 967 1053 1042 sui
1073 967 1256 1071 aperiret,
1284 993 1388 1042 more
1409 965 1600 1042 maiorum

203 1091 246 1167 dc
264 1092 369 1170 hoste
382 1095 617 1200 supplicium
633 1091 754 1182 sumi;
778 1089 956 1194 dignitati
982 1117 1100 1192 quarn
1136 1089 1202 1164 irae
1230 1091 1347 1195 magis
1377 1090 1599 1182 consulens,

203 1216 323 1292 sedare
341 1234 468 1292 motus
492 1234 532 1292 ct
556 1218 703 1292 animos
725 1241 859 1290 eorum
879 1213 1050 1306 mollire3
1074 1229 1262 1318 postremo
1280 1213 1530 1317 confirmare,
1557 1213 1600 1288 fi·

203 1338 283 1414 dem
299 1341 494 1444 publicam
512 1367 582 1444 per
600 1365 676 1416 sete
693 1339 915 1413 inviolatum
936 1336 1025 1413 fore.
1077 1343 1184 1426 Post,
1210 1339 1279 1413 ubi
1306 1338 1502 1414 silentium
1523 1363 1599 1415 coe-

203 1463 273 1564 pit,
297 1465 485 1567 producto
500 1461 705 1568 Iugurtha,
729 1462 841 1536 verba
858 1461 966 1535 facit:
991 1463 1120 1536 Rornae
1139 1461 1406 1565 Numidioeque
1428 1461 1598 1538 facinora
1631 1499 1642 1519 ·

203 1586 277 1661 eius
298 1605 506 1680 memorat,
529 1588 667 1663 scelera
687 1587 729 1660 in
754 1600 903 1688 patrem
927 1583 1137 1686 fratresque
1162 1585 1344 1661 ostendit:
1371 1587 1513 1688 quibus
1540 1586 1600 1660 iu·

202 1713 374 1786 vantibus
398 1713 616 1815 quibusque
635 1708 817 1785 ministris
836 1734 879 1784 ea
906 1708 1038 1812 egerit,
1063 1735 1300 1812 quamquam
1317 1710 1514 1815 intellegat
1533 1737 1600 1814 po·
1719 1793 1728 1808 ⁸

201 1835 310 1936 pulus
331 1837 540 1925 Romanus,
563 1851 691 1910 tamen
719 1831 816 1908 velle
843 1831 1042 1907 manifesta
1078 1835 1194 1938 magis
1221 1859 1267 1908 ex
1295 1833 1362 1908 illo
1385 1833 1599 1910 habere:·si

201 1984 282 2033 vera
305 1960 468 2063 aperiat,
491 1959 534 2034 in
561 1958 635 2034 lide
658 1973 697 2033 et
716 1955 917 2032 clementia
941 1954 1077 2060 populi
1096 1957 1260 2031 Romani
1281 1983 1460 2062 magnam
1493 1985 1599 2064 spem

199 2081 256 2156 illi
268 2083 396 2157 sitam:
420 2084 481 2157 sin
499 2081 670 2169 reticeat,
696 2106 777 2155 non
796 2078 906 2154 sociis
925 2078 1041 2154 saluti
1064 2079 1168 2172 fore;
1190 2079 1256 2156 sed
1280 2105 1318 2157 se
1341 2107 1504 2184 suasque
1515 2107 1598 2188 spes

202 2223 479 2311 corrupturum.
530 2204 698 2293 Deinde,
724 2203 793 2279 ubi
815 2203 1018 2278 Memmius
1033 2203 1193 2280 dicundi
1214 2203 1331 2280 linem
1350 2204 1458 2298 fecit,
1474 2223 1512 2282 et
1533 2209 1646 2294 Iu-st

198 2328 332 2434 gurtha
356 2330 583 2436 respondere
611 2329 732 2404 iussus
756 2343 832 2416 est,
859 2330 898 2402 G
918 2327 1086 2418 Bobius,
1110 2328 1288 2404 tribunus
1315 2329 1456 2435 plebis,
1483 2357 1598 2432 quem

199 2456 358 2557 pecunia
380 2471 606 2558 corruptum
630 2479 746 2557 supra
761 2451 944 2540 diximus,
969 2477 1094 2556 regem
1112 2467 1235 2528 tacere
1251 2452 1373 2530 iubet:
1400 2481 1445 2529 ac
1469 2470 1596 2530 tamen

198 2579 263 2654 etsi
289 2578 520 2668 multitudo,
546 2603 634 2680 qum
667 2579 710 2652 in
740 2574 924 2651 concione
956 2574 1105 2666 aderat,
1138 2573 1381 2654 vehementer
1418 2604 1597 2668 accensa,

274 2757 407 2841 Cani&
428 2769 529 2820 tumen
542 2756 595 2820 etsi
613 2759 683 2818 vin.
698 2780 723 2818 t.
744 2778 785 2816 m.
797 2777 843 2838 pr.
864 2755 1001 2816 tornensi
1007 2763 1035 2816 et
1055 2754 1152 2822 Guell.
1167 2777 1213 2817 11.
1233 2757 1405 2818 eratenimi
1421 2759 1489 2844 Τις.
1506 2781 1598 2823 cunc-

200 2875 228 2923 ta
243 2886 276 2925 en
291 2873 418 2945 gesserat
437 2883 501 2943 qtttr
518 2883 607 2943 supro
620 2861 750 2922 dicimus
765 2862 845 2921 Vrst.
861 2883 886 2919 ι.
900 2881 927 2926 2.
947 2861 1017 2921 Vm.
1030 2881 1058 2922 π.
1080 2861 1147 2922 Ecc.
1169 2860 1267 2922 Guell.
1286 2885 1311 2922 r.
1324 2865 1353 2924 3.
1368 2887 1397 2946 9.
1413 2886 1458 2926 ιι.
1479 2867 1518 2926 ita
1533 2869 1598 2928 edi-

154 3013 159 3031 .
199 2969 240 3029 dit
259 2969 379 3030 Havete.
400 2967 629 3028 adsentientibus
651 2965 789 3026 omnibns
801 2966 882 3027 leid.
899 2987 994 3047 neque
1016 2967 1052 3026 de
1073 2967 1195 3028 Palatin.
1211 2969 1324 3049 aliquid
1344 2973 1462 3030 monuit
1481 2971 1597 3034 Gruter.

190 3078 358 3147 firrmruee
370 3073 478 3133 nertrtir
497 3073 559 3137 Bes.
575 3093 600 3136 ι.
620 3071 705 3135 Bern.
717 3071 747 3132 3.
766 3079 1007 3152 magensem
1026 3071 1121 3136 Strur.
1142 3069 1252 3132 troad.
1274 3075 1359 3140 Puris.
1371 3075 1401 3134 b.
1422 3077 1597 3138 memoravi-

198 3199 257 3238 mus
275 3179 359 3240 ceteri
373 3178 467 3238 Cortii
478 3177 557 3238 libri.
570 3177 633 3237 Bos.
642 3175 671 3247 4.
692 3195 878 3236 narravimus
896 3175 965 3241 Tur.
978 3175 1022 3234 ius
1032 3175 1156 3236 stiniur.
1174 3177 1215 3238 vis
1226 3187 1254 3237 et
1267 3178 1356 3238 iniier.
1372 3184 1460 3262 longe
1473 3183 1596 3260 plurimi

199 3281 287 3344 Cottii
310 3284 389 3344 libri.
418 3293 448 3343 et
457 3301 528 3363 pars
542 3282 577 3340 in
591 3301 620 3347 v.
652 3290 681 3339 et
695 3301 757 3340 om.
785 3281 870 3340 Rem.
885 3302 911 3340 ι.
940 3278 1037 3340 Gnell.
1051 3280 1079 3351 4.
1109 3281 1263 3360 aperuisset
1294 3283 1357 3343 Bas.
1368 3283 1397 3356 4.
1425 3285 1539 3346 sceleris
1550 3285 1598 3345 rui

199 3408 280 3468 pron.
300 3388 452 3448 multivii
466 3387 544 3447 libri.
564 3387 650 3446 Bern.
665 3407 691 3446 ι.
720 3388 752 3446 d.
766 3405 856 3464 quam
868 3385 923 3447 iroe
941 3386 1038 3465 magis
1051 3407 1078 3445 c.
1105 3387 1146 3446 its
1162 3385 1260 3448 Guell.
1279 3410 1304 3453 r.
1317 3388 1345 3450 3.
1363 3389 1391 3460 4.
1411 3411 1456 3450 ιι.
1481 3389 1593 3455 Fabrlc.

199 3490 255 3551 Bm.
268 3515 294 3553 r.
306 3492 335 3564 4.
354 3492 425 3552 Tur.
446 3491 593 3563 itaUWast.
615 3488 731 3550 Gruter.
752 3491 873 3553 llorere.
892 3490 1055 3550 ediderunt.
1076 3491 1144 3551 vin.
1165 3491 1262 3552 Senot.
1282 3515 1308 3559 t.
1328 3495 1424 3557 Struv.
1445 3493 1507 3575 dig.
1526 3515 1593 3555 mu·

196 3599 239 3676 git
256 3619 343 3677 quom
361 3598 459 3660 ceteri.
480 3595 705 3656 animoteonon
725 3615 812 3678 pron.
830 3616 893 3655 om.
910 3595 994 3656 ilem.
1013 3618 1040 3655 ι.
1061 3617 1137 3656 unus
1147 3597 1259 3663 Wsssii.
1288 3599 1401 3675 ejecit
1426 3599 1508 3660 Leid.
1520 3621 1546 3660 a.
1562 3601 1593 3660 d.

200 3701 263 3761 eh.
283 3702 344 3767 Bos.
356 3702 386 3772 4.
413 3701 556 3780 coegerit
583 3721 735 3782 promotu
753 3701 821 3760 Vin.
833 3721 861 3760 2.
889 3720 934 3780 eg.
953 3721 989 3760 eo
1016 3700 1111 3760 stmv.
1132 3701 1191 3761 inc.
1202 3721 1230 3767 s.
1251 3702 1283 3760 in
1292 3703 1410 3779 fratres
1424 3713 1595 3784 patremque

198 3806 255 3866 Bss.
269 3829 294 3868 t.
312 3808 453 3870 sicerum
468 3807 581 3886 aperiat
600 3806 662 3866 Bas.
682 3827 707 3864 1.
727 3804 813 3866 Bern.
827 3825 852 3863 1.
882 3807 970 3884 pauci
987 3825 1022 3865 ex
1036 3803 1118 3864 Cort.
1140 3807 1311 3866 recentiores
1325 3807 1446 3868 Polatin.
1472 3809 1554 3870 Leid.
1571 3812 1593 3870 1.

200 3910 286 3978 Mart.
304 3925 334 3978 r.
354 3933 389 3973 ex
403 3922 525 3972 correct.
556 3931 617 3970 non
633 3909 722 3972 soluti
735 3909 819 3970 sociis
829 3912 903 3988 sore
921 3909 983 3970 Bne.
1000 3931 1027 3974 ι.
1051 3911 1102 3968 sed
1115 3929 1143 3970 se
1154 3929 1353 3991 suasquespes
1377 3923 1594 3994 corruptorem.

198 3994 251 4100 sese
265 4037 385 4097 sucoque
404 4017 471 4095 (rect
485 4016 611 4094 omisso)
633 4013 731 4074 Guell.
741 4014 770 4085 4.
788 4035 834 4076 ιο.
855 4013 935 4076 Vrnt.
947 4034 974 4073 2.
987 4013 1016 4076 ὅ.
1038 4014 1106 4076 vin.
1118 4035 1147 4075 2.

276 4142 348 4227 Cap.
369 4145 417 4216 34.
446 4143 573 4204 dr‘cuudi
590 4143 687 4204 Gnell.
704 4142 734 4205 3.
761 4153 861 4203 tomen
875 4141 929 4205 etsi
957 4143 1057 4204 Hense.
1086 4145 1168 4204 voltu
1186 4145 1248 4206 Bos.
1268 4166 1292 4204 ι.
1313 4147 1433 4214 Vtuts.
1453 4148 1591 4210 Senatu.

199 4249 293 4314 Reuss.
313 4270 388 4312 unns
394 4245 510 4313 Wassii.
527 4249 655 4312 comsit
671 4249 752 4314 seit.
764 4249 794 4310 d.
807 4251 828 4309 s.
840 4247 871 4309 h.
880 4249 902 4313 i.
922 4252 1020 4332 plnres
1030 4247 1106 4312 ltirii
1122 4249 1262 4311 etWassii
1276 4249 1394 4312 Corum.
1402 4255 1524 4335 aliquot.
1536 4254 1593 4314 Ps-

1150 4380 1195 4454 16
