4050 5009
411 390 458 484 ¹4

413 577 493 652 rius
521 575 671 650 bonum
692 573 909 679 exemplum
933 588 1084 653 secutus
1123 590 1161 651 et
1193 576 1291 681 ipsos
1320 576 1458 655 ductus
1487 579 1686 657 literarum
1712 582 1812 659 anti-

291 783 296 792 *
413 717 509 796 (suos
530 692 700 765 imitatus
721 716 797 764 esse
816 692 990 782 videtum
1007 692 1073 767 sed
1098 718 1183 794 quae
1199 694 1275 767 fuit
1293 692 1459 770 hominis
1477 697 1682 801 imperitia,
1696 698 1813 773 etiam

415 810 551 917 glossas
575 806 717 909 recepit
737 822 774 881 et
792 809 995 882 verborum
1018 806 1191 883 ordinem
1210 810 1386 884 turbavit.

501 944 591 1010 Catil.
617 968 683 1026 cap.
699 952 728 1010 1.
748 949 961 1007 animantibus.
990 953 1023 1014 3.
1043 948 1146 1029 ibique
1170 952 1264 1009 multa
1288 949 1405 1008 adversa
1432 953 1523 1021 luere,
1551 948 1581 1017 4.
1609 952 1815 1031 explananda,

418 1066 520 1129 quam,
550 1044 580 1109 6.
598 1047 773 1102 coaluerunt
791 1077 810 1092 ·
830 1045 1127 1127 dominationemque
1162 1047 1306 1105 convertit
1335 1045 1384 1124 (se
1400 1068 1505 1106 manus
1528 1069 1585 1119 sec,
1606 1048 1749 1126 addidit).
1782 1048 1817 1121 7,

418 1144 545 1203 simulac
571 1138 680 1198 laboris
707 1140 778 1198 belli
798 1142 878 1200 -sic
898 1142 1022 1220 quisque
1042 1141 1188 1221 -quibus
1208 1144 1291 1205 loeis.
1322 1149 1351 1207 8.
1365 1145 1453 1203 sicuti
1476 1145 1610 1203 existimo
1628 1177 1648 1192 ·
1667 1146 1818 1219 minores,

302 1314 306 1323 Ι
421 1257 511 1319 quam
534 1237 613 1293 fama
632 1267 652 1282 -
672 1237 764 1295 secere
778 1256 821 1294 ea.
853 1241 884 1306 9.
895 1256 926 1294 se
944 1256 1066 1317 remque
1081 1238 1244 1318 publicam.
1275 1244 1323 1303 18.
1343 1252 1407 1298 tum
1429 1241 1602 1321 pessimum.
1620 1242 1820 1322 ’19111111-

358 1338 370 1354 '
418 1336 559 1397 vinciam.
578 1336 630 1396 20.
644 1351 736 1411 quom
757 1333 882 1395 tabulas.
903 1338 1034 1397 21.cum
1059 1354 1094 1393 eo
1110 1355 1139 1393 se
1157 1333 1297 1393 Consule.
1327 1341 1374 1400 22.
1392 1340 1463 1395 ficta
1481 1335 1552 1395 bec.
1581 1340 1631 1401 28.
1650 1337 1704 1395 ubi
1724 1338 1820 1396 intel·

419 1433 502 1492 leuit.
516 1435 567 1499 30.
577 1450 648 1487 nam
658 1430 847 1507 utriquest
861 1450 953 1507 quom
971 1439 1000 1487 et
1009 1430 1124 1492 alienis.
1139 1434 1188 1493 38.
1203 1440 1246 1488 est
1256 1434 1398 1492 restituta.
1419 1437 1470 1502 39.
1483 1435 1572 1493 erexit
1589 1466 1608 1479 -
1627 1433 1720 1493 isdem
1739 1444 1822 1493 tem-

420 1527 556 1609 poribus.
586 1523 635 1590 40.
651 1525 817 1604 negotiatus
835 1536 908 1583 esset
928 1558 947 1572 -
964 1528 1010 1583 uti
1028 1527 1073 1584 sui
1085 1527 1277 1586 misereretur.
1300 1528 1350 1595 45.
1366 1532 1433 1610 quis
1451 1532 1521 1600 sim,
1552 1528 1602 1597 47.
1622 1531 1671 1589 cui
1693 1531 1819 1589 satarum

423 1634 487 1683 erat
505 1655 524 1669 -
543 1641 634 1701 quom
653 1622 735 1700 prius
754 1618 947 1680 -abdicatus
967 1642 984 1677 1
1002 1623 1184 1703 magistratu.
1213 1623 1263 1691 51.
1278 1647 1384 1707 magna
1405 1638 1449 1685 est
1463 1623 1538 1683 mihi
1557 1658 1576 1674 -
1596 1636 1631 1686 11
1651 1626 1674 1685 is
1694 1627 1726 1685 in
1746 1644 1823 1704 pm-

422 1714 774 1799 scriptorum-exercitns
790 1716 874 1773 sitin
889 1738 990 1781 manu.
1011 1720 1063 1782 53.
1075 1738 1164 1798 quare
1184 1740 1275 1799 quom
1297 1756 1313 1767 ·-
1332 1742 1456 1803 magnus
1476 1732 1565 1801 atque
1584 1725 1688 1781 clarus.
1707 1722 1757 1786 55.
1771 1741 1823 1779 as-

424 1817 558 1879 cenderis
577 1847 596 1861 -
614 1814 762 1873 dimissus.
782 1815 833 1877 58.
845 1833 906 1892 quo
922 1817 989 1873 loco
1008 1846 1029 1862 -
1047 1814 1245 1899 adgredimini
1265 1850 1284 1865 ·
1304 1839 1396 1899 quom
1416 1839 1478 1880 ros.
1501 1816 1550 1885 60.
1572 1821 1705 1899 utrisque
1727 1838 1761 1880 ex
1773 1821 1824 1878 la-

425 1914 548 1975 teribus.

507 2048 661 2130 «Iugurtha
678 2069 743 2130 cap.
760 2055 788 2115 1.
809 2052 855 2110 sui
885 2059 1000 2111 natura.
1022 2056 1052 2116 2.
1070 2052 1172 2113 animo
1193 2063 1223 2114 et
1249 2072 1372 2134 corpore
1390 2086 1410 2101 -
1429 2062 1459 2113 et
1474 2054 1532 2113 alia
1554 2050 1769 2132 hujuscemodi.
1790 2048 1823 2115 6.

425 2148 541 2228 primus
556 2147 651 2211 ferire.
672 2145 713 2213 7.
725 2149 811 2208 facile
830 2168 1004 2208 occasurum
1025 2182 1044 2196 -
1063 2150 1159 2229 Publii
1179 2152 1337 2231 Scipionis.
1374 2155 1423 2215 10.
1437 2152 1502 2211 rita
1515 2152 1606 2210 finem
1626 2150 1697 2208 lacit
1715 2181 1734 2196 -
1754 2166 1827 2207 mo-

427 2254 573 2302 numenta
589 2244 720 2322 plurima
737 2255 816 2307 sunt.
847 2242 895 2311 17.
908 2245 1070 2320 diversum,
1091 2256 1201 2314 tamen.
1233 2251 1282 2316 19.
1295 2246 1431 2305 Numidae
1446 2279 1465 2293 -
1485 2257 1556 2309 erat.
1587 2251 1637 2311 20.
1657 2244 1826 2314 discessere.

318 2337 321 2342 ’
427 2324 1064 2421 27.11111111)111ο11111111131111
1080 2344 1172 2423 magis
1191 2342 1327 2402 dedecus.
1359 2346 1409 2407 32.
1420 2342 1521 2401 Romae
1540 2353 1668 2421 aguntur
1687 2341 1828 2421 -pluri-

428 2457 480 2495 ma
496 2434 725 2516 flagitiosissima
744 2470 763 2484 -
782 2438 888 2497 timido
905 2460 939 2496 ex
953 2440 1134 2498 couscientia
1153 2438 1312 2498 diffidenti.
1341 2442 1388 2503 33.
1400 2440 1496 2497 socios
1513 2459 1582 2497 auos
1601 2440 1677 2497 tanti
1697 2436 1825 2501 sceleris.

431 2532 484 2601 37,
507 2534 625 2611 aliaque
644 2533 765 2613 incepto
783 2564 804 2581 -
823 2536 955 2592 tumultu
979 2536 1107 2613 percussi
1124 2536 1257 2606 insolito.
1276 2533 1326 2600 42.
1341 2534 1491 2594 desereret.
1512 2533 1562 2600 46.
1573 2546 1756 2614 opportunos
1772 2552 1829 2593 uo-

431 2638 547 2709 gnorat.
575 2628 624 2691 50.
639 2628 842 2688 Romanorum
857 2630 952 2693 turba.
982 2632 1035 2694 52.
1049 2651 1110 2688 non
1139 2634 1238 2710 prelio
1258 2652 1355 2712 neque
1375 2634 1447 2690 acie.
1477 2632 1530 2695 55.
1546 2631 1635 2691 latius
1653 2639 1827 2690 crescerent.

432 2725 485 2794 60,
520 2727 676 2803 paululum
705 2723 807 2783 modo.
858 2724 909 2789 62.
939 2724 997 2783 sibi
1026 2725 1160 2784 Numidae
1187 2730 1358 2788 consultent
1375 2762 1394 2776 -
1424 2730 1557 2787 accersiri
1577 2760 1596 2775 ··
1622 2729 1723 2795 sumit.
1763 2726 1830 2784 Ro-

434 2844 498 2886 mae.
519 2820 569 2885 68.
584 2822 642 2894 111,
663 2822 757 2902 signa.
775 2820 826 2890 69.
839 2823 974 2893 utierat,
993 2821 1157 2881 Metellum.
1177 2820 1228 2889 70.
1244 2824 1276 2882 11
1295 2824 1361 2904 quis
1380 2825 1552 2883 molliciem.
1573 2822 1625 2891 76.
1649 2843 1711 2883 nno
1730 2822 1777 2882 die
1793 2842 1831 2881 ac

435 2928 524 2978 nocte
541 2950 561 2963 -
579 2917 663 2995 jubet
679 2918 796 2977 duobus
812 2920 895 2976 locis.
923 2915 976 2984 77.
991 2920 1133 2999 gnaviter.
1162 2918 1213 2989 79.
1227 2940 1287 2999 quo
1302 2924 1386 2985 fines.
1417 2926 1467 2985 83.
1487 2920 1594 2979 babere
1616 2940 1684 2979 eum
1704 2918 1831 2999 -plebe

434 3016 547 3075 volenti
562 3014 714 3084 militiam.
736 3017 786 3085 85.
801 3016 916 3074 iaciunt
932 3016 1011 3074 idem
1031 3048 1051 3063 -
1070 3038 1134 3074 mea
1151 3019 1227 3076 lacta
1246 3018 1343 3076 dicere
1363 3020 1435 3077 licet
1451 3049 1471 3065 ··
1491 3038 1525 3077 ex
1540 3018 1634 3077 animi
1647 3016 1792 3075 sententia
1810 3047 1832 3063 -

435 3112 551 3171 bonum
567 3112 705 3168 animum
723 3109 871 3170 habetote.
892 3118 945 3183 89.
957 3114 1063 3191 procul
1080 3112 1178 3172 abesse
1196 3114 1285 3171 aliis·
1297 3113 1364 3172 libis
1379 3113 1606 3173 memorabatur.
1630 3118 1682 3183 91.
1700 3110 1831 3170 infidum

435 3219 499 3268 erat
510 3240 530 3254 -
548 3207 745 3272 coercebatur.
767 3212 817 3276 93.
832 3209 968 3267 animum
988 3210 1134 3267 convertit
1152 3241 1172 3256 -
1190 3212 1348 3288 paululum
1368 3210 1470 3269 modo.
1493 3213 1543 3279 95.
1561 3232 1599 3267 an
1615 3212 1714 3291 pigeat
1726 3210 1832 3289 magis.

332 3387 334 3392 ,
436 3304 487 3387 96.
507 3307 540 3364 in
559 3307 670 3388 vigiliis
687 3309 806 3364 multus.
835 3304 886 3374 97.
898 3305 1096 3363 difficiliorem
1115 3325 1183 3364 esse.
1212 3312 1264 3375 98.
1282 3326 1385 3385 quom.
1417 3311 1486 3371 100.
1504 3308 1538 3365 11
1564 3303 1688 3364 hiberna
1707 3327 1715 3361 1
1736 3324 1834 3385 prop·

438 3413 492 3465 ter.
524 3406 592 3465 101.
611 3404 719 3461 morati
744 3403 861 3459 lucrant
879 3434 898 3448 -
917 3403 1028 3481 primos
1050 3412 1112 3461 erat
1129 3434 1149 3447 -
1169 3404 1307 3482 plurimis
1335 3414 1397 3461 erat
1414 3435 1435 3450 ·
1461 3404 1589 3461 occurrit
1609 3404 1728 3460 auxilio.
1760 3405 1832 3471 102.

439 3500 573 3579 pervenit
587 3498 736 3577 oppidum
757 3530 776 3546 -
796 3519 887 3578 quom
907 3499 995 3555 -cui
1015 3500 1129 3557 scilieet
1146 3500 1327 3577 complacuit
1346 3532 1365 3546 -
1385 3498 1506 3559 demitte
1518 3500 1699 3579 -expulit-
1718 3497 1836 3557 obmit-

441 3604 509 3662 tere.
530 3597 599 3658 103.
613 3597 760 3673 permittit
777 3596 848 3673 ipsis
867 3628 887 3642 -
905 3605 957 3652 aut
969 3594 1167 3653 benivolentia
1182 3615 1250 3657 esse.
1273 3594 1342 3659 104.
1365 3616 1468 3675 quom.
1496 3596 1562 3667 105.
1582 3596 1724 3654 arbitratu
1746 3616 1836 3655 com-

442 3690 583 3749 munibus
600 3722 619 3736 -
639 3692 772 3769 equitum
787 3690 933 3770 peditum.
957 3690 1025 3755 106.
1042 3693 1169 3749 occurrit
1186 3723 1205 3737 -
1225 3693 1330 3750 totiens
1342 3724 1361 3738 -
1381 3714 1484 3770 quom.
1508 3692 1576 3758 107.
1588 3690 1727 3761 haberet,
1738 3711 1803 3769 spes
1815 3725 1837 3738 -

443 3808 511 3847 eum
528 3787 630 3865 ipsius.
654 3790 724 3851 108.
736 3790 866 3867 populus
883 3786 1036 3845 Romanus
1056 3808 1120 3866 quae
1132 3790 1220 3847 vellet
1238 3820 1258 3833 -
1276 3786 1440 3861 Romanos,
1460 3788 1631 3860 Numidam.
1665 3793 1736 3853 110.
1758 3798 1837 3847 terra

442 3883 499 3943 hac
519 3885 654 3943 omnium
672 3884 932 3963 opulentissimus,
952 3904 1026 3963 quos
1045 3915 1063 3930 -
1084 3885 1170 3944 suerit
1185 3883 1259 3943 mihi
1280 3886 1421 3964 precium.
1444 3889 1512 3948 111.
1528 3888 1656 3944 multum
1669 3884 1807 3945 disseruit
1818 3918 1839 3931 -

444 3983 477 4039 in
491 3981 585 4060 gratia
603 3977 755 4039 habituros
777 4028 791 4039 .
813 3981 940 4059 quamsi
958 3981 1123 4040 tradidisset
1142 4014 1161 4028 -
1179 3992 1306 4060 peteret,
1327 3984 1405 4039 ultro
1419 3981 1610 4041 adventuram
1631 4013 1649 4031 -
1669 3982 1781 4040 lenitur
1797 3992 1838 4040 et.

445 4079 516 4142 112.
527 4075 754 4135 condicionibus
771 4105 791 4125 -
810 4081 863 4135 aut
880 4096 951 4155 pop.
964 4076 1053 4137 Rom.
1077 4081 1144 4141 113Ι
1161 4078 1308 4157 promittit
1327 4110 1345 4123 -
1365 4079 1433 4137 loco
1451 4081 1612 4139 constituto
1627 4086 1657 4140 et
1673 4086 1808 4159 tempore
1821 4110 1842 4125 -

444 4176 563 4232 occulta
577 4173 759 4252 patefecisset
777 4204 796 4220 -
815 4171 892 4231 Tum
911 4183 1059 4252 postremo
1079 4174 1249 4235 -accersiri
1268 4206 1287 4221 ·
1306 4175 1505 4235 enuntiatum.
