4050 5009
815 356 834 390 0
1770 373 1778 400 t

1530 501 1538 518 .
1658 440 1681 518 7

283 610 426 675 flurium
458 626 536 673 cum
559 605 761 673 exercitibus
788 600 943 691 oppressi
969 607 1060 667 sunt.
1092 600 1162 667 cfr.
1182 602 1281 667 Oros.
1296 604 1325 667 ὅ.
1343 607 1400 685 233
1418 602 1510 670 Plor.
1525 606 1551 671 l.
1561 607 1587 673 1.
1602 608 1693 677 Plut.
1761 588 1768 599 ⁰

283 716 409 780 Sertor.
437 731 484 779 rr.
511 714 600 779 Turn
621 712 807 797 Manilius,
828 710 1013 797 proconsul
1036 708 1177 794 Galliae,
1208 709 1247 773 in
1262 710 1466 795 Hispaniam
1484 732 1563 775 cum
1584 715 1696 783 tribus

281 820 490 906 legionibus,
511 828 544 885 et
560 818 657 885 mille
671 818 870 906 quingentis
882 816 1057 899 equitibus
1074 823 1313 901 transgressus,
1333 814 1492 899 iniquam
1508 839 1587 883 cum
1609 820 1694 885 Hir·

282 926 439 1011 tulejo⁶)
458 946 609 1013 pugnarn
629 926 819 1010 conseruit,
839 946 860 989 a
885 944 955 1007 quo
974 922 1084 1009 copiis
1104 926 1287 1005 castrisque
1303 924 1453 988 nudatus
1465 923 1510 993 in
1521 925 1691 1015 oppidum

281 1035 430 1100 ilerdam
449 1054 548 1120 paene
564 1034 658 1099 solus
676 1031 815 1120 refugit.
835 1030 904 1099 Cfr.
923 1030 1023 1095 Oros.
1045 1026 1234 1094 s.as.1.iv.
1253 1028 1344 1115 Epit.
1361 1030 1430 1095 XC.
1447 1030 1507 1117 οθ)

282 1386 355 1445 tum
377 1386 436 1446 cst.
456 1382 523 1445 Sed
547 1400 624 1444 cum
642 1378 793 1467 Appiani
815 1376 1051 1443 testimonium
1068 1378 1093 1443 1.
1118 1378 1142 1443 l.
1162 1398 1191 1443 c.
1213 1396 1264 1457 97.
1290 1374 1330 1441 in
1356 1382 1539 1459 utramque
1552 1382 1686 1462 partem

276 1486 412 1552 trahere
438 1486 555 1572 liceat,
576 1487 699 1572 Pighio
724 1496 757 1552 et
782 1486 927 1573 Sigouio
949 1489 1132 1568 assentior,
1152 1484 1215 1567 qui
1233 1481 1385 1548 Servilio
1407 1484 1507 1549 Vatia
1526 1491 1561 1547 et
1574 1484 1689 1571 Appio

280 1592 426 1654 Claudio
441 1592 531 1653 Coss.
552 1594 731 1656 Metellum
748 1594 835 1659 u'rbe
854 1592 1048 1677 proiectum
1064 1610 1136 1655 esse
1151 1590 1323 1671 judicant.
1342 1587 1455 1675 Igitur
1466 1590 1534 1652 hoc
1550 1592 1689 1653 demum

276 1716 371 1785 anno
388 1694 562 1759 Domitius
581 1704 615 1762 et
631 1698 781 1760 'Iborius
797 1700 870 1777 ejus
885 1698 993 1783 legati
1009 1697 1094 1761 victi
1109 1704 1197 1763 sunt.
1219 1698 1292 1782 Qua
1313 1698 1357 1760 de
1376 1714 1414 1760 re
1442 1714 1519 1777 quae
1536 1694 1690 1759 Debros·

281 1802 367 1879 sius,
391 1810 430 1864 ut
446 1802 593 1888 adsolet,
615 1804 806 1867 accuratius
820 1804 992 1889 exposuit,
1013 1802 1075 1867 csr.
1094 1803 1184 1867 Hist.
1201 1800 1302 1885 Reip.
1316 1802 1419 1865 Rom.
1435 1799 1513 1867 vot.
1528 1802 1556 1863 I.
1571 1822 1603 1882 p.
1615 1802 1688 1865 bro.

279 1928 330 1991 sq.
348 1926 468 1971 eorum
489 1908 574 1972 fides
602 1912 693 1991 apud
718 1917 893 1973 auctorem
921 1913 973 1973 sit.
1002 1906 1090 1972 'Hoc
1112 1930 1223 1971 unum
1249 1928 1291 1971 ex
1320 1906 1424 1972 Floro
1458 1904 1687 1991 intelligitur,

282 2015 388 2077 duces
411 2014 509 2095 illos,
537 2022 722 2095 antequam
752 2014 914 2078 Metellus
947 2014 1020 2097 ipse
1048 2036 1123 2077 cum
1145 2014 1294 2079 Sertorio
1316 2032 1516 2099 congressus
1539 2013 1605 2099 sit,
1640 2012 1685 2075 ab

274 2116 347 2193 ejus
372 2116 483 2201 legato
511 2118 685 2197 Hirtulejo
714 2138 817 2183 caesos
841 2118 957 2183 fuisse.
980 2120 1049 2183 Sed
1077 2115 1236 2183 Thorius
1257 2122 1351 2203 apud
1368 2120 1587 2181 Plutarchum
1605 2116 1687 2183 Vita

275 2232 360 2297 Sert.
386 2253 414 2294 c.
434 2250 482 2295 12.
503 2206 660 2309 Θωράνιος
695 2238 834 2308 dicitur;
861 2240 965 2315 paulo
992 2236 1085 2300 intra
1112 2238 1206 2315 apud
1232 2240 1381 2297 eundem
1404 2207 1555 2313 sepino
1575 2210 1688 2289 deut
1808 2233 1812 2238 ’
1909 2316 1916 2325 ,

269 2320 401 2411 Λούσιον
420 2337 667 2421 scriptumest,
688 2339 779 2417 quod
798 2356 940 2413 nomen,
957 2358 1036 2400 cum
1048 2336 1135 2398 haud
1154 2332 1257 2398 dubie
1272 2342 1471 2419 corruptum
1482 2335 1539 2420 sit,
1556 2338 1688 2433 Haver-

277 2458 431 2543 campius
462 2460 506 2519 ad
534 2458 633 2521 Oros.
655 2460 684 2521 5.
710 2462 759 2521 23.
786 2468 878 2521 recte
901 2462 1099 2525 emendasse
1116 2463 1270 2541 videtur3
1290 2483 1372 2526 nam
1390 2431 1517 2521 Aristar
1535 2436 1686 2550 depictor

272 2564 497 2633 scribendum
510 2563 653 2643 judicat.
672 2564 745 2629 Etsi
766 2563 882 2628 Livius
905 2563 989 2649 Epit.
1009 2564 1078 2630 XC.
1097 2565 1171 2645 ejus
1188 2586 1386 2652 praenomen
1406 2568 1562 2651 Marcum
1581 2572 1688 2639 fuisse
1718 2655 1721 2662 ἢ

269 2678 390 2736 auctor
410 2680 471 2737 est.
1151 2668 1155 2679 ’
1406 2684 1409 2688 “

350 2774 387 2859 ⁹)
408 2782 460 2841 Ita
489 2780 558 2845 hoc
587 2799 715 2844 nomen
742 2778 963 2843 scribendum
995 2789 1056 2845 est.
1070 2815 1074 2824 ·
1089 2782 1159 2847 Cir.
1183 2780 1413 2870 fragmentum
1437 2782 1530 2847 Livii
1554 2782 1685 2848 Histor.

271 2882 348 2946 Lib.
365 2884 450 2948 XCI.
472 2906 492 2947 a
510 2886 656 2949 Brunsio
679 2905 720 2949 ex
744 2882 923 2953 Vaticanis
941 2886 1045 2943 Codri.
1066 2887 1207 2949 editum.
1227 2891 1287 2955 Ap.
1308 2890 1382 2947 Liv.
1399 2888 1490 2961 Epit.
1507 2890 1574 2949 XC.
1592 2888 1699 2967 male¹

274 2985 500 3071 Hercutejm
516 3011 708 3057 cupressum
734 2992 794 3039 ost.
813 2978 1004 3051 Hirtulejus
1020 2984 1070 3037 est
1091 2976 1130 3034 in
1150 2974 1304 3057 plurimis
1325 2978 1459 3062 Orosii,
1477 2986 1635 3075 Eutropii
1648 2998 1684 3059 et

273 3086 367 3151 Flori
386 3082 488 3147 libris
511 3090 544 3143 et
566 3079 655 3159 apud
671 3074 872 3137 Ciceronem
889 3096 951 3157 pro
968 3078 1110 3154 Fontejo
1131 3100 1159 3143 1.

352 3188 411 3273 θ’)
433 3189 588 3249 Ceterum
609 3180 798 3245 Sertorium
815 3189 891 3263 post
908 3180 1013 3244 victos
1038 3181 1171 3265 Metelli
1181 3182 1313 3269 legatos
1328 3208 1487 3274 magnam
1503 3196 1681 3283 Hispaniae
1752 3218 1755 3225 ·

273 3303 406 3383 partem
421 3290 648 3378 percurrisse,
654 3287 726 3366 jam
745 3286 827 3352 inde
845 3294 896 3350 est
911 3288 1110 3371 probabile,
1132 3292 1227 3371 quod
1245 3291 1481 3378 hocproelium
1496 3301 1589 3362 haud
1602 3322 1681 3384 pro·

275 3400 331 3465 cul
347 3401 456 3464 Ilerda
472 3398 560 3460 urhe
575 3394 788 3458 commissum
811 3403 870 3459 cst.
890 3396 956 3458 Sed
970 3416 1036 3481 pro
1056 3397 1203 3463 Manilio
1220 3398 1308 3465 salso
1330 3406 1423 3487 apud
1439 3405 1577 3472 Livium
1590 3410 1682 3494 Epit.

268 3508 335 3573 XC.
347 3501 516 3571 Manlius
528 3506 694 3587 scriptum.
716 3504 871 3566 Ceterum
888 3503 914 3562 F
914 3500 1108 3568 reinsheim.
1122 3508 1292 3591 supplem.
1301 3510 1393 3574 Livii
1409 3514 1459 3577 55.
1476 3534 1504 3578 c.
1516 3538 1566 3597 ²9·
1579 3522 1677 3583 etiam

272 3610 413 3675 Manilii
422 3610 574 3695 legatum
593 3612 631 3673 L.
647 3608 825 3679 Valerium
841 3608 1082 3672 Praeconinum
1100 3610 1320 3677 interfectum
1337 3615 1432 3681 dicit.
1449 3619 1510 3684 cfr.
1523 3623 1682 3694 Debr'oss.

277 3716 369 3781 Hist.
386 3712 606 3797 Reip.'Rom.
622 3738 657 3801 p.
677 3718 747 3778 511.
762 3734 817 3797 sq.
839 3718 898 3795 qui
915 3715 1051 3799 quidem
1066 3720 1111 3781 ad
1126 3718 1195 3781 hoc
1208 3719 1370 3804 proelium
1389 3721 1507 3789 locum
1523 3730 1678 3797 Frontini

273 3830 467 3909 stratagcm.
493 3842 519 3883 ι.
540 3822 569 3884 5.
593 3823 622 3887 8.
642 3820 861 3887 referendum
889 3840 959 3885 esse
974 3821 1118 3900 judicat.
1146 3827 1314 3891 Praeterea
1333 3830 1447 3894 eodem
1474 3852 1567 3898 anno
1582 3846 1678 3922 gesta

270 3948 343 3994 esse
373 3926 552 4013 ridentur,
580 3950 655 4009 quae
674 3928 877 3992 Plutarchus
897 3928 1024 3992 Sertor.
1045 3948 1074 3993 c.
1106 3934 1155 3995 13.
1189 3941 1325 3998 enarrat
1335 3986 1344 4019 ι
1369 3935 1433 4000 ubi
1452 3940 1633 4005 Metellum
1654 3946 1675 4002 n

270 4034 422 4099 Sertorio
443 4035 487 4097 ad
505 4042 674 4099 certamen
691 4036 865 4121 singulare
881 4046 1104 4118 provocatum
1114 4046 1148 4101 et
1158 4040 1287 4103 callidis
1304 4040 1377 4120 ejus
1395 4044 1549 4109 consiliis
1562 4045 1675 4129 impe·

173 4152 184 4171 '
270 4138 382 4203 ditum
409 4160 481 4206 esse
506 4141 606 4219 dicit,
631 4142 815 4223 quominus
833 4140 1060 4227 Laccobrigas
1082 4144 1152 4230 (ap.
1174 4147 1398 4211 Plutarchum
1414 4142 1673 4242 Myyosspr'mc)

271 4252 478 4323 celticorum
492 4255 530 4324 in
543 4256 718 4325 Lusitania
734 4258 856 4329 urbem
872 4265 1015 4347 caperet.
1034 4258 1112 4347 Quo
1125 4258 1216 4327 facto
1225 4262 1360 4331 Metelli
1371 4264 1505 4351 legatus
1518 4261 1677 4347 Aquinus
