4050 5009
508 416 582 469 aaa
634 445 639 464 .
810 464 814 471 ,

510 596 578 648 nas
599 570 669 675 qui
689 571 836 649 circum
863 585 974 663 sunt,
1002 567 1233 675 praeminent
1262 565 1507 645 altitudinem
1528 562 1696 639 millium
1716 560 1906 683 'pastuulff
1981 599 1982 670 t

511 694 688 772 (luorum.
704 739 756 757 -
781 702 839 791 54.
855 695 880 751 ’l‘
896 708 937 772 et
950 693 1068 771 Poeni
1084 693 1218 772 ferunt
1236 692 1411 770 adeamus
1424 718 1456 767 a.
1480 718 1517 766 n.
1538 715 1568 765 c.
1589 715 1638 762 m.
1650 733 1700 749 --
1728 677 1784 755 55·
1801 672 1906 769 Qlna
1981 673 1982 690 ¹

512 844 672 924 0000000
689 834 738 897 'et
756 818 890 926 lingua
914 818 1106 925 percitum
1135 836 1174 894 et
1197 818 1409 923 iuquietem
1440 815 1597 892 nomine
1623 801 1820 883 histrionis
1845 794 1907 869 rix
1982 835 1983 923 p

511 943 597 1017 sani
628 942 876 1021 Burbuleium
903 941 1131 1048 adpellabat.
1157 992 1209 1012 -
1243 946 1300 1018 56.
1325 939 1613 1017 5001001100-
1638 940 1695 1032 37.
1724 926 1787 1005 lbi
1807 922 1909 997 Fim-

503 1066 649 1167 briana
664 1066 873 1157 seditione,
893 1067 963 1169 qui
982 1067 1061 1171 regi
1086 1092 1156 1171 per
1180 1066 1421 1169 obsequelam
1454 1060 1634 1139 orationis
1664 1072 1703 1133 et
1732 1068 1910 1129 maxume
1983 1070 1984 1131 l

512 1189 648 1266 odium
662 1190 780 1267 salla
794 1247 804 1281 ,
817 1214 947 1295 graves
961 1190 1119 1293 carique
1133 1204 1251 1266 erant.
1274 1238 1327 1253 -
1352 1193 1408 1265 58.
1433 1187 1626 1263 Moenibus
1645 1178 1837 1257 deturbat.
1861 1218 1911 1235 -

511 1318 569 1411 59.
593 1302 763 1390 Eniuris
786 1340 898 1389 canes
913 1314 1050 1417 spartis
1068 1313 1329 1390 demittebant
1353 1357 1405 1377 -
1428 1320 1486 1407 40.
1510 1309 1571 1386 Ad
1596 1306 1670 1381 ho'e
1692 1298 1912 1380 rumoribus
1984 1306 1985 1357 1

509 1437 665 1515 advorsa
683 1439 726 1514 iu
744 1438 992 1543 pravitatem,
1015 1435 1181 1513 secunda
1201 1436 1244 1512 in
1265 1460 1409 1524 000002,
1429 1434 1627 1510 fortunam
1652 1429 1695 1505 in
1723 1423 1913 1503 temerita-

510 1576 589 1637 tem
607 1562 860 1653 declinando,
877 1561 1183 1666 corrumpebant
1198 1608 1244 1624 -
1271 1567 1330 1657 [μ.
1356 1562 1407 1634 At
1425 1557 1600 1633 Metellus
1626 1554 1668 1631 iu
1687 1548 1911 1628 ulteriorem
1985 1545 1986 1569 ²

507 1685 736 1790 Hispaniam
748 1702 834 1791 post
850 1713 1002 1761 aunum
1013 1709 1211 1790 regressus,
1228 1710 1364 1788 magua
1376 1681 1496 1789 gloria
1509 1676 1827 1758 concurrentium
1838 1699 1913 1747 uu·
1986 1781 1987 1795 ἵ

510 1807 629 1911 dique
642 1810 752 1885 virile
759 1826 800 1885 et
814 1810 1003 1886 muliebre
1017 1834 1142 1900 secus,
1159 1808 1318 1913 pervias
1332 1834 1377 1884 ao
1392 1822 1489 1884 tecta
1507 1806 1683 1882 omnium
1697 1800 1914 1885 visebatur,

509 1953 633 2037 qttum
667 1950 834 2038 quaestor
869 1936 907 2009 C
933 1934 1104 2046 Urbinus¹
1125 1933 1288 2039 aliique,
1312 1932 1465 2040 cognita
1497 1931 1714 2019 voluntate,
1739 1951 1832 2002 eum
1865 1918 1913 1997 ad
1987 2028 1988 2033 Ἰ

508 2081 660 2133 ooenam
684 2056 957 2152 invitaverant3
980 2056 1084 2133 ultra
1110 2058 1372 2134 Romanorum
1399 2072 1437 2133 et
1456 2054 1678 2132 mortalium
1699 2051 1819 2129 etiam
1835 2074 1914 2123 mo-

507 2180 809 2270 remcurabant,
832 2180 1023 2256 exornatis
1041 2182 1187 2259 oedibtu
1204 2210 1273 2287 per
1297 2182 1417 2258 aulaea
1441 2196 1480 2257 et
1509 2178 1693 2285 insignia,
1716 2174 1913 2278 scenisque

507 2303 560 2381 ad
574 2304 868 2382 ostentationem
882 2301 1116 2381 histrionum
1134 2304 1346 2401 fabricatis,
1362 2305 1477 2381 simul
1489 2330 1600 2381 00000
1616 2326 1743 2406 sparsa
1759 2299 1912 2384 humus,

506 2442 546 2505 et
572 2427 649 2525 00.
688 2427 733 2505 sn
755 2408 915 2507 mosam
943 2428 1076 2534 tempu
1098 2430 1355 2507 celeuma.
1404 2432 1586 2506 rreum
1616 2452 1739 2532 quum
1764 2421 1910 2502 ..0...0

506 2568 712 2628 tranoenna
736 2552 941 2629 demissum
954 2553 1136 2630 Victoria
1152 2554 1402 2631 simulacrum
1422 2580 1512 2631 cum
1528 2549 1749 2629 machinato
1777 2548 1911 2653 strepi-

511 2691 557 2753 tu
591 2676 807 2751 tonitruum
847 2702 1029 2752 coronam
1058 2677 1176 2781 capiti
1208 2678 1451 2783 imponebat,
1486 2694 1571 2755 tum
1599 2675 1770 2753 venienti
1799 2672 1915 2749 thure

507 2799 617 2903 quasi
634 2800 717 2875 Deo
733 2798 1034 2905 supplicabatur.
1083 2802 1185 2907 Toga
1204 2801 1308 2905 picta
1327 2803 1556 2907 plerumque
1579 2800 1746 2877 amiculo
1773 2814 1859 2875 erat
1878 2796 1911 2873 ei

507 2921 782 3001 adoumbenti:
805 2912 930 3028 epulae
949 2924 1247 3027 quaesitissumae,
1284 2950 1411 3029 neque
1426 2950 1496 3029 per
1515 2953 1670 3002 omnem
1690 2922 1808 3001 modo
1827 2948 1911 3028 pro

378 3038 381 3045 ’
503 3046 691 3138 vinciam,
714 3047 779 3123 sed
800 3063 904 3123 trans
924 3049 1045 3124 maria
1070 3076 1117 3125 ex
1132 3047 1365 3125 Mauritania
1382 3050 1582 3126 volucrum
1601 3066 1639 3127 et
1661 3049 1832 3128 ferarum
1855 3050 1911 3125 in·

505 3173 658 3278 cognita
683 3188 796 3248 antea
828 3172 941 3276 plura
968 3199 1105 3279 genera
1135 3205 1144 3247 ε
1182 3170 1323 3277 quibus
1351 3173 1463 3248 rebus
1497 3172 1740 3279 aliquantam
1766 3190 1912 3279 partem

503 3376 538 3451 5,
557 3397 603 3458 ¹9·
624 3408 667 3426 -
686 3376 736 3438 55.
750 3377 794 3439 Pr.
811 3377 850 3451 6,
869 3396 922 3451 ιι,
937 3377 1006 3438 256.
1026 3375 1235 3457 Barbulegiwn
1249 3378 1417 3457 adpellobut
1434 3380 1542 3459 optimi
1556 3376 1635 3440 libri.
1655 3411 1697 3428 -
1725 3379 1774 3443 56.
1796 3380 1841 3441 Pr.
1857 3380 1913 3453 15,
1963 3426 1965 3433 .

500 3480 539 3557 4,
553 3482 623 3547 625.
643 3514 685 3531 -
707 3484 756 3562 57.
776 3479 910 3554 Nomi,
929 3482 995 3542 151.
1016 3514 1058 3531 -
1079 3484 1127 3545 58.
1148 3482 1190 3543 id.
1203 3501 1238 3557 2,
1262 3485 1331 3548 255.
1353 3516 1396 3532 -
1424 3484 1474 3566 39.
1493 3504 1549 3566 pro
1567 3502 1655 3546 00000
1675 3482 1752 3547 oivoe
1769 3504 1905 3548 0000000·

498 3594 581 3645 ruat·
597 3617 640 3633 -
659 3585 709 3657 40.
718 3584 797 3646 Non.
811 3584 847 3659 4,
866 3584 936 3656 405.
948 3618 991 3635 -
1010 3585 1061 3658 4ι.
1081 3586 1361 3665 Macrobsatnai,
1382 3588 1429 3650 25.
1449 3608 1506 3671 pro
1522 3590 1764 3657 concurrentibus
1776 3592 1903 3673 undique

497 3686 679 3749 muliebria
698 3688 784 3750 virili
804 3708 876 3751 reru
897 3691 979 3772 quod
1004 3701 1046 3751 est
1063 3691 1146 3773 apud
1161 3692 1344 3756 Macrobium
1360 3692 1438 3755 Non.
1451 3694 1486 3769 5,
1506 3694 1572 3776 193.
1596 3692 1708 3758 babet:
1728 3717 1907 3759 conamen·

496 3794 573 3855 tium
584 3792 715 3874 undique
730 3794 869 3857 muliebre
882 3804 910 3857 et
926 3795 1013 3862 virile
1032 3816 1134 3869 serus,
1157 3798 1208 3859 ssd
1220 3818 1299 3861 seoru
1311 3798 1400 3861 babet
1413 3798 1527 3860 Charis.
1540 3822 1572 3881 p.
1584 3800 1634 3862 61.
1654 3802 1736 3885 quod
1753 3805 1841 3865 unios
1855 3822 1904 3868 re-

496 3919 575 3960 rum.
590 3907 753 3960 hamerina
767 3897 926 3981 -imp.sp.
943 3900 1023 3967 serv.
1039 3903 1074 3977 5,
1086 3903 1161 3975 488,
1183 3904 1236 3964 cfr.
1253 3906 1339 3964 etiam
1354 3902 1433 3970 Non.
1448 3924 1482 3979 2,
1496 3906 1574 3986 859;
1595 3907 1635 3981 4,
1658 3908 1725 3972 255.
1746 3928 1803 3990 pro
1822 3904 1906 3990 copiti

495 4004 578 4086 apud
591 4000 777 4063 Macrobium
797 4004 854 4064 tuit
869 4003 906 4064 ei.
926 4036 967 4053 -
997 4005 1049 4075 42.
1069 4016 1214 4088 uruntque
1230 4008 1397 4073 emendavit
1414 4009 1545 4073 Coletut.
1569 4012 1659 4074 resina
1685 4022 1728 4074 est
1755 4016 1850 4076 lectio.
1870 4044 1905 4063 -

493 4108 544 4181 45.
564 4107 824 4187 Non-.Maro.13,
849 4130 948 4171 ro.-
1309 4170 1312 4176 .

495 4213 545 4286 44.
564 4211 644 4275 Nou.
662 4210 699 4287 4,
711 4210 781 4285 452.
800 4215 965 4295 iterumque
980 4215 1035 4290 rs,
1047 4216 1077 4282 8.
1096 4214 1149 4277 ubi
1164 4216 1237 4278 ialso
1257 4216 1431 4281 aridaisimis
1454 4220 1561 4303 legitur
1585 4230 1615 4281 et
1635 4219 1697 4283 hee
1715 4242 1750 4283 ex
1771 4224 1851 4284 tutio
1870 4223 1904 4283 li·

493 4318 550 4380 bro
656 4326 753 4381 autur.
777 4350 821 4370 -·
838 4317 888 4391 45.
907 4316 985 4381 uon.
1006 4318 1047 4381 ad
1070 4318 1162 4383 Andr.
1179 4342 1223 4400 2,
1249 4343 1346 4401 s‚1o.
1366 4325 1429 4389 sine
1448 4322 1518 4387 libri
1539 4344 1674 4389 numero.
1694 4358 1738 4378 -
1764 4328 1814 4403 46.
1833 4327 1901 4391 Noa.
