4050 5009
387 458 432 513 12

482 622 708 689 Undenovns
724 626 835 689 metus
849 618 1003 703 exortus]
1024 619 1218 689 rebellum
1238 640 1260 687 a
1278 622 1430 691 Sertorio
1450 626 1577 693 iterum
1597 612 1636 694 in
1656 628 1795 696 Italiam

385 730 638 796 transferretur.
658 731 743 815 App.
754 734 789 794 B.
804 730 875 795 Cir.
886 732 914 795 Ι.
931 732 999 795 108.
1021 732 1099 817 Quo
1113 729 1241 797 facturn
1255 736 1321 817 est,
1339 738 1377 796 ut
1392 735 1456 798 Cn:
1465 736 1664 821 pompejus,
1684 758 1803 819 quum,

387 840 503 902 adhue
525 857 629 919 eques
650 848 751 924 esset,
781 858 860 901 cum
879 836 1029 921 imperio
1055 836 1228 901 consulari
1252 837 1411 904 adversus
1432 840 1621 905 Sertorium
1642 841 1797 909 mittere·

387 953 455 1008 tur.
474 944 548 1007 Liv.
566 943 645 1027 Epit
658 946 741 1008 XCI.
763 945 833 1007 Cic.
849 962 913 1027 pro
936 947 1027 1029 lege
1045 943 1197 1007 Manilia.
1213 962 1242 1007 e.
1262 966 1310 1008 ro.
1331 968 1379 1009 rr.
1400 949 1451 1031 Is,
1473 967 1564 1011 novo
1586 948 1712 1013 itinere
1730 968 1796 1034 per

389 1050 493 1133 Alpes
515 1049 684 1133 patefacto
711 1058 745 1117 et
767 1050 910 1115 Gallicis
924 1048 1063 1135 populis
1080 1048 1195 1130 victis,
1217 1049 1369 1120 hiemem
1389 1052 1429 1119 in
1448 1054 1564 1119 Gallia
1580 1054 1796 1123 Narbonensi

391 1154 568 1241 transegit.
576 1153 613 1237 ⁶)
642 1222 644 1227 ,

392 1524 469 1567 oum
489 1504 651 1570 Norbano
681 1504 809 1567 Consul
836 1502 912 1569 tuit.
933 1504 1144 1584 conjecturis
1161 1505 1279 1570 locum
1301 1510 1433 1571 tentare
1452 1511 1490 1569 ut
1510 1504 1628 1581 sarilo,
1647 1503 1697 1567 ita
1721 1500 1798 1569 sine

390 1609 466 1671 ulla
494 1609 652 1674 codicum
681 1610 883 1703 auctoritate
910 1612 1129 1675 temerarium
1157 1620 1216 1677 est.
1251 1613 1318 1676 Sed
1341 1612 1428 1675 Alba
1445 1632 1523 1675 cum
1542 1618 1662 1695 postea
1686 1611 1799 1674 Pom·

387 1712 476 1808 peja
498 1716 669 1800 appellata
693 1716 737 1778 sit
760 1724 793 1779 et
816 1716 938 1781 incolae
961 1717 1137 1783 Albenses
1156 1714 1391 1811 Pompejani,
1417 1738 1437 1779 a
1457 1716 1620 1800 Pompejo
1648 1722 1745 1799 capta
1764 1720 1800 1799 et
1925 1718 1928 1721 ’

392 1830 510 1905 postea
530 1821 668 1883 colonia
687 1840 727 1885 eo
749 1825 895 1886 deducta
914 1842 985 1886 esse
1000 1822 1156 1901 videtur,
1178 1823 1227 1886 ita
1243 1833 1281 1887 ut
1301 1823 1497 1907 inseripti0‚
1517 1841 1619 1903 quam
1636 1823 1798 1884 Mannert

396 1928 503 2011 Geog.
523 1927 629 1991 Italiae
645 1950 678 2013 p.
698 1931 765 2008 295.
785 1928 906 1991 falsam
927 1948 997 1992 esse
1010 1929 1198 2021 jpdiearit‚
1212 1950 1283 1993 non
1296 1927 1371 1994 sine
1388 1932 1535 2011 quadarn
1545 1926 1800 2013 probabilitatis
1845 1968 1850 1973 -

268 2046 270 2051 '
394 2032 508 2117 specie
523 2032 661 2097 inventa
681 2034 741 2111 sit3
763 2036 806 2096 de
820 2034 906 2099 urhe
928 2033 987 2098 cfr.
1004 2033 1094 2097 Plin.
1112 2036 1157 2098 H.
1170 2038 1211 2097 N.
1226 2036 1330 2109 xvn.
1347 2050 1377 2111 4.
1397 2036 1566 2117 Ceterum,
1584 2042 1623 2096 ut
1638 2035 1707 2096 hoo
1724 2030 1801 2119 obi·
1895 2064 1900 2071 .

394 2146 449 2201 ter
464 2160 643 2225 moneam,
663 2142 757 2222 quod
780 2138 923 2203 Orosius
939 2140 964 2204 l.
982 2141 1005 2203 l.
1018 2141 1124 2225 paulo
1143 2138 1236 2205 infra
1255 2150 1515 2205 commemorat:
1535 2144 1680 2216 ..Brutus
1691 2138 1730 2202 in
1744 2136 1803 2200 Ci-

395 2244 564 2328 salpinam
586 2245 736 2309 Galliam
767 2243 918 2332 fugiens,
937 2256 1163 2331 persequente
1177 2247 1342 2332 Pompejo
1365 2251 1458 2332 apud
1485 2244 1664 2335 Rhegium
1690 2244 1801 2310 'inter-

338 2334 346 2357 ‘
396 2348 505 2413 sectus
523 2361 573 2416 est
580 2362 611 2437 ,“
633 2372 673 2414 eo
690 2352 767 2415 loco
786 2352 880 2416 haud
900 2354 1005 2415 dubie
1016 2354 1170 2438 Regium
1190 2355 1443 2415 emendandum
1455 2360 1524 2427 est,
1545 2350 1614 2413 nisi
1630 2350 1719 2414 sorte
1734 2358 1803 2413 sta·

396 2456 484 2533 ruis,
509 2459 551 2521 ab
574 2458 649 2543 ipso
672 2459 797 2522 Orosio
819 2452 998 2543 Rhegium
1023 2476 1101 2518 cum
1126 2456 1215 2533 Foro
1242 2456 1366 2541 Lepidi
1385 2455 1506 2540 (hodie
1526 2454 1677 2541 Reggio)
1698 2455 1803 2521 fuisse
1833 2520 1838 2529 ,

397 2588 577 2645 mutatum.
603 2580 691 2642 Plut.
723 2582 763 2643 V.
789 2580 909 2661 Pomp.
941 2599 968 2642 c.
997 2582 1044 2641 16.
1065 2554 1233 2661 πολίχνιον
1248 2599 1279 2642 rt
1297 2569 1358 2642 τοῖν
1376 2566 1449 2666 περὶ
1468 2555 1633 2645 viendis
1654 2563 1805 2644 comme·

400 2694 527 2763 morat,
555 2686 615 2749 ubi
637 2690 778 2749 Brutum
799 2708 819 2748 a
847 2686 1009 2751 Geminio
1032 2686 1251 2752 interfectum
1275 2693 1401 2748 narrat.
1416 2721 1458 2737 -
1475 2683 1677 2749 Adscrihere
1699 2685 1805 2764 libet,

401 2812 477 2875 quae
493 2796 536 2856 de
558 2800 627 2855 tota
645 2793 769 2877 Lepidi
787 2794 957 2859 seditione
979 2798 1071 2879 apud
1090 2797 1256 2858 Zonaram
1272 2793 1444 2877 leguntur.
1466 2788 1526 2854 cfr.
1537 2789 1651 2854 Annal
1657 2789 1742 2857 Nol.
1761 2790 1804 2851 II.
1923 2867 1928 2876 .

400 2920 435 2985 p.
461 2899 750 2966 120.Edit.ssasi1.

329 3014 331 3019 ’
507 2998 757 3110 Λέπιδοςμὲντοι
768 3012 895 3114 σπουδῇ
876 3006 1078 3121 νΠομπηνου
1098 3001 1376 3108 ὁποτεᾶιςτυχων
1395 3042 1442 3098 εις
1452 3044 1505 3102 την
1520 2998 1645 3087 Συλλοο
1659 2995 1806 3106 33topstt,

402 3129 516 3203 ἐκείνου
534 3119 797 3220 τελευτησαντος,
825 3130 940 3213 ἑαυτου
959 3141 1119 3219 durmin,
1147 3129 1354 3261 κρνῖεόθὸς’
1338 3156 1371 3197 εν
1390 3130 1506 3206 imis
1523 3121 1575 3209 ἦν,
1603 3119 1723 3195 drot
1742 3149 1808 3199 ςα-

402 3278 482 3327 reus
500 3251 779 3358 trotupperu’
755 3260 922 3331 οινονκινῶν·
938 3252 998 3321 καὶ
1018 3230 1211 3337 inoperetur
1230 3231 1362 3333 ’t‘flfflt
1381 3231 1809 3337 itattvmtvcdfflffi

400 3404 494 3450 κοντα
485 3365 667 3451 Λεπίδου,
695 3362 749 3455 ἤδη
777 3358 900 3451 πολλοὶ
927 3366 982 3447 τῆς
1008 3359 1156 3439 Ἰταλίας
1182 3341 1377 3441 κεκννοκᾶτσς
1404 3384 1463 3429 ms
1482 3347 1535 3446 τνῗν
1556 3350 1641 3443 ἐντδς
1653 3345 1807 3438 *samu

313 3583 319 3591 .
402 3496 573 3569 Γαλατίαν
597 3482 653 3565 ὃνοὲ
680 3474 807 3583 Βρουτου
837 3470 1044 3571 κοτεχοντος·
1069 3478 1131 3553 τῶν
1156 3465 1219 3578 μὲν
1248 3464 1297 3557 οὐν
1325 3462 1442 3554 ἄλλων
1460 3475 1608 3586 pe3iuse’
1592 3510 1767 3580 εκροινηοον
1789 3516 1805 3560 ο

403 3603 587 3711 neptunius,
616 3592 877 3707 οἱντνιονθημενος
914 3589 1026 3675 δε
978 3630 1024 3704 τῳ
1051 3587 1170 3705 Βρουτῳ
1199 3586 1366 3700 s'xpo'ttost.
1397 3593 1467 3676 sira
1494 3592 1607 3678 {surii
1636 3636 1651 3679 ο
1681 3606 1807 3704 Βρουτος

404 3732 496 3830 αὐτῷ
524 3733 639 3823 ἐνεχοίρ
642 3756 726 3813 νοεν,
764 3760 781 3815 η
773 3707 1186 3872 ρετοιβοῆνομενοςᾘ
1166 3757 1185 3813 η
1213 3718 1392 3823 προδοθείς·
1418 3722 1478 3798 m>
1507 3724 1524 3799 ὅ
1551 3715 1613 3828 μὲν
1640 3714 1807 3827 uland-921,

405 3842 501 3945 οὗπερ
530 3840 592 3930 υἱον
611 3877 644 3935 ην
663 3878 677 3921 ο
698 3836 750 3923 τδν
768 3850 921 3948 κοινόοιρο
949 3831 1053 3948 ὕςνρον
1081 3844 1190 3941 tiozo
1191 3834 1359 3948 ριοοῖροενος
1386 3820 1516 3945 Βρουτος.
1543 3834 1681 3931 Λέπιδος
1699 3838 1793 3924 3⁶
1753 3880 1808 3938 της

405 3971 544 4051 lustriae
562 3958 785 4054 ἐκπεπτωκως
807 3965 888 4074 νόσῳ
909 3958 1092 4047 ἀπέθανεν.

489 4092 528 4176 )
551 4094 618 4158 Cic.
611 4116 696 4181 ‚pro
718 4097 860 4176 Fontejo
886 4118 913 4160 c.
935 4101 964 4161 3.
984 4097 1180 4171 ..Exercitus
1202 4102 1363 4179 preterea
1381 4094 1440 4158 Cn.
1461 4092 1618 4177 Pompeji
1641 4093 1808 4160 maximus

408 4180 510 4283 atque
528 4202 763 4266 ornatissimus
782 4202 972 4265 hiemavit
962 4224 1000 4265 rn
1016 4200 1149 4286 Gallia,
1169 4202 1216 4265 M.
1236 4200 1379 4280 Fontejo
1394 4200 1596 4284 imperante.
1607 4208 1624 4242 ὓ
1643 4201 1745 4284 Quod
1762 4202 1808 4262 ad

409 4307 513 4373 aliam
526 4309 715 4374 hiemem
683 4332 739 4373 vix
748 4309 873 4391 aliquis
882 4308 1019 4386 referat,
1035 4328 1114 4375 eum
1124 4307 1271 4377 maxime
1281 4306 1421 4374 Gallicae
1431 4313 1558 4391 gentes,
1570 4325 1612 4372 eo
1624 4312 1808 4392 temporea

1579 4635 1592 4694 t
