4050 5009
378 383 454 483 576

375 592 457 644 rator
474 623 494 638 .
522 598 628 662 parum
654 577 756 642 valido
783 578 885 636 animo
911 593 932 630 ·.
965 574 1117 655 ingentem
1136 575 1235 637 sirum
1261 595 1322 638 esse
1344 615 1365 638 ..
1395 597 1450 662 per
1468 582 1562 664 legem
1585 579 1747 642 mamiliam
1766 585 1795 640 .’
1874 593 1881 608 ·

376 689 428 750 66.
448 686 531 770 pacis
552 705 603 767 spe
623 686 759 744 amiserat
771 721 791 738 .
808 682 933 742 alienati
952 682 1106 743 voluntate
1120 723 1139 738 .
1157 681 1316 742 inermos.
1337 695 1367 744 et
1387 689 1547 752 consilium
1568 689 1617 769 67.
1628 687 1784 768 trepidares

367 814 474 855 arcem
493 838 513 851 .
532 796 634 854 clause
654 784 905 867 prohibebant..
935 787 985 848 68.
1005 787 1115 848 animis
1136 805 1241 852 eorum
1261 786 1389 871 benigne
1409 791 1534 854 adrectis
1552 836 1571 850 .
1597 793 1712 872 equites
1733 811 1789 852 eo.

376 919 444 975 rum
465 902 499 959 in
517 899 616 976 primo
637 896 728 954 latere
746 937 765 952 .
794 895 847 972 69.
866 893 921 956 ubi
942 895 1076 953 animum
1098 892 1245 956 advertere
1265 937 1284 953 .
1302 916 1419 956 vorsum
1440 941 1462 956 .
1478 919 1512 960 ex
1533 899 1666 960 conlatio
1686 908 1749 959 erat
1769 939 1789 954 ..

377 1024 427 1084 7⁰·
448 1005 587 1083 fatigare,
607 999 737 1081 denique
751 1045 769 1058 .
789 1019 923 1060 seorsum
943 999 982 1058 ab
1002 1019 1069 1080 rege
1089 1041 1108 1058 .
1128 1019 1162 1059 er
1182 1000 1336 1081 utriusque
1352 1004 1490 1066 consiliis
1509 1045 1529 1060 .
1547 1001 1681 1067 hostibus
1701 1003 1791 1062 inul-

377 1110 414 1168 tis
435 1149 452 1164 .
471 1109 570 1167 literas
590 1105 630 1168 ad
650 1127 718 1168 eum
739 1149 758 1164 ..
785 1107 949 1166 molliciam
971 1149 994 1178 .,
1019 1125 1068 1186 7¹·
1089 1107 1179 1166 literae
1199 1148 1218 1162 .
1237 1109 1336 1188 pergit
1355 1106 1394 1166 sd
1413 1127 1511 1190 regem
1531 1152 1550 1166 .
1569 1113 1658 1188 paulo
1681 1117 1751 1190 post
1770 1149 1792 1166 ..

377 1213 509 1293 repperit
527 1254 546 1272 ..
567 1213 618 1291 73.
637 1211 788 1274 offensum
808 1210 868 1272 sihi
887 1255 907 1270 .
931 1211 1027 1271 misere
1051 1219 1134 1271 erant
1154 1223 1361 1294 cognoscentes
1381 1255 1400 1269 .
1418 1220 1512 1291 majus
1531 1212 1628 1272 studia
1646 1211 1789 1293 .'capitis

379 1337 520 1380 arcessere
548 1358 567 1378 .
597 1320 855 1400 frequentarentur
874 1319 1003 1378 marium
1025 1359 1044 1375 .
1076 1318 1173 1396 jussit.
1194 1327 1312 1378 senatos
1333 1322 1425 1399 paulo
1453 1309 1685 1380 decrevente
1705 1335 1749 1376 res
1770 1361 1789 1374 .

380 1423 432 1504 γά.
452 1426 565 1484 amissis
586 1426 673 1484 sociis
698 1469 717 1484 .
745 1427 810 1484 sine
829 1424 1025 1485 amministris
1044 1425 1107 1507 geri
1128 1435 1243 1506 posset,
1263 1444 1410 1484 novorum
1438 1467 1456 1482 .
1486 1444 1581 1486 vanas
1602 1425 1788 1503 incertusque

380 1529 522 1612 agitabat.
542 1573 561 1588 .
589 1528 747 1590 homiuum
769 1531 908 1590 omnium
927 1573 947 1588 .
971 1550 1054 1610 spem
1076 1530 1255 1592 inarmis.
1280 1531 1381 1592 virtuti
1403 1529 1596 1611 popularium
1621 1547 1659 1586 an
1680 1525 1789 1614 fidei3

380 1637 576 1718 instructique
596 1657 651 1717 pro
673 1647 806 1718 tempore
824 1669 843 1684 ·
871 1648 902 1698 et
920 1639 1076 1717 aliquanto
1099 1656 1226 1697 numero
1245 1679 1263 1694 ..
1283 1635 1416 1697 numidis
1436 1637 1468 1694 in
1488 1677 1507 1691 .
1527 1645 1591 1697 tuta
1610 1643 1681 1694 sunt
1699 1675 1717 1689 .
1738 1633 1791 1696 af.

380 1752 410 1802 et
432 1759 523 1824 quam
548 1753 628 1804 rasta
649 1719 711 1802 esse
729 1785 748 1802 .
777 1765 813 1803 ac
838 1754 977 1804 naturam
997 1746 1089 1806 etiam
1110 1785 1129 1799 .
1155 1741 1287 1822 peccoris
1307 1760 1401 1817 eoque
1421 1779 1440 1797 .
1467 1740 1595 1812 fuerint,
1621 1737 1794 1817 praedicit.

379 1867 486 1924 squam
508 1847 692 1924 oppidoesse
706 1889 724 1903 .
745 1848 827 1924 qarod
847 1847 1011 1904 numidis·
1031 1848 1102 1906 satis
1123 1847 1199 1902 foret
1218 1861 1363 1922 superque
1377 1874 1393 1887 -
1413 1843 1550 1923 religiosa
1569 1844 1671 1922 pluria
1684 1874 1699 1888 -
1720 1863 1789 1901 nam

364 1949 437 2009 'rati
456 1947 513 2007 diis
527 1978 543 1988 ·
564 1949 615 2025 76.
634 1967 695 2004 uns
713 1947 763 2006 die
782 1979 801 1995 ·
819 1949 1028 2026 prodicionem
1041 1979 1059 1990 -
1080 1965 1134 2022 per
1154 1947 1255 2002 ocium
1275 1978 1293 1992 ·
1313 1966 1404 2023 penas
1424 1957 1591 2007 metuerent
1605 1977 1624 1994 -
1646 1966 1697 2026 77.
1720 1947 1793 2006 nob.

379 2052 494 2115 hom.·
511 2051 584 2112 belli
601 2047 775 2130 jugurthae·
800 2051 849 2128 78.
869 2045 984 2106 sidonis
1004 2046 1179 2109 condictum
1200 2082 1218 2096 ·
1237 2051 1297 2108 nlla
1314 2050 1373 2108 alia
1394 2051 1426 2108 in
1448 2059 1540 2132 temp.
1560 2082 1580 2098 ·
1598 2051 1791 2111 numidarum

326 2195 330 2200 ·
378 2164 480 2242 legum
501 2161 658 2238 cultusque
678 2167 709 2217 et
727 2158 895 2238 pleraque·
915 2175 966 2235 79.
986 2153 1243 2235 Knrhginensiurn
1263 2157 1383 2216 -locus
1405 2175 1460 2214 nos
1479 2158 1688 2240 ammonuit.-
1706 2154 1794 2216 hare*
1834 2215 1838 2222 ,

381 2286 470 2326 nosos
480 2286 541 2326 una
552 2265 673 2344 specie·
683 2261 845 2322 harenosus
853 2272 910 2322 -et
922 2261 1008 2320 alteri
1019 2263 1126 2322 alteros
1135 2267 1309 2324 attriverant
1318 2262 1418 2320 -alius
1428 2260 1634 2344 adgrederetur
1643 2261 1792 2322 defessos-

380 2371 548 2451 Kartagine
563 2402 582 2416 -
598 2367 728 2448 philenis
752 2377 837 2428 mant
853 2368 929 2428 -ita
945 2367 1093 2428 accideret
1106 2399 1119 2414 ·
1141 2365 1281 2430 cohortos
1302 2363 1443 2426 harenam
1459 2397 1474 2410 -
1497 2367 1637 2428 excitabit
1647 2400 1663 2411 -
1683 2366 1793 2426 condi·-

380 2477 526 2536 donem:
547 2474 597 2534 80.
618 2495 689 2555 gens
701 2472 891 2532 bominum·
903 2474 1083 2534 consuefecit
1092 2505 1106 2518 -
1119 2474 1233 2555 magnis
1243 2475 1388 2554 ingressus
1400 2473 1572 2534 muneribus
1580 2505 1598 2522 -
1608 2473 1646 2534 ad
1658 2466 1804 2534 srufflum'

381 2599 468 2637 suum
481 2594 605 2656 ·regem
616 2580 773 2654 impellit·
787 2580 909 2656 incepto
930 2576 1003 2636 belli
1021 2609 1038 2622 -
1059 2576 1157 2638 bocho
1178 2587 1318 2656 nupserat
1331 2609 1348 2622 -
1369 2578 1451 2658 quod
1471 2580 1583 2659 singuli
1596 2611 1613 2626 -
1632 2576 1761 2638 habeant
1773 2610 1793 2626 -

382 2677 555 2738 distrahitur
574 2679 693 2734 animus
706 2708 721 2720 ·
742 2681 847 2735 omnia
865 2681 1011 2738 vilescunt
1033 2705 1053 2722 -
1075 2679 1203 2736 libidine
1223 2681 1452 2758 imperitandi·
1473 2681 1595 2756 advorsa
1615 2683 1678 2745 sint
1697 2717 1714 2734 .
1738 2684 1792 2746 ubi

381 2782 510 2864 quisque
524 2807 541 2825 -
558 2779 643 2860 quod
651 2778 760 2860 ibique
776 2791 846 2841 met,
859 2809 879 2828 ·
893 2799 931 2841 ne
945 2781 1021 2850 nior,
1027 2779 1169 2860 agitando
1181 2814 1198 2826 -
1213 2779 1272 2854 da„
1284 2803 1302 2842 n
1315 2781 1410 2844 cirtba
1422 2817 1441 2831 -
1456 2805 1553 2868 regem
1569 2791 1730 2868 operitur.
1740 2811 1793 2873 per

380 2891 509 2952 literas-
522 2889 618 2950 mario
629 2887 815 2970 provinciam
827 2920 844 2936 ·
862 2897 916 2948 aut
930 2883 1092 2957 honesturn
1106 2919 1122 2932 ·
1137 2885 1171 2946 in
1185 2889 1251 2948 aliis
1262 2886 1348 2950 bouis
1362 2891 1452 2966 artib⁴
1464 2892 1619 2966 vertebant
1632 2929 1648 2942 -
1662 2898 1792 2968 laturum

381 2997 438 3058 si·
456 2997 597 3056 acerrime
608 2995 742 3056 desinere
753 3025 773 3042 ·
786 2996 878 3056 etiarn
890 2994 983 3062 crisis
1004 2994 1143 3075 ignaroq—
1160 3013 1236 3077 supe
1254 3015 1361 3077 pacem
1381 3017 1488 3078 cupere
1499 3029 1519 3046 -
1537 2999 1663 3081 probare
1683 3004 1793 3084 partim

383 3102 543 3162 abnuere·
563 3101 614 3172 dl·
635 3099 754 3163 numid.
774 3100 961 3182 provinciam
981 3112 1001 3147 ·‘·
1020 3119 1127 3183 negare
1147 3100 1276 3164 audebat
1295 3135 1316 3153 -
1334 3102 1418 3184 plebi
1436 3137 1455 3152 -
1474 3104 1601 3166 scribere
1621 3111 1711 3170 relat.
1818 3181 1834 3194 ,

373 3233 417 3273 „·
463 3207 534 3289 Jug.
566 3228 592 3267 c.
621 3209 677 3275 85„
711 3207 816 3268 isdem
836 3241 853 3252 -
874 3207 1034 3291 suppllciis
1055 3241 1073 3254 -
1098 3210 1194 3287 pluris
1220 3219 1265 3269 est
1289 3239 1309 3258 -
1337 3217 1492 3287 majorum,
1514 3213 1621 3295 fortia,
1649 3226 1795 3298 cognato-

384 3333 451 3374 rum
465 3343 491 3360 ··
518 3313 666 3396 praesidio·
679 3323 782 3374 assunt
810 3346 828 3358 ·
859 3331 894 3372 ex
923 3311 1039 3373 rirtute'
1059 3321 1090 3381 et
1116 3313 1196 3377 inoct
1219 3344 1240 3362 -
1275 3314 1491 3384 mesbenifacta
1515 3350 1535 3367 ·
1570 3292 1605 3380 ef
1624 3321 1684 3380 illis
1709 3323 1793 3384 frur-

385 3429 431 3480 tra
459 3418 520 3478 siut
538 3449 556 3464 ·
587 3439 606 3476 a
627 3414 811 3497 puricisfui
831 3447 848 3462 ι·
880 3435 916 3474 ac
937 3425 1080 3477 mostaeta
1100 3417 1233 3495 pericula
1254 3416 1379 3478 habeam
1400 3454 1416 3466 -
1452 3431 1539 3484 anim
1558 3445 1608 3488 vra
1628 3458 1646 3474 .
1675 3437 1793 3490 guum

384 3526 517 3605 optumis
535 3523 647 3584 artibus
664 3523 712 3605 egi
730 3553 750 3571 -
769 3531 904 3602 reputate
923 3520 1031 3589 animis
1051 3539 1068 3592 j-
1087 3533 1184 3584 sumet
1203 3524 1335 3606 aliquem
1355 3557 1375 3573 -
1394 3542 1547 3609 coeperunt
1565 3566 1589 3616 -Ι
1601 3553 1713 3596 norum
1734 3532 1794 3598 ho·
1860 3527 1866 3538 ’

385 3631 497 3690 minem
511 3663 528 3678 ·
547 3632 618 3692 talia
639 3640 756 3712 egomet
770 3661 787 3677 ·
807 3629 854 3690 illi
875 3627 966 3698 literis
985 3663 1003 3676 -
1023 3649 1106 3690 nunc
1126 3631 1314 3692 existimate·
1333 3631 1523 3712 obiciuntur,
1544 3639 1660 3700 faciunt
1673 3670 1693 3688 -
1711 3641 1793 3722 peri-

387 3735 463 3794 eulis
483 3739 557 3795 meis
579 3771 595 3784 -
608 3737 672 3799 sita
692 3757 796 3796 eorum
815 3737 979 3817 -posteris
999 3737 1104 3796 lumen
1125 3747 1169 3796 est
1186 3767 1208 3784 ··
1236 3757 1302 3798 mea
1322 3742 1467 3804 melecta
1487 3741 1585 3804 dicere
1604 3746 1676 3807 licet
1693 3779 1710 3794 ·
1732 3747 1794 3808 ini-

385 3840 442 3922 qui
460 3848 532 3899 sunt
550 3873 566 3884 -
585 3839 727 3902 habunde
747 3841 808 3901 illis
829 3840 1000 3900 facundiam
1021 3874 1040 3890 -
1065 3863 1100 3902 ex
1119 3843 1215 3904 animi
1234 3847 1382 3906 sententia
1398 3879 1419 3900 ·
1438 3849 1510 3910 falas
1528 3851 1589 3914 vita
1608 3883 1627 3900 ·
1645 3851 1697 3916 sed
1716 3869 1794 3938 quo-

387 3947 471 4008 niam
491 3964 542 4008 rra
563 3947 689 4008 consilia
708 3955 893 4010 accusantur.
914 3944 973 4027 (his
991 3948 1025 4006 in
1040 3946 1132 4008 verbis
1150 3949 1225 4010 liber
1243 3949 1375 4029 desinit.)

741 4148 802 4213 De
822 4147 935 4214 codd
955 4144 1112 4224 Salustii
1131 4115 1438 4240 Sangallenribur.
1652 4227 1654 4234 ,

474 4269 709 4334 Geraestum
723 4270 924 4354 sangallenses
944 4272 978 4334 in
990 4273 1159 4354 uniuersum
1177 4295 1284 4358 parurn
1304 4289 1438 4342 secante
1450 4279 1554 4364 scripti
1560 4301 1571 4356 s
1592 4291 1729 4364 preterea
1743 4285 1795 4344 ls-
