4050 5009
418 408 469 480 60

419 606 490 681 est,
512 612 583 677 quo
605 592 724 660 omnia
741 591 902 657 omnibns
916 589 1084 672 licebant3
1095 589 1187 686 jure
1208 583 1365 657 dominis
1378 592 1515 658 Cottius
1531 600 1567 659 et
1583 596 1733 663 Wassius
1743 590 1825 679 jun·
1905 642 1915 691 ,
1985 559 1986 594 l

333 692 338 701 ⁸
417 706 532 793 gendo
554 708 776 778 censuerunt,
804 696 865 763 illc
892 718 956 783 pro
981 699 1139 785 exemplo
1165 699 1284 763 laudat
1293 696 1386 792 jure
1399 709 1549 785 prator
1571 708 1664 788 apud
1690 706 1828 771 Cicero·

418 832 518 897 nem,
539 807 621 871 addi
631 812 765 893 poterat
783 804 854 880 Cic.
878 803 918 867 in
935 806 1032 871 Verr.
1050 824 1079 869 a.
1103 809 1160 886 613
1180 826 1256 871 non
1273 826 1397 889 quoero
1409 802 1502 899 jure
1522 829 1572 873 an
1590 806 1733 901 injuria
1759 812 1827 876 sint

419 915 579 980 inimici²²
603 934 683 976 nam
703 912 847 977 verbum
871 910 1121 975 substantivum
1143 911 1302 976 additum
1323 911 1416 976 nihil
1441 921 1566 994 mutat,
1599 916 1825 982 nihilominus

419 1030 536 1087 tamen
554 1018 643 1083 mihi
665 1019 738 1082 haeo
760 1018 945 1082 verborum
960 1016 1164 1101 compositio
1189 1018 1371 1083 durissima
1391 1018 1545 1098 videtum
1566 1040 1679 1103 neque
1699 1044 1720 1087 a
1737 1026 1826 1088 Was·

420 1127 473 1193 sio
495 1127 708 1190 laudandum
742 1131 832 1207 erat,
864 1122 959 1184 Orat.
977 1122 1070 1185 Phil.
1095 1120 1177 1185 cum
1199 1122 1332 1211 legatis
1348 1122 1440 1216 jure
1462 1126 1582 1190 adhuc
1593 1128 1827 1211 parentibus,

421 1254 502 1297 nam
525 1252 604 1295 cum
634 1227 810 1307 adjectivis
838 1234 872 1291 ct
895 1226 1089 1310 participiis
1111 1230 1184 1292 haec
1201 1248 1302 1312 posse
1317 1229 1421 1315 jungi
1442 1253 1544 1298 nemo
1577 1244 1700 1321 negat,
1719 1234 1824 1322 paulo

423 1337 601 1405 obscurius
622 1332 759 1398 Carrio:
789 1352 887 1413 ,quae
911 1330 1008 1415 prius
1035 1334 1202 1396 adductus
1225 1332 1350 1398 timore
1373 1340 1521 1417 quodam
1539 1356 1620 1400 'sum
1642 1349 1828 1424 mercatus,

383 1458 387 1467 “
423 1468 464 1513 ea
484 1443 636 1511 dominis
657 1442 773 1505 soluto
791 1437 904 1524 pretio
929 1439 1092 1503 restituo:
1108 1438 1187 1518 jure
1205 1439 1343 1522 inquis3
1362 1439 1489 1526 fateor,
1515 1444 1575 1505 sed
1595 1451 1709 1508 tamen
1730 1446 1828 1509 resti-

422 1560 524 1637 tuo,>‘
554 1549 684 1615 scilicet
698 1542 824 1631 pretio
844 1547 968 1611 soluto
991 1568 1070 1610 cum
1087 1542 1244 1611 restituo
1264 1545 1460 1633 conjungit3
1481 1550 1576 1631 quod
1594 1549 1690 1613 haud
1709 1550 1830 1613 absur-

422 1661 506 1723 dum
514 1657 670 1738 videtur,
685 1672 765 1716 nam
772 1650 943 1735 Lepidum
952 1658 1022 1714 tam
1033 1652 1292 1737 magnanimum
1302 1652 1526 1718 etliberalem
1534 1653 1655 1739 fuisse,
1676 1664 1715 1718 ut
1726 1655 1830 1741 gratis

421 1764 525 1829 bonis
535 1762 635 1827 omtis
649 1762 794 1833 cederet,
806 1758 907 1820 valde
918 1757 1051 1841 dubito,
1065 1760 1124 1821 sed
1138 1759 1204 1821 hac
1215 1758 1443 1843 explicatione
1458 1762 1612 1846 probata,
1626 1765 1727 1827 etiam
1738 1760 1830 1856 jure

424 1865 582 1936 dominis
594 1866 713 1949 utiquc
718 1864 898 1950 jungenda
908 1872 996 1926 sunt.
1016 1864 1093 1926 lam
1106 1880 1239 1950 quaeso,
1260 1873 1373 1931 tecum
1386 1877 1541 1952 reputes,
1555 1889 1639 1931 num
1648 1866 1832 1951 probabile

425 1975 490 2055 sit,
511 1976 584 2039 haec
604 1974 723 2038 verbus
741 1966 1007 2057 pretic.soluto
1022 1967 1113 2061 jure
1134 1966 1290 2036 dominis
1308 1970 1465 2039 restituo
1487 1974 1673 2037 Salustium
1684 1973 1834 2057 jungere

424 2081 599 2147 voluisse?
619 2080 734 2163 itaque
745 2078 793 2143 ita
803 2075 1119 2165 interpungendum
1131 2071 1274 2144 censeoz
1290 2067 1415 2163 pretio
1430 2081 1572 2163 soluto,
1580 2076 1693 2167 jure,·
1716 2073 1834 2143 dorni-

425 2183 484 2252 nis
500 2195 622 2252 tamen
637 2180 815 2263 restituo,·
837 2186 886 2250 ita
903 2188 1015 2252 solum
1025 2206 1170 2270 sequens
1185 2194 1307 2250 tamen
1315 2185 1436 2271 habet,
1458 2183 1726 2269 quoreieratur3
1743 2180 1834 2271 jure

425 2294 518 2359 enim
531 2293 644 2378 addit,
664 2295 767 2377 quod,
777 2315 854 2359 cum
868 2294 1020 2378 pretium
1031 2294 1162 2373 justum
1174 2294 1340 2376 solvisset,
1354 2301 1445 2356 recte
1459 2310 1629 2375 possessor
1644 2291 1835 2355 dicebatur.

425 2396 525 2465 Satis
548 2396 615 2463 illa
626 2395 791 2486 suerunt
819 2401 895 2465 Vat.
918 2416 947 2459 a.
978 2398 1215 2471 conjunctivus
1247 2396 1414 2457 orationis
1450 2395 1523 2455 vim
1555 2404 1667 2481 auget.
1701 2413 1835 2472 manus
1881 2447 1886 2459 .

428 2502 662 2572 conserentis.
683 2506 758 2571 vat.
778 2521 806 2566 1.
831 2516 860 2561 a.
891 2495 930 2562 in
953 2497 1081 2588 gloria
1106 2506 1272 2565 numeret
1297 2498 1379 2563 vide
1404 2502 1450 2562 ad
1477 2498 1580 2563 Catil.
1603 2517 1634 2561 a.
1654 2507 1836 2582 quantum

429 2607 598 2676 audeatis
613 2613 688 2675 Vat.
712 2630 741 2671 1.
766 2624 794 2673 a.
822 2606 917 2686 quod
940 2604 1206 2686 restituendum,
1238 2612 1272 2667 et
1298 2624 1491 2688 pronomen
1520 2624 1580 2668 vos
1608 2604 1838 2687 ejiciendum,

427 2738 474 2782 ne
493 2710 590 2781 alius
610 2717 725 2780 alium
738 2706 944 2797 principem
967 2718 1226 2794 exspectantes.
1247 2708 1308 2774 cir.
1328 2709 1460 2801 Dictys.
1479 2711 1523 2774 11.
1542 2729 1570 2772 c.
1587 2713 1638 2772 23.
1658 2706 1723 2771 ubi
1746 2728 1840 2771 auc·

429 2832 547 2889 torem
566 2844 630 2908 pro
649 2814 857 2906 principem
887 2817 1025 2907 legitur.
1047 2816 1108 2884 cir.
1132 2817 1207 2883 Liv.
1225 2818 1269 2882 11.
1295 2814 1474 2895 ,cunctati
1491 2814 1710 2899 aliquamdiu
1737 2823 1839 2892 sunt,

429 2921 609 2997 dumalias
626 2932 744 3009 alium,
760 2937 799 2992 ut
816 2928 973 3013 proelium
995 2926 1165 3012 incipiant
1183 2923 1484 3010 circumspectant,
1503 2923 1583 2988 vide
1601 2926 1647 2987 ad
1667 2920 1839 2986 Cutilia.

429 3037 489 3099 fin.
510 3038 590 3097 Tac.
604 3032 734 3097 Histor.
755 3056 781 3094 1.
801 3037 858 3113 553
880 3046 967 3100 ante
986 3027 1227 3119 capiaminii.
1245 3053 1275 3098 e.
1292 3030 1388 3107 salli,
1411 3030 1543 3116 decipi,
1564 3029 1624 3096 cfr.
1645 3028 1714 3092 Cic.
1733 3030 1839 3092 Acad.

431 3156 461 3215 4.
482 3157 537 3217 203
570 3136 734 3222 sapientis
759 3140 831 3205 vim
853 3144 1038 3208 maximam
1058 3160 1148 3209 csse,
1181 3155 1299 3193 cavere
1327 3154 1372 3191 ne
1399 3135 1568 3210 capiatur,
1608 3149 1654 3191 ne
1678 3129 1840 3219 fallatur,

428 3244 566 3325 videre3
584 3240 741 3337 futiles3
771 3250 832 3311 cfr.
856 3252 941 3307 Fest.
964 3262 989 3301 s·
1015 3258 1048 3296 v·
1070 3244 1103 3293 et
1125 3236 1250 3292 Donat·
1273 3231 1317 3289 ad
1337 3230 1556 3290 Andn'am3
1579 3232 1609 3291 5
1628 3234 1665 3308 33
1697 3231 1841 3307 ,futiles

430 3353 614 3437 dicuntur,
633 3352 695 3430 qui
722 3350 824 3407 silere
852 3342 995 3401 tacenda
1016 3338 1208 3411 nequeunt,
1237 3329 1286 3394 sic
1316 3339 1350 3396 ct
1370 3352 1448 3396 vasa
1472 3332 1586 3396 sutilia
1604 3354 1625 3398 a
1641 3334 1838 3426 tundenu03

432 3459 493 3519 cfr
512 3459 582 3521 cic.
605 3459 649 3517 de
668 3448 743 3511 Fin.
766 3450 795 3511 3.
815 3463 873 3505 ιι·
865 3486 875 3519 ,
894 3439 972 3521 quis
987 3454 1058 3498 non
1073 3436 1181 3500 credit
1205 3436 1381 3515 sordidos,
1400 3457 1526 3526 vanos,
1545 3440 1654 3524 leves,
1673 3443 1839 3515 futilesl⁹

432 3568 583 3642 raptum
600 3552 652 3620 iri
666 3554 716 3617 ita
732 3553 802 3614 duo
821 3542 979 3615 Vaticani
996 3550 1030 3607 et
1048 3541 1177 3625 reliqui
1196 3543 1299 3629 libri,
1319 3544 1422 3609 ctiam
1441 3546 1531 3608 Edit
1552 3549 1731 3636 Princeps3
1751 3576 1839 3640 prae·

433 3666 527 3724 terea
542 3662 652 3730 vatic.
675 3684 703 3725 2.
724 3678 834 3742 quam
854 3646 995 3717 audias.
1015 3670 1092 3731 quae
1110 3648 1297 3715 lectionum
1317 3650 1463 3717 varietas
1477 3652 1580 3732 hujus
1599 3657 1670 3721 loci
1688 3657 1840 3726 difficul-

394 3750 398 3763 ’
434 3768 540 3827 tatem
561 3773 682 3847 auget;
708 3763 821 3825 oratio
842 3780 914 3823 non
936 3757 1052 3822 minus
1077 3755 1285 3822 inconcinna
1298 3778 1402 3842 quam
1418 3780 1521 3843 supra
1537 3760 1662 3841 initio,
1683 3764 1838 3848 primum

433 3866 552 3934 tmesis
574 3874 623 3930 est
648 3870 799 3931 notanda
819 3866 857 3931 in
876 3874 1076 3948 antequam
1104 3866 1147 3929 de
1171 3885 1240 3948 qua
1258 3866 1320 3933 cfr.
1342 3865 1436 3951 Virg.
1453 3868 1569 3955 Eclog.
1592 3891 1618 3930 t.
1644 3872 1694 3933 60.
1716 3875 1839 3938 durius

435 3974 540 4043 etiam
561 3974 647 4053 hoc,
668 3976 762 4057 quod
785 3994 857 4038 non
879 3973 991 4039 solum
1016 3972 1240 4056 paucaverba
1258 3970 1480 4059 interposuit,
1498 3977 1560 4039 sed
1580 3963 1838 4045 ducor-ationis

434 4081 607 4167 membra,
629 4080 787 4165 quaesibi
806 4087 886 4147 sunt
907 4078 1082 4165 opposita3
1098 4078 1172 4158 jam
1192 4080 1280 4141 adde
1297 4087 1444 4162 raptum
1465 4076 1518 4144 iri
1535 4084 1629 4161 quod
1641 4102 1704 4165 per
1722 4102 1838 4171 sepo-

436 4188 541 4255 situm
555 4208 657 4253 sensu
676 4195 784 4269 caret;
804 4186 921 4270 itaque
940 4188 1035 4249 haud
1056 4185 1161 4251 dubie
1180 4192 1325 4268 captum
1343 4188 1608 4264 emendandum,
1629 4195 1669 4249 ut
1684 4208 1726 4252 ex
1740 4188 1839 4273 prio-

437 4292 534 4361 ribus
562 4304 653 4363 certe
680 4294 846 4383 explicari
871 4293 997 4380 possin
1034 4289 1139 4357 ctiam
1162 4288 1248 4356 licet
1269 4290 1384 4358 minus
1403 4300 1560 4360 accurate
1583 4293 1724 4358 dictum.
1750 4293 1838 4375 quid
