4050 5009
356 389 427 482 146

351 586 657 650 commemoratum
675 564 879 665 putaverim.
912 597 1031 665 -219.·
1050 581 1117 647 ctr.
1139 600 1238 667 supra
1257 604 1292 667 p.
1317 586 1363 646 ιδ.
1400 600 1516 649 -2ro.·
1540 588 1607 653 cte.
1628 589 1670 655 ir.
1691 591 1759 663 ino.

354 690 422 771 195.
442 706 538 755 -uuu,
549 704 643 751 aare
661 685 729 749 cfr.
743 691 811 769 196.
830 692 954 751 -υδμ
965 688 1134 778 Pyrrhus
1142 698 1204 754 etc.
1219 691 1287 753 hoc
1296 687 1531 775 fragmentum
1542 697 1678 760 nullum
1689 718 1762 765 esse

263 842 267 848 .
351 794 674 859 reeteFrotscberus
692 793 836 857 monuit.
856 795 923 858 Sed
931 794 1060 880 Pyrrhi
1073 794 1284 887 mentionem
1306 814 1377 859 esse
1397 794 1524 862 factum
1543 800 1582 864 in
1596 802 1658 865 lib.
1673 803 1762 867 Hist.

350 899 442 963 infru
461 899 667 963 videbimus.
686 912 805 976 -224-
826 900 915 966 Non
926 895 1050 963 tuscis
1063 907 1125 967 etc.
1147 900 1340 965 Metrodori
1359 901 1466 988 legati
1480 906 1548 969 hoc
1560 926 1762 991 responsum

350 1005 455 1072 fuisse
474 1007 578 1071 Debr.
602 1004 753 1089 judicat,
782 1004 846 1087 qui
875 1023 897 1068 c
917 1003 1120 1069 Mithridate
1146 1009 1191 1069 ad
1209 995 1396 1093 Tigranem
1415 1008 1553 1095 missus,
1580 1013 1762 1097 tlh-eoque

353 1115 397 1177 de
417 1111 555 1195 loedere,
575 1113 619 1172 ad
641 1112 736 1191 quod
751 1109 971 1196 jungendum
990 1112 1187 1198 vocabatur,
1206 1110 1366 1177 iaciendo
1386 1115 1571 1200 consultus,
1591 1118 1659 1181 hoo
1678 1118 1760 1206 Tig-

352 1218 430 1282 rani
450 1216 645 1287 discussisse
665 1216 804 1279 dicitur.
824 1215 1086 1282 cir.21’lnt.Lue.
1108 1232 1157 1279 ou.
1177 1220 1298 1281 me.-
1322 1218 1566 1285 Vitobundus.
1582 1220 1646 1285 cfr.
1667 1222 1711 1286 fr.
1731 1240 1760 1301 4.
1783 1244 1787 1253 ·

353 1327 402 1389 ιθ.
421 1322 574 1407 Spartaci
592 1323 648 1385 rel
657 1321 801 1387 Sertorii
815 1340 971 1406 persone
984 1323 1058 1387 hec
1071 1322 1292 1388 conveniunt.
1305 1359 1347 1376 -
1364 1328 1660 1410 Acceduntpunce
1670 1326 1761 1415 freg-

351 1437 468 1493 menta
476 1436 554 1513 post
565 1428 760 1491 absolutum
770 1426 935 1491 volumen
949 1426 1101 1513 primum
1116 1438 1175 1493 aut
1188 1443 1209 1493 e
1220 1449 1277 1494 me
1290 1429 1382 1515 ipso,
1396 1439 1454 1493 eut
1464 1430 1508 1493 ab
1518 1431 1597 1495 aliis
1607 1434 1760 1499 collecto.

222 1595 224 1599 .
351 1538 479 1625 -υΰμι
493 1530 729 1616 Nimiumque
744 1530 913 1617 portium
935 1534 1044 1598 decue
1065 1530 1103 1599 in
1125 1536 1322 1599 mercedem
1343 1544 1559 1621 corruptum
1580 1544 1662 1601 crat
1681 1538 1706 1601 1.
1730 1560 1757 1600 1.

350 1642 424 1705 baec
444 1660 484 1703 ex
504 1639 691 1703 Arrusiano
707 1641 818 1703 Messo
837 1639 977 1703 laudata
997 1660 1052 1725 sp.
1066 1644 1181 1705 Burm.
1200 1640 1240 1704 in
1259 1640 1401 1705 Anthol.
1421 1641 1543 1705 letina
1561 1644 1659 1707 Tom.
1680 1645 1706 1705 1.
1726 1666 1760 1727 p.

262 1732 268 1741 ’
352 1750 421 1828 173.
442 1745 546 1807 Aliud
574 1744 752 1808 Arrusieni
779 1746 976 1829 exemplum
998 1746 1072 1811 ulio
1101 1766 1174 1812 esse
1205 1746 1379 1831 copiosius
1401 1745 1475 1826 jam
1502 1747 1567 1810 diu
1598 1748 1760 1835 comperi.

350 1839 599 1937 Autogmphon
618 1851 721 1930 huj'us
741 1850 882 1915 Codicis
900 1851 1149 1934 prestantioris
1169 1852 1208 1916 in
1228 1852 1442 1917 bibliotheca
1462 1853 1688 1939 Neapolitana
1707 1854 1760 1916 lu·

352 1958 443 2037 tuae
472 1957 545 2036 ejus
569 1956 764 2040 exemplum
784 1956 993 2041 Lugdunum
1021 1960 1226 2029 Batavorum
1247 1960 1418 2035 deletum,
1444 1959 1540 2039 cujus
1565 1960 1660 2026 Varr.
1691 1959 1761 2024 lec·

353 2063 467 2128 tiones
485 2060 612 2125 frustra
632 2061 723 2124 mihi
741 2079 862 2146 perure
882 2062 1011 2127 studui.
1031 2064 1081 2127 Ex
1101 2066 1225 2130 eodem
1244 2066 1403 2150 exemplo
1414 2064 1553 2130 Ruhnlo
1573 2067 1619 2127 ed
1638 2064 1760 2144 Vellej.

351 2189 460 2255 pauca
490 2168 626 2243 citavit,
646 2169 689 2231 de
710 2167 837 2249 quibus
857 2166 959 2231 inira.
982 2165 1022 2231 iu
1043 2171 1243 2235 mercedem
1262 2170 1368 2235 finem
1389 2170 1441 2237 rei
1462 2170 1625 2256 exprimit
1644 2178 1760 2235 aucto.

278 2260 285 2278 ’
352 2298 391 2341 re
410 2274 609 2339 Arrusiano.
632 2276 711 2348 ‚haec
739 2275 783 2338 de
801 2273 899 2336 Sulla
917 2272 1052 2342 dictum
1070 2281 1156 2359 puto
1168 2265 1187 2354 ,¹
1207 2277 1270 2360 qui
1299 2276 1404 2341 initio
1432 2276 1607 2342 nobilium
1628 2292 1760 2341 causum

310 2376 317 2387 ‘
353 2380 546 2445 defendisse
566 2380 757 2464 ridebatur,
776 2388 894 2463 postea
913 2388 1030 2443 cutem
1051 2381 1203 2444 mritie
1221 2388 1258 2445 et
1277 2380 1476 2445 crudelitati
1497 2381 1671 2445 sociorum
1692 2400 1760 2446 ser·
1843 2436 1844 2439 ,

352 2486 427 2551 vire
457 2493 594 2550 coactns
618 2494 678 2577 est3
711 2483 771 2550 cfr.
798 2484 894 2547 Orat.
924 2485 1057 2569 Lepidi.
1087 2501 1212 2567 ·227.-
1238 2481 1515 2575 Profectionem
1531 2480 1761 2572 seminantes

353 2594 455 2653 Corn.
475 2593 590 2652 Front.
609 2608 636 2657 s.
655 2610 687 2652 v.
697 2584 843 2676 festino
863 2585 966 2653 illud.
987 2594 1054 2655 hoc
1074 2598 1225 2675 spectare
1245 2588 1383 2653 videtur
1402 2588 1628 2651 edentulum
1649 2600 1684 2653 et
1696 2594 1760 2655 Le·

352 2676 585 2779 pidum'Coss
607 2693 669 2777 qni
689 2714 709 2756 a
728 2703 848 2758 senatu
864 2694 952 2775 jussi
971 2694 1131 2762 celeriter
1150 2694 1238 2758 urbe
1257 2691 1404 2778 proiecti
1423 2702 1512 2787 sunt.
1545 2692 1605 2756 cir.
1630 2690 1673 2757 ir.
1695 2695 1757 2765 lib.

343 2826 381 2863 u.
404 2819 454 2865 co.
474 2803 594 2865 -ruh-
613 2799 775 2866 Eiruriu
796 2796 914 2865 omnis
933 2817 1018 2864 cum
1038 2794 1175 2883 Lepido
1196 2808 1365 2883 suspecta
1385 2794 1426 2864 in
1447 2802 1646 2887 tumultum
1668 2810 1759 2865 erut.

351 2928 406 2993 ep.
426 2908 602 2972 Arrusion.
625 2910 746 2973 eodem
761 2907 839 2971 loco
860 2914 899 2969 ut
919 2904 962 2969 fr.
977 2924 1048 2988 ²²7·
1069 2907 1166 2969 haud
1186 2906 1293 2971 dubie
1312 2907 1380 2971 hoe
1399 2926 1538 2989 quoque
1558 2927 1599 2972 ex
1616 2906 1709 2972 libro
1732 2929 1759 2974 1.

350 3015 439 3077 Hist.
450 3024 623 3097 sumptum
634 3024 693 3078 est.
714 3030 819 3096 -uspe
837 3010 1048 3089 Auctumni
1056 3009 1256 3105 srmnenta
1267 3030 1300 3082 v.
1313 3031 1369 3098 sp.
1385 3014 1555 3099 Porphyr.
1574 3016 1619 3077 ad
1638 3015 1759 3079 Horu.
1816 3068 1822 3083 .

350 3121 411 3202 Ep.
435 3141 462 3183 1.
485 3139 534 3186 ιο.
555 3138 606 3196 4⁰·
632 3120 700 3185 Sed
728 3119 782 3184 ibi
809 3122 883 3185 hec
910 3119 1017 3182 verbe
1046 3110 1119 3182 non
1148 3127 1290 3184 exstant.
1334 3122 1454 3201 Neque
1481 3122 1554 3183 hec
1573 3140 1638 3205 pro
1659 3118 1759 3185 certis

349 3224 472 3287 babeo.
492 3212 617 3291 -u‘se-
638 3209 756 3293 Omni
771 3224 836 3312 jur
855 3223 894 3289 in
914 3220 1158 3290 ualidioribus
1179 3245 1261 3288 ecre.
1283 3244 1337 3308 sp.
1358 3224 1461 3285 Corn.
1477 3225 1592 3287 Front.
1613 3226 1657 3289 de
1673 3230 1758 3289 oret.

349 3333 386 3393 L
412 3332 456 3393 11.
483 3351 560 3417 pag.
576 3334 650 3393 ³266.
678 3330 816 3419 ridetur
846 3333 913 3393 hoc
942 3328 1037 3394 idem
1069 3348 1140 3393 esse
1172 3346 1251 3391 cum
1284 3328 1326 3391 fr.
1358 3336 1531 3411 sequente.
1565 3331 1688 3392 mse·
1707 3330 1759 3395 Et

350 3440 491 3501 relatus
512 3432 712 3500 inconditos
731 3433 821 3500 olim
844 3432 926 3500 ritoe
946 3454 1042 3519 mos,
1075 3442 1118 3497 ut
1143 3454 1250 3499 omne
1267 3432 1336 3525 jus
1364 3428 1402 3496 in
1425 3428 1559 3497 uiribus
1579 3439 1680 3497 esset.
1704 3426 1772 3519 up.=

348 3551 498 3607 veterem
518 3541 723 3605 scholiasten
743 3541 874 3607 Lucani
902 3544 947 3605 ed
967 3540 1121 3633 lffhemal.
1145 3560 1172 3603 1.
1196 3538 1508 3620 17³..videturhoc
1535 3542 1579 3602 ed
1598 3539 1757 3603 Sullanus

347 3647 616 3731 proscriptiones
636 3648 818 3733 pertinere.
848 3652 971 3713 -tlre
989 3646 1117 3728 Atque
1142 3640 1261 3710 omnir
1286 3640 1407 3711 Italia
1435 3641 1569 3709 animis
1597 3640 1758 3711 discedit.

348 3752 442 3814 idem
462 3755 507 3813 ad
520 3756 670 3818 Pharsal.
686 3760 715 3817 3.
729 3759 801 3818 6³2.
820 3751 937 3817 armis
957 3752 1214 3817 emendandum
1234 3728 1305 3813 esse
1325 3748 1496 3814 existimo.
1516 3747 1650 3814 animis
1669 3744 1755 3816 disc.

348 3854 407 3919 vix
419 3855 581 3918 Latinum
594 3866 652 3920 est.
671 3858 822 3941 pertinet
841 3860 908 3921 hoc
929 3860 974 3921 nd
993 3856 1099 3922 finem
1120 3856 1288 3921 tumultus
1308 3855 1488 3939 Lepidcni.
1508 3859 1629 3919 -uib-
1641 3853 1760 3941 Pyrr-

350 3961 419 4027 hus
440 3955 678 4043 interemptus
687 3958 774 4053 fuit
803 3959 842 4027 in
872 3964 949 4028 oede
974 3960 1110 4029 Diana·
1134 3984 1158 4027 a
1189 3962 1349 4045 quodum
1381 3957 1541 4025 muliere.
1568 3978 1621 4043 up.
1642 3957 1756 4024 Gaecil.

345 4066 531 4152 Apulejum
559 4069 603 4131 de
626 4067 927 4154 orthographiae
952 4072 1000 4133 ι6.
1026 4068 1114 4131 Edit.
1135 4068 1266 4131 Osenn.
1286 4068 1416 4153 Pyrrhi
1443 4064 1657 4129 mentionem
1684 4062 1755 4126 iuc-

345 4182 415 4236 tam
442 4192 513 4240 esse
531 4181 617 4258 puto
647 4171 687 4235 in
708 4172 940 4258 descriptione
959 4174 1071 4240 Itelie
1092 4172 1270 4237 inferioris
1299 4174 1363 4237 ubi
1382 4174 1426 4236 de
1446 4170 1603 4258 fugitivis
1623 4168 1755 4255 exposi-

345 4286 418 4342 tum
445 4289 504 4345 est.
532 4280 655 4355 wli.-
675 4278 873 4369 Staphylus
895 4275 1044 4361 primus
1075 4275 1205 4346 docuit
1235 4277 1357 4347 vinum
1388 4296 1489 4361 aquo
1520 4272 1669 4342 misceri
1699 4293 1753 4358 up.
