4050 5009
398 400 460 449 xv!

397 553 568 659 scripte,
592 552 680 627 satis
702 550 831 641 bonae,
854 550 920 629 sed
946 549 1084 625 litterae
1107 546 1238 624 multis
1259 544 1350 623 locis
1372 561 1554 625 vetustate
1579 548 1749 627 evanidoe
1767 565 1806 627 et

398 663 528 785 priora
544 676 636 751 folia
654 676 816 752 lacerata
830 701 840 766 3
864 700 950 777 quae
960 671 1127 749 secunda
1142 698 1279 749 manus
1291 672 1448 764 adiecit,
1460 673 1585 749 multo
1597 674 1807 751 recentiora

397 819 498 881 eunt.
523 800 648 876 Multa
662 798 777 877 etiam
796 798 896 873 inter
911 822 1038 873 versus
1054 796 1220 886 adiecta,
1237 812 1276 871 et
1290 795 1414 873 aliena
1433 797 1597 874 auctoris
1608 798 1808 876 verbisad-

400 928 491 1005 dita.
518 924 645 1026 Greelf
657 927 702 999 V.
728 924 770 997 in
791 921 1046 997 vetustissimis
1065 920 1296 995 membranis
1317 938 1508 1011 exaratus,
1535 948 1621 1025 quae
1638 949 1689 1000 ne
1706 950 1809 1000 com·

400 1064 521 1151 pactae
529 1048 796 1152 quidemsunt.
814 1046 877 1143 (N.
897 1071 950 1143 17·
969 1060 1039 1119 aut
1060 1045 1154 1143 116.)
1180 1044 1296 1119 Haud
1317 1044 1461 1150 integer
1479 1061 1555 1137 est,
1571 1074 1663 1122 nam
1679 1046 1809 1123 deficit

402 1174 437 1245 B.
452 1174 528 1278 Iug.
551 1200 580 1248 c.
603 1172 657 1250 15.
679 1173 730 1247 ab
743 1171 863 1248 initio.
888 1170 1120 1244 Litterarum
1135 1166 1288 1273 praefert
1311 1169 1490 1275 liguram,
1514 1197 1600 1271 quae
1619 1171 1714 1247 solet
1732 1197 1807 1248 esse

399 1298 546 1372 saeculis
565 1301 610 1374 X
632 1314 672 1373 et
686 1299 750 1373 XI.
775 1298 893 1371 Hunc
914 1293 1058 1369 librum
1075 1291 1251 1367 omnium
1271 1292 1460 1396 optimum
1474 1320 1549 1369 esse
1561 1294 1807 1373 iudicatCor·

403 1422 499 1514 tius3
519 1422 585 1498 sed
605 1448 691 1525 ‹111ae
707 1437 793 1527 post
818 1416 1056 1525 principium
1085 1415 1267 1493 orationis
1293 1415 1444 1493 Caesaris
1467 1435 1699 1520 sequuntur,
1725 1446 1806 1497 non

402 1544 534 1631 eadem
555 1545 737 1651 religione
763 1559 915 1620 exorata
939 1556 1039 1616 sunt
1078 1539 1202 1641 Guelf.
1222 1543 1266 1615 V
1259 1541 1289 1615 I.
1322 1538 1657 1632 membranaceus,
1683 1542 1806 1619 forma

405 1669 590 1774 octuplici
616 1669 749 1765 (Num.
766 1667 834 1743 51:
861 1667 935 1765 ια.)
960 1664 1125 1740 auctoris
1145 1663 1302 1767 quidem
1320 1666 1437 1740 verba.
1449 1665 1610 1769 integra,
1631 1666 1695 1743 sed
1707 1668 1809 1743 mul·

405 1808 460 1868 tas
482 1819 636 1896 quoque
655 1792 789 1897 glossas
808 1789 991 1882 continet3
1015 1789 1056 1862 in
1075 1787 1176 1863 bello
1190 1788 1420 1893 Iugurthino
1442 1788 1597 1893 triginta
1614 1788 1733 1869 ferme
1753 1792 1809 1868 fo-

402 1916 455 1993 lia
468 1916 740 1992 desiderantur.
768 1914 893 2015 Guelf.
905 1916 949 1987 V
941 1916 996 2002 II,
1008 1913 1067 2009 (in
1082 1912 1175 1987 bibl.
1191 1912 1292 1988 Gud.
1312 1914 1410 2012 296.)
1427 1913 1583 1988 membr.
1600 1930 1638 1989 et
1650 1916 1810 2023 elegans,

403 2070 481 2147 quo
509 2057 678 2145 tempore
697 2065 757 2113 ars
785 2038 883 2143 typis
912 2035 1104 2112 scribendi
1136 2052 1217 2111 orta
1241 2052 1339 2125 eret,
1357 2036 1519 2140 scriptus
1541 2062 1620 2114 esse
1647 2039 1808 2131 videtur,

403 2167 620 2254 Catilinam,
632 2161 869 2268 Iugurtham,
881 2161 1096 2236 etDeclam.
1112 2161 1152 2235 in
1165 2161 1385 2237 Ciceronem
1400 2160 1673 2265 complectitur.
1686 2164 1811 2267 Gueffi

310 2305 317 2317 '
405 2294 519 2368 VIII.
555 2288 805 2377 Chartaceus,
838 2286 1038 2390 plerasque
1062 2285 1199 2390 prioris
1224 2285 1402 2359 lectiones
1436 2286 1589 2377 retinet,
1615 2287 1807 2393 inprime

402 2416 526 2521 capite
549 2413 645 2489 belli
667 2408 889 2515 Iugurthini
903 2409 1040 2485 deficit.
1069 2410 1193 2511 Guelf.
1206 2412 1276 2484 IX.
1302 2410 1435 2505 (Num.
1465 2436 1505 2508 ¹7
1519 2442 1527 2483 t
1543 2436 1612 2500 21,
1641 2411 1688 2509 a.)
1705 2411 1806 2489 circa

402 2540 587 2618 saeculum
611 2539 713 2612 XIII.
744 2533 1158 2639 scriptus,Chartaceus
1178 2560 1189 2626 ;
1213 2535 1403 2638 scriptura
1420 2534 1508 2609 satis
1529 2535 1699 2639 religiosa
1717 2594 1726 2626 ‚
1744 2536 1807 2613 sed

405 2665 559 2743 Codices
580 2689 659 2737 non
684 2660 846 2765 optimos
875 2659 1063 2764 expressit.
1101 2656 1225 2758 Guelf.
1245 2660 1292 2731 X.
1318 2656 1387 2753 (ex
1407 2656 1574 2733 Gudian.
1592 2660 1696 2759 295.)
1723 2662 1808 2738 Non

404 2791 458 2867 ita
479 2788 635 2893 quidem
653 2801 835 2874 vetustus,
854 2800 900 2860 ut
917 2783 977 2859 vel
990 2780 1164 2885 proximo
1176 2779 1345 2886 praeferri
1364 2781 1479 2884 possit
1485 2813 1495 2875 3
1511 2782 1669 2885 minime
1681 2800 1809 2861 tamen

405 2917 580 2993 omnium
596 2927 846 2988 correctorem
860 2924 1035 3012 expertus
1055 2922 1116 2980 est.
1133 2905 1257 3006 Guelf.
1271 2905 1341 2978 XI.
1355 2904 1487 3001 (Num.
1514 2932 1575 2979 12:
1597 2910 1667 3005 ro.)
1691 2908 1809 2983 Mem-

406 3041 513 3115 bran.
529 3038 651 3113 forma
667 3034 863 3139 quadrata.
890 3035 1059 3105 Externo
1070 3027 1270 3134 splendore
1290 3029 1461 3133 insignis;
1474 3029 1608 3105 litterae
1621 3057 1726 3122 auro,
1738 3033 1808 3107 mi-

406 3164 473 3239 nio
500 3163 688 3262 variisque
720 3156 910 3233 coloribus
941 3156 1146 3244 distinctae,
1175 3152 1287 3228 initio
1313 3153 1429 3228 seculi
1454 3156 1535 3229 XV.
1557 3156 1719 3259 scriptus
1746 3174 1809 3232 est.

408 3287 534 3388 Guels
552 3288 644 3359 XII.
672 3283 880 3357 membran.
908 3278 1031 3354 forma
1065 3276 1309 3380 quadruplici
1339 3276 1519 3381 oblonga,
1546 3277 1678 3375 (Num.
1709 3282 1741 3357 6.
1755 3282 1808 3380 a.)

408 3412 542 3487 litteris
560 3405 842 3512 elegantissimis
866 3402 1048 3505 scriptus,
1064 3399 1129 3475 sed
1151 3428 1173 3474 a
1190 3401 1314 3505 capite
1330 3401 1380 3475 ad
1398 3401 1540 3477 calcem
1561 3430 1582 3476 a
1602 3420 1811 3480 correctore

407 3534 633 3620 recensitus,
667 3531 736 3632 qui
763 3528 885 3602 multa
898 3525 1141 3613 immutavit,
1173 3524 1286 3629 plura
1301 3524 1473 3613 addidit,
1498 3524 1665 3628 plurima
1689 3528 1811 3604 erasit.

409 3663 638 3736 Vinarieuu's
658 3657 687 3729 I.
706 3654 775 3755 qui
793 3648 1004 3753 aliquando
1025 3648 1203 3738 Reinesii‚
1222 3663 1348 3753 postea
1365 3646 1661 3724 Schutzlleischii
1677 3650 1811 3741 fuerat,

406 3784 529 3860 forma
560 3780 743 3882 oblonga,
771 3777 811 3849 in
836 3774 1068 3850 membranis
1092 3770 1213 3846 nitide
1227 3772 1410 3874 scriptus,
1434 3772 1570 3847 saeculo
1591 3775 1636 3848 X.
1660 3775 1720 3849 vel
1745 3777 1809 3849 XI.

406 3909 542 3984 Misere
578 3900 829 4005 interpolatus
868 3898 1040 3973 meliores
1071 3895 1214 3983 modo,
1251 3895 1363 3970 modo
1396 3895 1810 3975 deteriores'lectiones

408 4032 618 4109 conlirmat.
658 4029 886 4101 Vinariensis
902 4024 956 4097 II.
981 4020 1140 4097 Membr.
1163 4018 1285 4093 forma
1309 4020 1510 4123 octuplici‚
1535 4022 1721 4126 scriptura
1738 4023 1811 4099 ele·

408 4155 625 4263 gratissima
658 4166 773 4253 atque
803 4144 1110 4232 accuratissima,
1144 4143 1288 4247 pariter
1320 4168 1364 4218 ac
1397 4144 1438 4221 in
1476 4144 1602 4225 Guelf.
1626 4148 1673 4221 X.
1697 4172 1810 4223 orna.

411 4298 466 4371 ta,
491 4279 628 4357 soeculo
653 4278 734 4355 XV.
765 4274 927 4377 scriptus
955 4285 1011 4349 cst
1039 4283 1078 4349 et
1102 4267 1332 4351 melioribus
1354 4266 1462 4347 libris
1490 4268 1810 4351 adnumerandus.
