4050 5009
1637 373 1709 472 597

296 568 406 632 animis
427 567 636 651 perditorum,
663 568 749 631 etde
775 571 929 654 ergastulis
952 569 1045 630 erutis
1066 569 1174 646 servis,
1195 573 1355 634 exercitum
1380 573 1595 648 coniecerunt3
1614 583 1644 637 at
1660 593 1709 637 ar·

296 687 377 738 mata
400 677 583 738 validissima
606 695 698 736 manu
715 679 898 754 juventutis,
918 674 958 734 ad
977 674 1084 736 urbem
1105 688 1252 738 venerunt
1271 689 1359 760 atque
1380 678 1538 742 Octaviam
1553 681 1639 763 Syllo
1658 703 1708 745 sa·

297 782 422 842 tellitem
443 793 612 864 superatam
635 792 828 844 occurerunt.
866 781 953 842 lunc
971 783 1052 844 raris
1070 781 1227 843 emdelitas
1251 793 1407 866 peruagata
1428 797 1491 868 est,
1510 799 1545 848 ut
1565 787 1709 849 nobilitas

297 887 396 948 omnis
421 887 459 948 ad
486 890 681 971 lugitivorum
708 887 907 951 trucidaretur
927 887 1097 950 arbitrium.
1139 885 1235 970 Atque
1255 911 1290 950 ca
1314 891 1446 952 inmanis
1471 895 1577 954 sevitia
1605 893 1709 954 Cinnas

298 995 374 1070 luit,
394 1006 430 1056 ut
449 1015 506 1056 aec
528 996 591 1056 illis
607 1005 756 1078 parceret,
778 1014 908 1077 quorum
927 1014 1018 1077 opero
1038 1006 1101 1056 erat
1117 996 1215 1058 uictor
1233 993 1367 1058 effectos.
1407 997 1533 1059 Etcum
1556 995 1613 1058 bac
1629 1000 1709 1058 ioso·

298 1101 393 1162 lentis
416 1103 448 1162 in
472 1121 576 1164 omnes
603 1104 805 1164 communiter
830 1099 1025 1183 bachantur,
1052 1121 1120 1162 enm
1156 1098 1279 1166 baberet
1309 1104 1486 1187 conciones,
1515 1123 1536 1164 a
1563 1102 1712 1164 militibus

299 1207 360 1268 suis
376 1208 490 1268 occisus
513 1218 565 1268 est.
584 1206 661 1268 Tum
680 1207 793 1268 Mariua
810 1228 850 1268 ne
862 1210 928 1268 sine
948 1210 1032 1268 socio
1051 1207 1241 1270 dominatum
1262 1210 1405 1271 sustinere
1423 1227 1487 1272 nou
1502 1219 1618 1292 posset,
1638 1207 1714 1269 Car-

300 1310 411 1374 bonem
434 1313 492 1374 sibi
520 1316 553 1374 iu
575 1316 705 1397 septimo
730 1312 899 1376 Consulatu
922 1317 1068 1397 collegam
1089 1313 1270 1398 subrogarit.
1294 1314 1632 1398 5.'l'um8511atsnts
1657 1316 1711 1374 in·

301 1417 477 1502 dignatione
504 1432 692 1496 commotus,
712 1431 817 1481 contra
829 1419 960 1482 Marium
983 1432 1073 1503 atque
1093 1421 1263 1504 Carbonem
1284 1424 1443 1484 exercitum
1460 1421 1560 1498 duxit,
1582 1433 1612 1484 et
1632 1423 1712 1484 inter

300 1546 331 1586 se
354 1527 438 1587 ferali
459 1529 620 1589 certamine
638 1527 772 1588 Romani
790 1529 933 1588 exercitas
956 1527 1127 1590 conflixere.
1171 1530 1208 1621 Iu
1227 1551 1290 1612 quo
1306 1528 1387 1591 bello
1405 1540 1561 1612 superatus
1581 1540 1625 1590 est
1645 1528 1711 1588 Ma-

300 1635 375 1694 rius.
414 1632 491 1692 Tum
514 1654 584 1696 raro
602 1635 682 1716 Sylla
701 1634 813 1717 victor,
833 1635 982 1718 quicquid
999 1637 1032 1696 in
1052 1633 1126 1698 urbe
1146 1649 1343 1712 remanserat,
1364 1635 1523 1700 crudeliter
1540 1645 1713 1716 persecutas

301 1747 364 1812 est,
385 1749 416 1799 et
435 1739 473 1800 lt.
501 1737 535 1804 P.
551 1741 735 1802 vindicatam
759 1761 824 1802 non
843 1741 975 1804 reddidit
997 1743 1123 1826 legibus.
1164 1744 1221 1805 Sed
1249 1747 1312 1826 ipse
1332 1743 1479 1825 possedit,
1506 1763 1542 1804 ac
1568 1762 1598 1802 so
1621 1743 1713 1802 talem
1769 1798 1773 1822 ι

300 1843 444 1927 praebuit,
464 1855 499 1906 ut
518 1846 658 1908 Cinnana
678 1869 714 1908 ac
729 1848 886 1922 Mariana,
905 1869 996 1929 qnam
1012 1853 1114 1911 ultum
1128 1853 1221 1926 ierat,
1242 1851 1409 1910 dominatio
1427 1859 1614 1930 quereretur.
1634 1847 1716 1908 llius

301 1951 475 2014 Sallustius:
490 1953 574 2014 bosu’a
594 1952 687 2015 initiis
707 1954 802 2016 motos
821 1962 938 2016 eventus
958 1955 1069 2014 babuit
1101 1957 1176 2014 Nam
1201 1957 1323 2016 fuerunt
1346 1955 1427 2016 bona
1443 1955 1612 2034 principia,
1634 1953 1718 2036 quad

303 2077 477 2138 oppressam
491 2063 592 2141 poluit
611 2061 722 2122 cisium
741 2060 901 2123 defendere
921 2059 1109 2122 libertatem:
1131 2062 1205 2120 mali
1227 2069 1349 2122 eventus
1368 2069 1404 2119 ut
1423 2059 1567 2140 superatio
1583 2059 1716 2121 dominia

301 2173 333 2224 st
351 2163 479 2228 dacibus
502 2168 600 2242 suvia,
619 2170 737 2250 gravius
751 2171 815 2250 ipse
831 2169 982 2231 civitatem
1002 2170 1163 2250 quassarit,
1184 2167 1238 2249 qui
1261 2186 1291 2226 se
1311 2162 1439 2248 publicar
1458 2165 1634 2227 calamitatis
1650 2170 1714 2228 sore

301 2273 477 2349 promiserat
494 2273 691 2336 defensorem.
732 2273 790 2336 llic
808 2293 877 2335 cum
891 2283 1005 2337 teneret
1022 2275 1181 2357 imperium
1200 2275 1308 2334 multas
1324 2275 1401 2354 leges
1424 2292 1459 2334 ac
1477 2277 1544 2351 jura
1558 2273 1715 2356 prescrip-

300 2378 357 2452 sit„
379 2381 482 2440 multis
499 2380 668 2442 civitatibus
688 2381 892 2443 immunitates
911 2382 1122 2464 vectigalium,
1145 2383 1257 2442 multos
1279 2379 1416 2440 liomana
1441 2381 1559 2470 civitate
1579 2379 1713 2442 donarit.

302 2482 331 2544 6.
354 2482 451 2561 Hujus
470 2495 536 2545 acta
560 2507 631 2546 cum
655 2499 781 2548 conatur
809 2487 939 2570 Lepidus
958 2482 993 2548 in
1012 2507 1068 2550 suo
1096 2490 1251 2548 consulatu
1274 2484 1462 2558 subvertero,
1483 2496 1589 2547 contra
1618 2488 1716 2546 eollo-

300 2609 369 2671 gam
389 2588 532 2652 Catulum
555 2593 642 2654 civile
661 2596 801 2673 proelium
817 2597 911 2678 gessit
937 2603 968 2656 et
986 2595 1082 2658 victus
1106 2604 1156 2656 est.
1197 2593 1274 2654 Nam
1298 2592 1484 2675 congregatis
1506 2592 1562 2674 iis,
1581 2591 1615 2651 in
1636 2611 1717 2674 quo·
1757 2629 1760 2636 ·

301 2714 370 2754 rum
394 2701 589 2778 pouessioues
621 2721 715 2762 noros
747 2704 872 2763 colonos
891 2701 1009 2763 deruis
1033 2701 1181 2760 militibus
1201 2700 1281 2780 Syllai
1309 2699 1407 2761 victor
1420 2697 1562 2786 ¹inmisit,
1591 2718 1630 2759 ac
1653 2697 1717 2759 eibi

302 2806 475 2880 conjunctis
494 2801 594 2862 liberis
612 2807 872 2885 proscriptomm‚
900 2806 1055 2886 ingentem
1079 2804 1270 2883 congregarit
1287 2803 1465 2877 exercitum,
1487 2803 1661 2882 pollicendo
1691 2805 1717 2864 si

302 2908 454 2990 vicissent,
474 2928 504 2969 se
523 2907 605 2968 bona
627 2911 725 2990 petria
745 2911 931 2974 restiturum.

382 3015 465 3076 Plebi
486 3036 627 3100 quoque,
645 3019 749 3078 moltis
768 3016 946 3080 muneribus
965 3015 1087 3099 publico
1107 3015 1306 3098 privatimque
1326 3015 1461 3098 largitis,
1487 3032 1571 3076 carus
1590 3013 1715 3078 rideba-

189 3110 193 3117 ¹
303 3135 406 3186 turae
425 3121 552 3206 publicae
571 3123 716 3186 libertatis
734 3136 870 3187 auertor.
888 3124 947 3185 Sed
967 3127 1001 3184 in
1022 3123 1144 3185 Etruriae
1164 3126 1252 3182 litore
1270 3125 1431 3184 commisso
1459 3122 1569 3202 proelio
1588 3131 1717 3204 coeperat

302 3231 419 3312 lepidus
437 3253 497 3292 esse
516 3235 667 3316 superior,
695 3250 749 3316 per
774 3241 920 3292 armatam
941 3229 1168 3292 multitudinem
1189 3249 1255 3312 qun
1273 3226 1344 3290 odio
1363 3245 1463 3290 rerum
1485 3231 1665 3309 syllanarum
1686 3248 1716 3290 ss

302 3337 409 3419 Lepidi
428 3339 562 3421 partibus
582 3341 755 3422 applicaret.
795 3339 855 3400 Sed
875 3337 1035 3421 Pompeius
1057 3336 1095 3398 de
1116 3335 1216 3397 Gallia
1236 3335 1370 3412 rediens,
1389 3355 1453 3396 uon
1474 3354 1577 3418 passus
1595 3345 1639 3396 cst
1658 3333 1718 3395 Le-
1827 3348 1832 3355 '

302 3443 368 3524 pidi
388 3444 543 3506 audaciam
565 3467 635 3506 cum
664 3444 794 3528 publicis
823 3443 1013 3506 detrimentis
1040 3447 1166 3525 impune
1195 3441 1346 3504 bacchari.
1386 3441 1463 3501 Nam
1490 3442 1634 3524 fugientes
1654 3447 1717 3520 ejus

303 3551 404 3630 copias
425 3569 461 3610 oc
480 3571 510 3611 se
529 3553 719 3633 implicantes
737 3551 927 3612 subactione
945 3549 1115 3610 formidinis
1136 3550 1178 3610 ita
1198 3548 1359 3630 postravit,
1386 3555 1422 3608 ut
1448 3552 1560 3626 majore
1587 3565 1717 3610 numero

302 3658 486 3734 privatorio
503 3656 673 3717 Sardiniam
694 3659 879 3740 confugeret,
896 3665 932 3717 ut
950 3655 1097 3738 impedito
1115 3665 1288 3718 commeatu
1307 3656 1455 3736 populum
1476 3653 1648 3716 Romanum
1670 3655 1718 3714 la-

303 3764 410 3845 tigaret
428 3763 534 3842 inopia
554 3782 589 3823 ac
608 3782 676 3823 suas
694 3765 771 3826 vires
791 3763 879 3823 armis
898 3762 1053 3844 copiisque
1074 3771 1105 3822 et
1123 3763 1209 3822 omni
1228 3761 1430 3822 instrumento
1450 3761 1593 3822 reficeret.
1620 3759 1716 3842 sitque

302 3867 348 3927 ibi
366 3873 516 3930 contrario
535 3880 715 3951 promotore
735 3872 822 3932 variis
841 3871 955 3952 proeliis
974 3867 1169 3950 gravibusque
1189 3865 1336 3928 coossiait.
1356 3866 1433 3927 Nam
1454 3870 1645 3932 solertissime
1665 3875 1717 3926 tu-

207 3963 215 3978 ’
303 3973 396 4036 tando
419 3960 605 4056 provinciam
628 3972 745 4050 effecit,
765 3985 799 4036 ut
815 3973 921 4057 Lepidi
942 3975 1068 4034 consilia
1088 3993 1166 4040 vana
1186 3974 1294 4034 forent.
1315 3972 1456 4055 Undique
1475 3975 1554 4032 enim
1578 3968 1716 4054 prohibi·

304 4092 352 4142 tus
362 4091 393 4140 ct
407 4078 651 4140 munitionibusa
662 4083 827 4143 civitatium
840 4081 1059 4164 expugnatione
1069 4079 1211 4161 depulsus
1221 4079 1269 4158 (ee
1279 4099 1346 4162 sap.
1357 4079 1436 4156 lim),
1442 4079 1577 4160 nequivit
1585 4077 1716 4160 cogitatu

303 4159 459 4274 perticere}
469 4206 504 4248 ac
512 4187 586 4250 dum
594 4189 688 4250 multa
697 4197 792 4270 parat,
803 4185 911 4254 morbo
920 4187 1003 4270 gravi
1012 4185 1169 4304 obprespus
1177 4195 1357 4248 acmortuus
1365 4192 1418 4246 cst.
1431 4201 1462 4264 7.
1473 4181 1567 4264 Cujus
1577 4183 1674 4246 socius
1685 4189 1715 4246 et
