4050 5009
519 413 589 466 110

396 569 401 582 ⁴
514 595 604 650 eum
623 567 673 644 ab
693 584 829 646 senatu
849 567 989 656 missos..
1023 569 1094 645 Ille
1110 568 1178 644 ubi
1198 567 1361 673 accepit,
1386 563 1559 641 homines
1578 561 1719 649 claros,
1744 573 1916 658 quorum

513 692 781 800 auctoritatem
801 695 930 770 Romae
951 693 1101 796 pollere*
1115 691 1329 778 audiverat,
1353 706 1486 766 contra
1506 689 1703 790 inceptum
1719 705 1835 757 suum
1852 699 1916 748 ve-

477 831 486 840 ’
512 817 630 894 nisse:
668 817 793 922 primo
813 833 1022 895 commotas
1035 874 1045 907 ,
1058 881 1063 888 .
1076 832 1184 892 metu
1206 833 1321 918 ablue
1350 814 1525 889 lubidine
1548 812 1718 888 divorsus
1743 801 1917 908 agitaba-

514 955 586 1015 tur.
625 941 801 1018 Timebat
821 941 919 1016 iram
941 943 1120 1030 Senatus,
1146 941 1188 1015 ni
1213 939 1397 1043 paruisset
1419 939 1577 1044 legatis:
1611 959 1725 1040 porro
1759 928 1917 1003 animus

512 1065 695 1168 cupidine
712 1091 832 1141 caecus
850 1064 901 1140 ad
922 1065 1120 1167 inceptum
1139 1063 1258 1139 scelus
1280 1063 1459 1166 rapiebat
1493 1062 1599 1138 Vicit
1623 1077 1750 1134 tamen
1772 1054 1815 1128 in
1835 1049 1918 1126 avi-

512 1187 562 1265 do
582 1188 735 1292 ingenio
756 1215 918 1291 pravum
933 1188 1146 1263 consilium.
1197 1185 1337 1292 Igitur,
1351 1188 1519 1263 exercitu
1536 1181 1791 1269 circumdato,
1810 1203 1917 1252 sum-

512 1340 574 1386 ma
598 1312 637 1387 vi
654 1313 799 1387 Cirtam
827 1313 1040 1415 irrumpere
1068 1309 1208 1387 nititur
1216 1317 1234 1402 ,’
1256 1337 1432 1387 maxume
1453 1325 1631 1413 sperans,
1647 1305 1805 1381 diducta
1833 1327 1918 1376 ma-

511 1464 568 1514 nu
591 1435 780 1528 hostium,
799 1452 868 1512 aut
896 1437 954 1526 vi,
972 1453 1042 1510 aut
1064 1436 1177 1526 dolis,
1199 1462 1274 1510 sese
1301 1453 1430 1510 casum
1454 1432 1621 1508 victoriae
1653 1431 1916 1506 inventurum.

513 1561 630 1658 Quod
645 1562 713 1636 ubi
729 1587 834 1636 secus
849 1561 1023 1664 procedit
1054 1587 1195 1662 neque,
1225 1558 1329 1661 quod
1348 1557 1585 1647 intenderat,
1611 1557 1754 1630 efficere
1770 1565 1918 1654 potest,

511 1701 557 1764 ut
578 1685 703 1788 prius,
722 1712 840 1787 quam
854 1684 995 1787 legatos
1018 1683 1259 1772 conveniret,
1275 1681 1501 1757 Adherbalis
1526 1680 1737 1783 potiretur3
1759 1702 1808 1748 ne
1832 1701 1916 1746 am-

508 1808 611 1912 plius
629 1809 815 1884 morando
838 1809 1046 1895 Scaurum,
1074 1833 1189 1908 quem
1214 1805 1428 1908 plurimum
1444 1804 1653 1892 metuebat,
1675 1797 1916 1882 incendunt,

511 1959 601 2008 cum
629 1933 760 2035 paucis
789 1932 985 2034 equitibus
1016 1931 1057 2005 in
1084 1931 1322 2033 provinciam
1351 1930 1463 2004 venit.
1514 1932 1568 2003 Ac
1604 1923 1750 2000 tametsi
1783 1921 1917 1996 Sonati

510 2057 633 2133 verbis
658 2083 784 2161 graves
807 2056 924 2130 minae
954 2053 1262 2143 nunciabantur,
1292 2054 1396 2156 quod
1431 2053 1480 2126 ab
1512 2047 1802 2155 oppugnatione
1832 2072 1916 2120 non

510 2180 719 2273 desisteret3
743 2179 867 2253 multa
893 2194 1021 2252 tamen
1042 2177 1216 2251 oratione
1253 2193 1473 2265 consumta,
1498 2175 1609 2280 legati
1625 2175 1765 2250 frustm
1780 2171 1917 2263 disces-

465 2326 598 2384 atsere.
649 2305 706 2378 Ea
734 2320 939 2406 postquam
968 2302 1082 2376 Cirtae
1108 2301 1238 2375 audita
1264 2316 1377 2390 suut,
1403 2299 1550 2389 Italici,
1577 2327 1744 2403 quorum
1771 2301 1916 2376 virtute

512 2426 657 2502 moenia
690 2426 1009 2514 defensabantur,
1035 2424 1194 2514 confisi,
1218 2423 1415 2499 deditione
1439 2424 1558 2513 sacta,
1582 2441 1739 2528 propter
1763 2427 1915 2530 magni-

514 2552 689 2627 tudinem
708 2549 844 2653 populi
860 2550 1022 2623 Romani
1044 2548 1243 2624 inviolatos
1274 2575 1349 2622 sese
1375 2548 1474 2637 fore,¹
1500 2547 1708 2622 Adherbali
1725 2535 1916 2638 suadent,

513 2675 573 2749 oti
594 2699 707 2778 seque
726 2689 764 2750 et
788 2673 975 2778 oppidum
995 2671 1191 2779 Iugurthae
1213 2673 1355 2748 tradat:
1382 2687 1534 2748 tantum
1561 2673 1675 2748 abeo
1703 2673 1821 2750 vitam
1847 2703 1915 2780 pa·

512 2881 585 2950 quot
594 2869 675 2932 Cort.
695 2871 796 2945 Rus.
816 2872 889 2934 dein
898 2872 983 2933 Fabr.
994 2895 1019 2934 ι.
1033 2875 1140 2956 aliique
1149 2875 1315 2938 vetustiores
1328 2870 1474 2933 mediaret.
1490 2873 1585 2934 Strar.
1601 2869 1651 2932 dc.
1664 2874 1794 2953 prinram
1804 2893 1913 2933 mmm.

512 2975 574 3042 aa.
589 2976 617 3047 4.
637 2977 714 3054 Τιπ.Ι
727 2979 858 3059 rapiebat
877 2979 945 3040 Nea.
957 2978 1076 3040 Corum.
1086 2981 1173 3061 pauci
1184 2978 1307 3038 exCort.
1328 2976 1409 3038 Leid.
1422 2981 1445 3036 1.
1464 2977 1619 3041 duona-ii.
1635 2978 1801 3058 rapiebatur
1816 2981 1915 3038 ceteri.

511 3083 554 3142 od
569 3081 628 3143 iae.
642 3083 832 3144 eclaaadaan
851 3084 958 3144 Bestia.
978 3084 1068 3148 Palm.
1086 3094 1115 3144 et
1129 3084 1259 3165 quinquo
1276 3083 1390 3145 Wassii.
1411 3085 1544 3154 ‚deducta
1571 3079 1667 3142 Gueli.
1685 3085 1714 3155 4.
1729 3107 1756 3166 7.
1777 3105 1823 3143 ιο.
1843 3085 1914 3148 vin.

513 3208 540 3247 2.
570 3187 621 3248 bc.
643 3189 742 3248 Heaas.
762 3189 859 3252 Senat.
875 3209 902 3254 2.
923 3191 1019 3254 Strur.
1043 3190 1144 3248 ineert.
1162 3209 1187 3246 1.
1208 3191 1305 3269 plures
1318 3188 1398 3248 Laid.
1418 3185 1480 3248 Bes.
1493 3189 1521 3260 4.
1543 3188 1628 3248 Bern.
1644 3211 1669 3248 1.
1690 3191 1781 3249 dacto
1800 3189 1883 3248 Leid.
1895 3193 1914 3253 Ι.

508 3291 571 3354 Bas
586 3314 611 3351 r.
632 3313 753 3353 eausam
767 3293 897 3355 olitoria
917 3292 1015 3352 Gauii.
1032 3313 1057 3357 1.
1070 3313 1097 3352 2.
1117 3293 1185 3352 Ser.
1198 3313 1221 3349 ι.
1242 3291 1325 3352 Rem.
1337 3313 1363 3351 1.
1384 3291 1551 3354 Adherbale
1559 3303 1621 3374 pot.
1641 3294 1773 3354 Guelf.r.
1786 3295 1815 3366 4.
1827 3317 1855 3376 7.
1871 3317 1915 3360 ιι.

508 3397 713 3478 δίιυνζλοεᾶ.
725 3419 832 3458 m.sec.
853 3397 913 3462 inc.
925 3418 951 3461 1.
973 3405 1076 3461 Fraac.
1097 3396 1176 3456 Vrat.
1189 3417 1217 3455 2.
1238 3393 1435 3456 Adherbalem
1456 3397 1554 3458 Guelf.
1567 3420 1597 3478 9.
1615 3409 1643 3458 et
1657 3400 1688 3456 in
1708 3401 1839 3481 quinqua
1854 3413 1914 3462 vet.

508 3501 605 3562 Codd.
625 3523 699 3584 quos
717 3503 833 3566 Vossius
848 3502 981 3582 inspexit.
1028 3499 1205 3562 Adherbalis
1233 3511 1338 3579 praetrr
1363 3513 1471 3560 cetoros
1494 3502 1583 3564 iibros
1599 3504 1695 3564 firmat
1719 3505 1804 3566 Prisc.
1819 3507 1866 3566 18.
1887 3528 1913 3567 c.

509 3608 559 3667 25.
580 3630 610 3688 p.
623 3628 691 3688 ²²9·
718 3606 773 3666 Ed.
790 3607 843 3666 Kr.
861 3616 993 3666 attamen
1009 3606 1063 3666 etsi
1081 3607 1148 3666 Sca.
1170 3626 1198 3664 2.
1219 3605 1332 3670 Vratisl.
1346 3625 1375 3664 2.
1396 3604 1483 3666 minoe
1495 3627 1580 3686 grae.
1608 3605 1666 3667 hoc
1678 3609 1782 3670 ordine
1797 3609 1864 3671 Rir.
1881 3627 1914 3670 ex

509 3710 607 3771 Codd.
628 3713 844 3792 quodoppugn.
866 3711 1014 3772 Commel.
1036 3729 1112 3770 uuus
1125 3709 1212 3772 ltivii.
1232 3709 1313 3770 Laid.
1327 3712 1349 3771 f.
1363 3732 1394 3771 n.
1410 3712 1531 3790 frustra
1551 3712 1628 3772 delet
1646 3713 1728 3774 teta.
1742 3735 1769 3780 a.
1791 3713 1870 3776 Vrat.
1887 3737 1910 3780 r.

589 3837 665 3921 βαρ.
680 3841 728 3905 26.
749 3839 822 3900 Itali
840 3840 925 3905 Fabr.
943 3861 969 3900 ι.
997 3839 1077 3901 Vrat.
1092 3860 1117 3898 ι.
1143 3839 1212 3899 Sea.
1234 3859 1260 3898 ι.
1281 3837 1380 3898 Guelf.
1393 3859 1422 3898 2.
1443 3859 1526 3918 sequa
1540 3849 1567 3900 at
1584 3840 1723 3920 oppilata
1743 3845 1784 3903 ita
1803 3845 1909 3926 optimi

506 3945 586 4007 libri.
605 3964 716 4024 measse
732 3952 762 4006 at
779 3965 827 4024 op.
848 3944 931 4006 litui.
945 3966 971 4004 ι.
992 3944 1128 4026 Gueifi7.
1146 3961 1177 4002 se
1195 3951 1222 4002 ct
1235 3963 1281 4023 op.
1298 3943 1402 4004 Franc.
1417 3953 1446 4003 et
1467 3943 1566 4004 Guelf.
1589 3965 1635 4005 ιι.
1652 3965 1737 4026 uque
1756 3949 1910 4029 appidtmt-

481 4101 484 4104 ,
507 4071 562 4129 que
581 4048 739 4113 Gradiuo.
759 4068 816 4110 seso
829 4058 857 4108 et
870 4070 934 4130 opp.
953 4048 1006 4110 Ac.
1026 4050 1126 4110 inan.
1147 4049 1280 4108 tandm
1297 4047 1384 4107 Fabr.
1399 4071 1427 4108 r.
1446 4047 1515 4131 Teg.
1536 4068 1682 4111 camme
1702 4049 1788 4118 Febr.
1801 4075 1828 4113 1.
1842 4053 1911 4135 Teg.

506 4155 618 4215 Tum.
639 4163 739 4215 maen
752 4154 832 4233 quis.
849 4163 1023 4214 tamcaom.
1039 4152 1155 4212 Fabrie.
1168 4171 1199 4212 2.
1229 4153 1257 4213 si
1271 4153 1479 4214 adversaretur
1503 4153 1616 4215 Fabric.
1636 4175 1662 4215 1.
1682 4165 1712 4216 et
1726 4177 1804 4218 unus
1823 4157 1908 4219 Rivii.

506 4263 577 4324 aad.
590 4259 781 4340 fuitfruit
804 4261 891 4322 malti
906 4259 975 4320 libri
999 4259 1147 4321 deterioris
1179 4268 1255 4319 note
1264 4299 1275 4335 ,
1293 4260 1380 4320 etiam
1399 4258 1467 4342 Τις.
1486 4259 1556 4320 Tur.
1578 4237 1660 4321 Febr.
1678 4281 1703 4323 a.
1724 4283 1766 4322 m.
1779 4281 1834 4328 tec.
1854 4262 1909 4342 1'ga'·
