4050 5009
412 393 475 442 vm

414 545 585 651 primum
598 544 639 621 in
649 544 723 622 hoc
737 546 905 621 multum
919 544 1036 621 studii
1047 545 1246 635 consumsi,
1260 562 1305 620 ut
1317 545 1461 647 ubique
1474 544 1639 647 genuina
1648 546 1811 620 auctoris

413 670 543 758 verba,
564 668 685 743 nimio
709 667 939 744 emendandi
951 668 1078 743 studio
1090 667 1231 757 deleta,
1249 668 1493 743 restituerem.
1520 668 1635 764 Quod
1647 668 1750 743 enim
1771 668 1812 744 in

413 790 554 868 ceteris
574 792 719 867 artibus
741 791 935 895 literisque
947 807 1079 894 optare
1092 791 1271 879 solemus,
1297 806 1342 864 nt
1358 789 1454 892 quid
1468 789 1620 892 antiqui
1631 790 1753 864 critici
1766 791 1813 865 de

414 914 458 989 iis
472 915 690 1003 statuerint,
709 915 819 989 nobis
832 931 1069 1017 compertum
1079 913 1145 1006 sit3
1156 914 1196 989 id
1212 913 1335 989 nescio
1345 970 1354 1003 ,
1366 940 1417 987 an
1427 914 1588 989 Salustio
1601 913 1813 1018 plurimum

413 1036 546 1112 damni
568 1037 748 1113 attulerit
784 1040 882 1113 Cum
895 1038 999 1113 enim
1010 1036 1093 1110 fieri
1108 1063 1186 1110 non
1202 1052 1343 1139 posset,
1360 1036 1456 1137 qum
1469 1036 1738 1124 Grammatici,
1752 1038 1814 1111 Sa-

414 1159 623 1236 lustianum
636 1159 789 1236 dicendi
801 1187 968 1265 genus,a
982 1160 1130 1264 vulgari
1147 1160 1331 1262 loquendi
1348 1159 1622 1235 consuetudine
1636 1148 1815 1285 alieniso}

412 1312 539 1376 mum,
564 1282 699 1388 saepius
721 1300 922 1375 notarent,
946 1311 1037 1359 cum
1060 1284 1135 1357 alia
1158 1282 1296 1372 multa,
1316 1299 1399 1356 tum
1414 1284 1607 1358 brevitatis
1625 1309 1714 1358 eum
1736 1301 1814 1358 stu-

413 1408 666 1483 diosissimum
693 1406 805 1482 fuisse
832 1405 1064 1481 iudicarunt
1108 1404 1154 1480 Id
1178 1405 1282 1508 quod
1312 1406 1560 1509 arripuerunt
1591 1407 1814 1483 recentiores

414 1530 655 1637 interpretes,
681 1546 797 1632 atque
817 1528 892 1604 hoo
914 1556 1055 1617 unum,
1081 1544 1267 1631 tanquam
1287 1530 1421 1605 iudicii
1439 1556 1615 1605 normam
1632 1530 1812 1635 amplexi,

413 1653 562 1729 urendo
584 1671 699 1755 atque
716 1652 878 1727 secando
898 1652 1067 1753 priscum
1083 1652 1304 1727 Salustionoe
1324 1653 1504 1729 orationis
1527 1654 1691 1729 nitorem
1710 1652 1814 1729 resti·

415 1793 521 1852 tuere
544 1776 617 1850 sibi
635 1776 703 1849 visi
724 1791 823 1849 sunt.
857 1775 1001 1849 Multos
1022 1775 1196 1878 quidem,
1220 1792 1259 1850 et
1274 1777 1461 1880 imprimis
1483 1776 1711 1869 Gruterum,
1734 1803 1814 1852 non

414 1900 530 2002 fugit,
553 1901 687 2001 saepius
712 1896 819 1972 aliud
845 1897 1053 2000 quicquam
1076 1925 1193 2000 qnam
1219 1899 1441 1974 brevitatem
1476 1915 1670 1974 auctorem
1694 1898 1813 1974 videri

349 2051 352 2058 ’
378 2018 383 2027 ’
414 2047 488 2097 esse
505 2038 697 2125 secutum3
723 2019 857 2116 (verba
875 2022 979 2095 enim
992 2022 1109 2124 magis
1123 2019 1173 2095 ad
1195 2022 1466 2123 compendium
1484 2014 1677 2112 conferre,
1697 2048 1814 2124 quam

414 2144 596 2218 Salustius
615 2142 722 2232 fecit,
747 2140 854 2216 haud
875 2142 928 2215 ita
946 2142 1076 2245 magni
1097 2158 1151 2217 est
1169 2143 1332 2246 negotii)
1349 2174 1359 2237 ;
1381 2142 1421 2218 id
1443 2170 1530 2219 vero
1552 2144 1716 2219 aliorum
1737 2170 1815 2217 ma-

413 2267 590 2369 ximeque
608 2264 727 2340 Cortii
749 2264 949 2338 audaciam
967 2291 1047 2339 non
1069 2266 1261 2367 repressit,
1277 2266 1375 2368 quin
1397 2253 1520 2340 multa
1540 2252 1717 2341 licentius
1747 2294 1815 2339 au-

417 2390 561 2466 derent
579 2387 650 2490 llle
660 2386 781 2474 enim,
807 2386 981 2461 omnium
998 2388 1150 2464 Salustii
1164 2388 1418 2492 interpretum
1429 2405 1467 2463 et
1481 2390 1624 2493 ingenii
1640 2388 1816 2464 acumine

415 2529 453 2589 et
486 2509 701 2587 eruditione
726 2508 836 2584 facile
863 2509 1059 2613 princeps,
1084 2510 1152 2612 qui
1173 2536 1274 2585 unus
1293 2508 1388 2586 huic
1412 2512 1560 2587 auctori
1592 2511 1678 2615 plus
1703 2512 1816 2586 lumi·

415 2634 475 2709 nis
497 2634 629 2708 attulit
661 2659 779 2735 quam
798 2634 911 2708 ceteri
929 2658 1074 2722 omnes,
1099 2632 1206 2710 haud
1222 2661 1325 2723 raro,
1349 2632 1477 2709 lurore
1503 2634 1672 2736 quodam
1691 2662 1824 2709 emen--

419 2757 539 2833 dandi
551 2757 754 2860 abreptus,
776 2770 909 2829 contra
923 2756 1157 2856 optimorum
1172 2756 1639 2847 codicumauctoritatem‚
1662 2757 1817 2831 bonaeet

417 2882 571 2955 sincerae
590 2877 782 2985 vetustatis
796 2878 910 2954 verba
930 2894 1110 2980 corrupta
1126 2876 1282 2969 habuit,
1309 2880 1349 2953 in
1365 2879 1646 2955 dubitationem
1663 2881 1816 2971 vocavit,

417 3003 563 3078 delevit
588 3001 846 3083 Nihilominus
866 3016 993 3075 tamen
1011 3001 1235 3076 recentiores
1252 3002 1490 3105 interpretes,
1510 3002 1541 3076 si
1559 3004 1724 3105 apaucis
1743 3005 1817 3081 dis-

417 3126 590 3215 cesseris,
625 3125 753 3200 omnia
776 3123 880 3198 illius
909 3123 1081 3213 inventa,
1107 3140 1293 3225 tanquam
1321 3152 1367 3200 ex
1386 3125 1573 3229 Apollinis
1601 3154 1666 3202 ora
1691 3128 1816 3217 missa,

417 3249 580 3325 retinere
611 3263 649 3322 et
672 3246 870 3350 saepissime
888 3244 1122 3349 optimorum
1141 3245 1325 3322 Codicum
1349 3250 1613 3323 auctoritatem
1634 3250 1820 3325 deserere,

418 3399 535 3475 quam
561 3369 678 3445 Cortii
709 3369 943 3443 coniecturas
975 3368 1189 3443 accuratius
1215 3370 1431 3445 examinare
1463 3372 1691 3467 maluerunt.
1732 3377 1813 3449 Hoc

370 3498 379 3513 ‘
415 3496 523 3587 enim
546 3494 608 3580 lit,
643 3507 688 3566 ut
709 3519 798 3565 cum
827 3492 912 3592 (piis
933 3490 1133 3565 excellenti
1158 3491 1312 3595 ingenio
1334 3516 1423 3569 voce
1454 3497 1660 3597 praeiverit,
1684 3498 1819 3589 ceteri,

420 3616 517 3691 alius
536 3616 657 3689 alium
675 3632 860 3715 tanquam
872 3613 1159 3717 prudentiorem
1170 3615 1306 3704 secuti,
1331 3617 1373 3690 in
1385 3616 1488 3692 illius
1505 3620 1635 3707 verba,
1660 3635 1818 3695 utsum-

420 3740 475 3814 mi
488 3738 669 3842 magistri,
698 3738 823 3812 iurare
844 3727 925 3812 non
938 3736 1127 3812 dubitent.
1164 3738 1293 3834 Quare
1312 3736 1371 3813 vel
1394 3757 1522 3842 aperte
1536 3740 1628 3815 falsa
1644 3757 1817 3816 constan-

422 3878 480 3937 ter
500 3861 699 3936 retinendo
730 3876 884 3935 tantum
912 3858 1146 3935 auctoritatis
1176 3859 1222 3933 iis
1240 3860 1466 3951 adstruunt,
1489 3878 1534 3937 ut
1562 3865 1630 3964 qui
1659 3865 1818 3968 antiqua

421 3999 460 4058 et
492 3984 658 4087 genuina
689 3982 917 4072 restituerit,
951 3982 1171 4057 temerarius
1202 3980 1360 4057 dicatur.
1411 3986 1543 4059 Tantae
1568 3988 1819 4090 interpretum

422 4106 566 4183 levitati
597 4124 710 4208 atque
732 4104 1061 4181 inconsiderantiae
1083 4122 1130 4180 ut
1156 4105 1306 4182 obviam
1331 4108 1444 4199 irem,
1471 4110 1648 4184 lectiones
1669 4110 1818 4185 varian-

423 4244 497 4320 tes,
535 4256 583 4307 ex
603 4228 787 4334 plurimis.
800 4229 1016 4322 codicibus,
1056 4244 1124 4307 aut
1145 4228 1194 4305 ab
1215 4228 1298 4306 aliis
1320 4248 1387 4308 aut
1409 4259 1432 4308 a
1461 4233 1624 4338 meipso
1650 4232 1816 4323 collatis,
