4050 5009
1613 376 1674 425 xxt

272 540 377 645 qiaod
403 538 603 645 saepissime,
623 536 796 616 Editoret
820 535 1044 645 Bipontinos
1072 552 1220 613 secutas
1246 551 1320 625 est,
1346 558 1440 637 quos
1468 530 1675 608 Salustium

272 684 312 741 et
332 665 510 739 Tacitum
530 688 707 739 maxume
728 662 937 765 corrupisse
955 660 1043 738 satis
1067 677 1221 737 constat
1247 661 1286 759 ²5³)
1528 668 1530 675 ’

368 790 587 864 Bosileensis
603 789 634 861 I.
660 787 723 883 (tt.
738 787 802 859 ltt
823 788 872 885 7.)
890 785 1011 863 forma
1022 786 1206 891 oblonga,
1222 784 1354 861 litteris
1367 778 1677 888 Langobardicit,
1760 820 1773 841 ·

271 938 366 1014 quas
383 912 536 1002 dicunt,
552 926 743 1001 exaratus,
763 908 916 1012 optimoe
934 926 1086 986 notaret
1105 909 1387 1011 antiquissimus
1405 906 1549 995 codex,
1562 931 1678 1007 quem

274 1036 535 1140 Guudlingius
552 1034 844 1138 Carolingorum
864 1057 957 1123 aevo,
982 1034 1112 1109 lselius
1133 1060 1236 1108 nono
1257 1033 1313 1107 vel
1330 1047 1430 1107 certe
1444 1031 1593 1107 decimo
1613 1054 1679 1106 sat·

273 1160 361 1233 culo
380 1161 567 1263 scriptum
585 1186 661 1235 esse
684 1157 878 1244 iudicavit,
917 1158 1125 1261 Inscriptus
1144 1174 1200 1232 est
1226 1159 1284 1231 Cr.
1302 1158 1480 1233 otiositas
1505 1158 1552 1229 de
1575 1154 1680 1230 bellis·

275 1284 430 1361 Catilina
446 1302 481 1359 et
501 1286 678 1384 Ingnrtlae
699 1281 745 1355 G.
777 1282 1018 1359 LXXXXVI.
1044 1281 1193 1355 addidit
1220 1281 1260 1355 in
1288 1281 1412 1384 prima
1438 1280 1577 1383 pagina
1601 1302 1680 1353 ma·

273 1432 346 1480 nus
370 1407 576 1481 recentior:
602 1405 711 1481 Liber
731 1406 1020 1507 Cortltagtoinus
1039 1412 1077 1479 in
1098 1408 1257 1495 Basilio,
1275 1410 1485 1504 perveniens
1509 1432 1540 1477 α.
1559 1404 1593 1477 d.
1616 1403 1680 1477 Io·
1786 1404 1790 1413 “

272 1534 396 1607 limine
413 1532 461 1607 de
486 1530 648 1630 Lcnride,
671 1529 858 1631 corfiotre
885 1548 1029 1613 nostro,
1057 1534 1243 1603 continens
1266 1529 1461 1604 Slrlnstium
1493 1528 1540 1601 de
1578 1527 1681 1601 bellis

277 1656 433 1733 Cosinto
447 1674 482 1731 et
496 1657 682 1755 Iugurtha
707 1657 754 1728 In
772 1652 891 1729 altera
909 1652 1052 1758 pagiua
1067 1652 1151 1727 folii
1168 1652 1284 1756 primi
1299 1680 1421 1756 panca
1438 1652 1486 1727 de
1503 1676 1682 1755 compen·

277 1778 350 1852 diis
369 1779 580 1882 scripturae,
595 1803 642 1851 ex
656 1774 798 1851 Isidoro
813 1778 1010 1881 exscripta,
1032 1777 1219 1882 leguntur.
1246 1779 1383 1850 Insunt
1405 1776 1527 1851 multa
1549 1776 1683 1852 veteris

279 1900 562 2007 orthographiae
580 1900 750 2005 vestigia,
772 1900 838 2007 sed
864 1901 1001 2005 saepius
1021 1928 1042 1974 a
1072 1902 1291 1977 correctoris
1313 1900 1464 2001 antiqui
1481 1926 1600 1974 manu
1624 1924 1682 1974 re-

275 2026 433 2103 stituta:
459 2055 491 2100 v.
517 2053 548 2099 c.
571 2026 763 2127 intellego,
788 2026 964 2125 neglego,
991 2020 1240 2123 neglegentia,
1266 2031 1422 2125 ageratos,
1449 2029 1687 2113 occursantis,

277 2155 379 2225 raonis
403 2148 501 2246 (acc.
518 2148 635 2252 plur.)
660 2149 737 2232 dis,
763 2154 860 2250 qun,
893 2146 1081 2249 (quibus)
1111 2148 1242 2230 isdem,
1277 2149 1429 2249 volgus,
1459 2150 1558 2233 volt,
1578 2173 1683 2223 oron

276 2291 367 2361 tere,
390 2274 527 2351 divorsi
534 2329 544 2356 ,
569 2272 807 2354 iocundiora,
832 2272 1125 2360 cotidie,coens‚
1153 2274 1283 2357 miehi,
1308 2290 1459 2355 estorno,
1482 2277 1682 2359 existumo*²

278 2398 482 2477 tournines.
508 2395 653 2483 lubido,
673 2423 882 2495 proxumo,
903 2395 1101 2497 faciundi,
1133 2393 1287 2481 boccan,
1313 2394 1545 2479 nrlulesoens,
1580 2413 1684 2493 optu-

279 2549 378 2606 mus,
392 2548 602 2605 monumen,
616 2521 811 2621 finitione,
831 2538 1018 2619 temptare,
1037 2544 1245 2607 accersere,
1257 2518 1383 2618 plebes
1398 2534 1437 2593 et
1446 2520 1567 2617 pleps,
1582 2523 1684 2623 quie·

278 2644 567 2749 quid‚·prcesidi
590 2643 695 2749 (gen.
715 2643 824 2747 sing.)
848 2643 983 2717 Rarius
1005 2668 1111 2717 voces
1132 2642 1185 2717 ita
1206 2644 1374 2747 scriptae,
1390 2659 1436 2717 ut
1456 2641 1684 2745 etymologia
1741 2659 1743 2669 ’

196 2797 201 2806 ’
280 2770 545 2874 exprimatur:
579 2768 757 2859 adlendo,
794 2766 963 2850 adsedit,
995 2764 1144 2839 inbecill
1181 2820 1190 2850 ,
1226 2768 1428 2869 adrogant,
1470 2768 1628 2840 iniectio.
1662 2762 1688 2836 Ιι

279 2893 412 2968 littera
442 2890 556 2966 modo
587 2892 758 2979 sublata,
776 2890 890 2965 modo
911 2888 1064 2985 addita3
1097 2894 1342 2977 coheredum,
1375 2894 1536 2977 harena,
1574 2894 1686 2965 laone·

279 3025 334 3101 ri,
359 3023 539 3101 istriones,
564 3034 725 3105 ortator,·
752 3014 932 3117 leguntur
953 3042 1107 3119 quoque
1130 3015 1312 3114 daurom,
1341 3034 1570 3113 contempno,
1598 3040 1686 3089 eon-

276 3136 515 3241 'denurnutam
541 3153 620 3213 eet
645 3166 692 3212 ae
710 3138 911 3240 saepissime
928 3154 1095 3229 mutata3
1119 3166 1173 3221 m,
1209 3164 1271 3217 ut.
1295 3166 1339 3213 ur
1369 3139 1411 3213 in
1441 3138 1517 3212 fine
1549 3164 1685 3212 vocum

283 3293 352 3370 per
377 3262 602 3367 compendia
623 3262 781 3365 scripta;
805 3261 854 3334 ab
870 3261 982 3334 initio
1003 3258 1086 3335 haeo
1104 3288 1258 3365 qnoque
1279 3278 1501 3337 occurrunt:
1525 3265 1589 3335 noi
1601 3259 1687 3357 (no-

284 3391 369 3487 stri)
382 3390 449 3489 gla
464 3386 631 3490 (gloria)
658 3402 696 3459 et
717 3384 757 3458 id
779 3410 896 3489 genus
916 3384 1000 3457 aliu.
1035 3384 1175 3457 Glosseo
1188 3385 1445 3459 interlineares
1467 3384 1569 3459 etad
1587 3410 1688 3481 mar·

278 3509 621 3617 ‚ginemadscriptae
642 3510 834 3581 rhetorem
856 3506 1023 3609 aliquem
1045 3507 1233 3581 inferioris
1250 3508 1319 3583 aevi
1340 3508 1504 3611 sapiunt
1529 3488 1688 3611 Aliquo·

283 3638 351 3711 ties
368 3634 482 3709 etiam
502 3632 630 3735 glossoe
647 3630 764 3733 ipsius
788 3630 953 3704 auctoris
973 3628 1095 3705 verbis
1110 3629 1359 3733 interpositae,
1382 3658 1506 3735 neque
1524 3633 1688 3735 optimos

278 3758 434 3833 Salustii
447 3755 602 3831 Codioes
616 3752 743 3856 glossis
758 3780 894 3827 vacuos
914 3778 990 3827 esse
1016 3752 1238 3857 putaverint
1274 3754 1353 3829 Sub
1377 3752 1492 3830 finem
1509 3756 1601 3831 belli
1625 3758 1688 3831 lu·

341 3938 369 4040 i)
392 3954 714 4020 calamentum
732 3956 829 4038 nino
847 3954 996 4027 ranam,
1031 3956 1279 4036 quittamus„
1299 3961 1471 4034 omniun,
1484 3962 1522 4021 tu
1543 3958 1689 4021 ioanni.

279 4112 303 4143 ,‚
315 4069 362 4146 a.)
383 4088 415 4125 u.
431 4066 520 4146 5758.
559 4061 611 4141 t.)
642 4061 732 4143 5742.
753 4060 791 4121 x,
812 4063 916 4119 saeculo
936 4061 1041 4119 exarati
1060 4062 1294 4123 essevideutur..
1326 4062 1370 4141 e.)
1388 4066 1478 4124 6085.
1518 4065 1572 4142 d.)
1596 4066 1688 4128 6086.

279 4174 377 4233 seculi
390 4172 444 4231 Xl.
464 4168 542 4229 libri.
562 4166 606 4245 e.)
628 4165 721 4231 6088..
737 4166 776 4225 iul
796 4164 884 4223 xltt.
897 4184 961 4222 seo.
979 4168 1069 4247 vulgo
1090 4167 1227 4225 referunt.
1250 4165 1344 4227 Ceteri
1366 4168 1494 4227 eiusdem
1520 4167 1687 4231 Bibliothe-

278 4298 322 4340 a
341 4274 464 4338 Codices
482 4276 673 4345 attentiores,
693 4281 780 4351 atquo
799 4268 873 4329 adeo
896 4266 996 4347 (sici)
1019 4271 1132 4333 levioris
1151 4272 1331 4331 auctoritatis
1347 4277 1452 4332 sunt.”
