4050 5009
209 589 290 648 sent
323 579 473 658 Interea
490 581 638 657 servitia
661 581 905 686 repudiabat,
929 583 1039 661 cuius
1058 583 1170 660 initio
1190 581 1240 660 ad
1259 607 1347 660 eum
1361 603 1507 688 magnae
1533 607 1596 660 co-

205 697 271 797 pie
290 703 593 798 concurrebant,
629 707 765 811 opibus
795 708 1072 785 coniurationis
1099 709 1241 802 fretus3
1276 707 1390 783 simul
1424 707 1596 783 alienum

205 821 273 896 suis
295 824 509 902 rationibus
526 829 772 922 existumans,
797 831 918 908 rideri
940 857 1108 908 caussam
1135 833 1276 908 civium
1299 859 1388 908 uum
1399 831 1511 908 serris
1536 829 1598 904 lu·

204 944 318 1047 gitiris
342 953 683 1031 communicavisse.
717 955 790 1030 Sed
808 973 1011 1060 postquam
1030 956 1073 1030 in
1095 972 1215 1032 castra
1234 957 1395 1032 nuntius
1415 954 1596 1060 pervenit,
1607 945 1644 1028 ⁵7

203 1070 323 1146 Romae
341 1075 647 1152 conituutionem
669 1077 918 1182 patefactam
953 1080 1001 1155 de
1022 1081 1204 1170 Lentulo,
1239 1077 1421 1185 Cethego,
1444 1077 1596 1154 ceteris·

204 1219 291 1296 que,
310 1223 405 1300 quos
429 1225 543 1303 supra
565 1201 788 1292 memoravi,
811 1203 1045 1307 supplicium
1065 1220 1276 1309 sumptum:
1300 1203 1492 1306 plerique,
1505 1223 1599 1303 quos

203 1317 248 1392 ad
280 1320 426 1396 bellum
452 1348 534 1427 spes
556 1325 783 1427 rapinarum
815 1343 885 1401 aut
906 1353 1093 1402 novarum
1120 1353 1249 1404 rerum
1277 1326 1448 1402 studium
1471 1324 1598 1402 illexe-

203 1459 275 1532 rat,
299 1443 552 1524 dilabuntur:
576 1448 742 1552 reliquos
761 1450 926 1525 Catilina
947 1477 1017 1554 per
1035 1467 1182 1526 montes
1202 1475 1349 1555 asperos
1370 1448 1515 1554 magnis
1538 1445 1599 1522 iti·-

203 1567 351 1642 neribus
374 1569 417 1644 in
436 1597 571 1674 agrum
587 1572 849 1648 Pistoriensem
868 1573 1045 1668 abducit5
1070 1599 1114 1650 eo
1136 1573 1312 1662 consilio,
1337 1572 1403 1646 uti
1425 1599 1494 1676 per
1525 1585 1600 1644 tra-

203 1691 306 1766 mites
322 1691 470 1768 occulte
489 1693 732 1800 perfugerant
753 1697 794 1771 in
817 1697 987 1772 Galliam
1008 1697 1342 1800 (Transalpinam)
1374 1700 1425 1770 At
1446 1695 1492 1790 Q:
1520 1695 1600 1768 Me

205 1815 311 1890 tellus
328 1816 437 1892 Celer
454 1844 544 1892 cum
563 1819 684 1894 tribus
707 1818 920 1924 legionibus
941 1821 983 1896 in
1003 1847 1095 1925 agro
1115 1821 1262 1910 ,Piceno
1286 1817 1530 1925 praesidebat,
1553 1844 1600 1892 ex

203 1937 421 2014 difficultate
449 1967 578 2017 rerum
610 1941 741 2017 eadem
774 1943 840 2016 illa
864 1944 1114 2034 existumans,
1151 1969 1237 2046 quae
1265 1969 1380 2046 supra
1408 1941 1598 2030 diximus,

204 2063 405 2140 Catilinam
422 2063 572 2170 agitare.
604 2065 743 2170 Igitur,
769 2067 837 2140 ubi
854 2067 927 2141 iter
949 2068 1091 2142 eiusex
1108 2064 1273 2172 perfugis
1300 2065 1495 2172 cognovit,
1521 2089 1599 2138 aas

204 2203 256 2260 tra
284 2214 447 2292 propere
477 2189 597 2264 movit
620 2215 665 2264 uc
685 2190 757 2264 sub
783 2190 871 2293 ipsis
893 2190 1084 2266 radicibus
1105 2189 1296 2265 montium
1314 2187 1499 2277 consedit,
1519 2213 1597 2288 qua
1629 2239 1632 2244 -

203 2310 256 2384 illi
273 2311 468 2386 descensus
484 2327 566 2386 erat
585 2312 627 2386 in
647 2311 816 2388 Galliam
832 2314 1064 2418 properanti.
1099 2315 1230 2414 Neque
1262 2329 1388 2388 tamen
1407 2310 1597 2384 Antonius

203 2436 333 2538 procul
350 2436 504 2510 aberat:
531 2450 664 2540 utpote
680 2437 749 2540 qui
766 2464 906 2540 magno
926 2436 1126 2526 exercitu,
1138 2436 1228 2512 locis
1242 2434 1471 2539 aequioribus
1488 2459 1597 2536 expe·

202 2634 296 2695 Reuss
316 2635 383 2695 Seu.
396 2653 425 2693 2.
445 2633 508 2692 Bas.
522 2653 548 2692 2.
561 2633 591 2694 6.
611 2631 707 2692 Guell.
720 2633 748 2694 3.
768 2633 837 2714 Teg.
860 2633 944 2693 Paris.
959 2656 985 2693 e.
1012 2631 1082 2698 Tur.
1100 2654 1124 2692 ι.
1146 2655 1186 2700 m.
1198 2657 1243 2716 pr.
1270 2635 1338 2700 Tor.
1352 2656 1379 2700 2.
1408 2653 1532 2713 magnas
1546 2653 1609 2692 co*

201 2742 261 2819 pios
279 2739 514 2806 om.Guelt⁴.11.
534 2739 603 2822 Teg.
623 2759 749 2817 magrms
765 2759 822 2799 sesa
841 2739 933 2799 Marlr.
947 2753 983 2801 Λ.
1003 2759 1145 2818 magnum
1156 2741 1271 2820 copiam
1290 2743 1349 2800 inc.
1367 2761 1392 2799 ι.
1413 2739 1494 2800 estius
1512 2737 1607 2799 initio

204 2847 299 2906 laudat
320 2846 405 2906 Prisc.
424 2864 532 2925 17.20.
552 2845 683 2926 pag.{81.
708 2863 832 2921 qaorrtrn
859 2843 940 2901 Leid.
959 2864 985 2902 c.
997 2864 1023 2907 c.
1036 2865 1064 2925 g.
1081 2841 1111 2901 h.
1129 2865 1169 2907 m.
1200 2843 1303 2904 Frena.
1333 2846 1437 2906 inc.1.
1457 2842 1554 2903 Guell.
1567 2843 1596 2901 6.

204 2952 283 3012 Febr.
296 2974 322 3012 r.
343 2973 383 3011 rn.
397 2971 455 3014 sec.
474 2949 543 3014 vin.
558 2969 585 3007 2.
616 2949 697 3010 cuias
713 2948 757 3006 rei
767 2945 857 3006 ‘initio
876 2946 956 3006 laid.
968 2947 999 3005 d.
1019 2947 1081 3012 Bas.
1093 2947 1122 3012 3.
1136 2948 1166 3018 4.
1186 2947 1282 3008 Guell.
1299 2970 1328 3030 9.
1349 2970 1395 3009 ro.
1423 2949 1490 3010 Ecc.
1511 2947 1599 3007 simul

204 3059 343 3118 abemmr.
355 3053 444 3116 sinat
457 3074 518 3120 om,
529 3053 626 3112 Goett.
640 3075 665 3110 r.
679 3053 706 3110 5.
727 3052 873 3110 Cornmel.
893 3051 961 3114 Nar.
981 3051 1038 3110 Pal.
1051 3072 1079 3110 2.
1099 3053 1277 3112 existumans
1292 3053 1372 3114 abest
1387 3075 1404 3113 a
1420 3053 1517 3114 Gnell.
1532 3073 1557 3112 t.
1567 3053 1600 3112 6.

205 3162 279 3222 leid.
292 3164 311 3222 i.
340 3161 428 3223 Palat.
447 3160 476 3228 d.
495 3169 524 3217 et
539 3155 788 3217 Putsclriicodice.
816 3154 911 3216 servas
920 3155 997 3215 delet
1011 3177 1087 3216 uuus
1101 3157 1189 3221 Ririi.
1200 3157 1340 3238 fiagitivis
1358 3157 1434 3217 delet
1447 3157 1544 3217 Sonat.
1567 3176 1598 3216 2.

205 3267 306 3328 ileum..

263 3397 396 3481 Cup-57·
417 3395 520 3454 Roma
533 3390 738 3452 coniuratione
750 3391 901 3470 pausante
929 3388 1028 3454 Guell‘.
1040 3411 1070 3472 7.
1090 3389 1120 3450 8.
1139 3391 1208 3453 Vin.
1222 3411 1249 3458 2.
1273 3395 1424 3474 patqsaeta
1439 3392 1525 3452 etiem
1543 3395 1605 3450 tres

206 3506 311 3566 Wassiii
331 3500 494 3578 ceramque.
516 3518 569 3577 que
581 3518 642 3557 om.
653 3495 767 3554 Fabric.
777 3505 873 3575 uterq.
894 3495 952 3554 inc.
966 3514 994 3553 2.
1006 3494 1091 3554 Rem.
1108 3518 1133 3554 ι.
1155 3497 1253 3558 lleuss
1273 3501 1369 3560 Senat.
1381 3519 1414 3558 2..
1424 3497 1527 3558 Erana.
1543 3507 1598 3556 tres

207 3609 299 3671 Guell.
318 3619 346 3669 et
362 3603 464 3668 ceteris
477 3601 574 3662 Guell'.
589 3602 617 3666 6.
628 3598 767 3660 ‚adducit
780 3599 865 3659 Rem.
880 3609 974 3680 uterq.
1002 3599 1106 3660 Frane.
1126 3599 1221 3664 Stmr.
1247 3603 1309 3663 Bas.
1324 3604 1391 3676 Μ.
1412 3603 1509 3662 Guell'.
1524 3601 1553 3672 4.
1568 3601 1597 3660 6.

209 3739 235 3798 7.
244 3719 272 3778 8.
283 3738 310 3797 9·
325 3736 373 3775 ro.
386 3732 433 3771 rs.
453 3719 579 3790 quatuor
592 3707 705 3768 Wassii.
716 3724 772 3785 per
797 3703 928 3764 tramites
949 3704 1080 3764 occultos
1109 3703 1213 3768 rane.
1237 3727 1314 3767 unus
1332 3709 1445 3770 Wasdi.
1462 3725 1515 3787 per
1535 3725 1598 3770 oce.

208 3831 292 3887 bam.
310 3819 439 3897 Gaellp.
456 3811 704 3896 perfiegeretltas.
717 3831 742 3868 r.
760 3829 787 3868 2.
803 3809 878 3880 db.
892 3807 944 3872 dc.
964 3807 1048 3867 Reor.
1064 3827 1094 3868 2.
1118 3809 1217 3892 inea.
1246 3813 1342 3876 Stmr.
1370 3812 1469 3873 Guelf.
1486 3833 1511 3877 ι.
1527 3811 1556 3882 l.
1569 3811 1598 3872 5.

209 3927 236 3986 6.
249 3946 292 3991 ιο.
307 3945 354 3984 re.
372 3920 443 3981 liar.
460 3941 486 3978 r.
504 3919 703 4000 perfugarum.
723 3912 924 3994 Febr..uterq.
944 3911 1086 3972 Vinum.
1108 3916 1167 3976 inc.
1181 3935 1208 3975 2.
1235 3917 1303 3976 Seu.
1316 3939 1348 3978 2.
1365 3916 1462 3977 Gucll.
1482 3937 1510 3978 2.
1523 3915 1552 3977 3.
1567 3917 1597 3983 8,

208 4029 327 4090 bema.
347 4027 381 4087 in
400 4023 529 4085 Galliam
545 4018 770 4098 Transalpinam
786 4039 888 4078 omnes
906 4019 963 4076 lere
978 4015 1395 4100 libri.Cisalpinamfa‘bric.
1412 4042 1437 4082 2.
1458 4041 1534 4082 unus
1542 4019 1597 4080 lti-

210 4136 258 4199 rii.
276 4142 409 4194 nanuum
426 4150 482 4190 uec
498 4125 557 4191 Cis.
568 4147 623 4185 nec
638 4125 743 4183 liam.
755 4124 889 4205 agnoscit
903 4122 963 4182 Erl.
982 4121 1085 4181 eadem
1099 4119 1161 4179 illa.
1180 4118 1234 4178 illa
1253 4117 1311 4177 del.
1332 4116 1424 4178 Guclf
1430 4117 1458 4178 5.
1475 4137 1598 4199 propere

212 4248 300 4302 movet
319 4238 458 4303 Gnell.,5.
481 4227 655 4315 properanti
669 4228 702 4287 in
722 4225 852 4288 Galliam
880 4225 977 4286 Guell·
992 4226 1023 4290 6.
1050 4225 1119 4288 Tur.
1135 4243 1160 4282 r.
1183 4242 1268 4302 prop.
1288 4241 1349 4287 orn.
1370 4221 1420 4282 llo.
1450 4220 1597 4302 aprunos

213 4367 309 4411 amnas
324 4347 381 4407 leta
396 4341 466 4404 libri
480 4340 565 4400 Prisc.-
583 4337 629 4397 rb.
645 4336 692 4396 25.
709 4333 777 4405 ado.
796 4332 912 4394 sed‘Kr.
933 4350 968 4394 cx
984 4332 1108 4394 coniect.
1122 4327 1280 4409 expeditas
1300 4325 1457 4408 erpeatrrs·
1468 4325 1554 4390 Febr.
1572 4345 1608 4387 ι.
