4050 5009
1592 444 1638 521 13

314 643 357 707 In
375 640 451 727 ipsa
469 636 639 726 Hispania
658 650 700 705 eo
711 648 803 703 anno
824 632 960 717 bellum
976 632 1108 725 lentius
1127 637 1271 720 gestum.
1297 631 1477 717 Metellus,
1500 636 1553 699 tot
1570 634 1642 703 cla·

232 746 335 815 dibus
346 748 508 834 acceptis,
527 766 591 834 per
605 744 704 811 devia
725 746 905 830 oberrans,
923 746 1060 809 hostem
1078 762 1176 808 mora
1190 738 1373 827 fatigabat,
1393 742 1504 807 donec
1522 744 1643 811 castris

232 856 389 940 Pompeji
411 852 664 919 consociaretur
684 853 783 916 Oros.
807 854 848 917 V.
873 854 922 914 23.
949 852 1017 915 Sed
1035 846 1207 914 Sertorius
1229 846 1397 933 plurimas
1424 847 1579 928 ciyitates
1601 843 1642 915 in

231 969 434 1045 potestatem
456 979 554 1024 suam
569 957 713 1045 redegit.
740 958 813 1022 Lis.
836 952 924 1038 Epit.
946 956 1031 1021 XCI.
1057 957 1148 1019 Plut.
1172 956 1291 1039 Pomp.
1313 954 1643 1036 17.Sertor.12.1s.

235 1068 282 1130 rs.
303 1066 416 1131 initio.
432 1102 474 1119 -
501 1064 633 1149 Appius
651 1062 816 1126 Claudius
837 1060 1041 1144 proconsul,
1065 1058 1123 1123 cui
1144 1060 1348 1125 Macedonia
1368 1060 1549 1146 provincia
1570 1068 1645 1125 erat

233 1171 384 1258 decreta,
406 1191 484 1235 cum
500 1170 619 1254 priore
640 1186 733 1230 anno
752 1166 895 1243 morbo,
925 1172 1004 1249 post
1025 1164 1208 1230 discordiis
1224 1157 1385 1231 civilibus
1406 1166 1445 1231 in
1468 1165 1570 1230 Italia
1587 1184 1645 1233 re-

232 1282 347 1339 tentus
365 1285 469 1352 esset,
488 1283 567 1357 post
583 1272 729 1337 Comitia
746 1270 939 1335 consularia
954 1271 1041 1337 urhe
1055 1270 1246 1356 proiectus,
1266 1270 1305 1334 in
1316 1271 1533 1355 provinciam
1545 1272 1647 1353 ahiit;

234 1383 327 1444 unde
350 1382 411 1443 Cu.
434 1378 621 1444 Dolabella
641 1376 921 1463 triumphaverat.
941 1378 1008 1443 S'ed
1024 1378 1149 1463 populi
1169 1376 1299 1441 leroees
1319 1376 1463 1463 ingenio
1483 1386 1517 1441 et
1531 1376 1646 1463 asperi

234 1484 343 1563 multu,
367 1484 515 1571 singulis
541 1483 614 1549 fere
638 1484 739 1549 annis
767 1482 981 1548 rebellabant
1000 1491 1035 1548 et
1052 1486 1292 1548 Romanorum
1312 1484 1511 1548 tributarios
1530 1484 1647 1548 incur·

233 1589 390 1657 sionibus
415 1592 603 1655 vastabant.
636 1589 727 1655 Flos.
754 1589 843 1673 Epit.
869 1590 978 1666 111.4.
1012 1588 1145 1674 Appius
1166 1589 1275 1677 igitur
1293 1588 1447 1676 primum
1474 1590 1647 1655 orientem

232 1714 350 1761 versus
369 1694 548 1759 contendit
568 1694 688 1777 ibique
702 1694 814 1759 varias
828 1702 960 1781 gentes,
981 1716 1059 1776 quaa
1074 1696 1285 1781 Rhodopaeis
1304 1696 1480 1761 montibus
1499 1696 1646 1768 circum-

126 1854 128 1859 .
234 1800 317 1866 tusae
339 1811 433 1876 sunt,
455 1821 494 1866 ac
512 1808 586 1865 tum
612 1800 851 1865 Macedoniam
866 1800 1103 1866 crudelissm
1124 1803 1317 1887 vastabant,
1336 1802 1468 1889 pellere
1490 1808 1644 1880 conatus,

234 1925 307 1970 rem
334 1906 449 1971 minus
468 1926 628 1991 prospere
649 1907 762 1993 gessit.
788 1908 886 1973 Oros.
905 1910 947 1975 V.
969 1912 1019 1973 23.
1054 1907 1148 1971 Dein
1162 1909 1311 1971 Thraces
1332 1907 1493 1991 pluribus
1510 1905 1645 1991 proeliis

233 2010 327 2077 vicit.
343 2012 416 2078 Lis.
433 2014 523 2102 Epit.
540 2016 624 2079 XCI.
633 2012 675 2098 ⁹)
697 2022 730 2079 et
752 2016 797 2077 ad
814 2014 983 2079 Sumatas
1005 2032 1115 2097 usque
1132 2014 1296 2100 persenit.
1315 2015 1408 2079 Flor.
1431 2013 1457 2080 l.
1471 2013 1496 2080 l.
1515 2014 1646 2099 Quare

237 2226 761 2251 Dm

208 2326 215 2333 '
235 2324 388 2405 Sertorio
405 2314 610 2408 sollicitatae,
629 2324 775 2389 transitu
784 2325 986 2410 Pompejum
993 2325 1263 2412 prohibuissent.
1276 2328 1342 2391 Sed
1355 2324 1488 2411 primus
1500 2326 1646 2392 Debros—

234 2429 306 2494 sius
319 2429 428 2515 vidit,
447 2430 587 2493 nonnisi
606 2430 750 2493 Octavio
771 2437 805 2493 et
823 2430 973 2493 Curione
987 2432 1079 2494 Coss.
1099 2431 1302 2514 Pompejum
1315 2433 1424 2518 ipsam
1440 2433 1646 2518 Hispaniam

146 2520 160 2533 “
235 2534 443 2622 ingressum
458 2535 620 2621 Sigonius
636 2545 669 2601 et
688 2534 832 2621 Pighius
849 2556 890 2600 eo
908 2544 986 2599 sunt
1002 2536 1041 2599 in
1055 2556 1206 2600 errorem
1218 2535 1369 2621 inducti,
1389 2542 1485 2620 quod
1498 2540 1557 2605 vix
1566 2539 1645 2604 lieri

235 2660 335 2726 posse
358 2642 554 2722 ridebatur,
585 2651 624 2705 ut
645 2642 736 2706 nihil
751 2642 989 2706 'memorabile
1009 2661 1052 2706 eo
1075 2661 1167 2729 anno
1196 2642 1235 2705 in
1248 2643 1416 2728 Hispania
1434 2652 1568 2731 gestum
1588 2644 1644 2710 sit.
1765 2718 1774 2733 ,

236 2746 303 2811 Sed
320 2748 454 2812 Metelli
477 2748 615 2834 ignavia
632 2749 760 2834 prioris
775 2750 860 2813 anni
880 2748 1038 2812 cladibus
1058 2749 1141 2814 satis
1163 2758 1350 2815 excusatur.
1376 2752 1518 2814 Accedit
1534 2754 1647 2835 quod,

237 2871 316 2915 cum
339 2853 409 2915 duo
432 2852 585 2916 hostium
601 2856 783 2933 exercitus,
804 2856 891 2918 alter
910 2854 1080 2930 Sertorio,
1103 2855 1189 2917 alter
1217 2859 1391 2935 Perperna
1416 2859 1503 2919 duc'e
1531 2863 1651 2919 contra

238 2972 317 3017 eum
334 2957 651 3037 proficiscerentur,
674 2980 814 3022 summae
830 2958 1032 3021 temeritatis
1048 2964 1138 3035 erat,
1154 2953 1243 3016 sein
1263 2955 1372 3017 aciem
1389 2957 1604 3022 committere
1615 2965 1650 3023 et

238 3056 466 3142 peritissimos
490 3055 642 3118 hostium
672 3056 775 3117 duces
806 3054 1002 3130 conjunctos
1029 3055 1186 3139 aggredi,
1210 3060 1336 3139 quibus
1362 3060 1507 3146 singulis
1536 3063 1649 3151 impar

177 3214 193 3225 ,
240 3170 322 3226 erat.
352 3162 510 3224 Ceterum
526 3159 581 3222 vel
607 3156 783 3221 Ciceronis
803 3158 908 3220 verba
931 3156 1129 3221 testimonio
1151 3170 1246 3247 sunt,
1268 3166 1451 3230 Manilium
1466 3170 1540 3247 jam
1556 3189 1649 3236 anno

239 3276 318 3333 ante
339 3265 468 3331 rictum
482 3284 569 3348 esse,
589 3266 683 3344 quod
700 3266 767 3326 hoc
784 3281 877 3326 anno
896 3262 1057 3339 Pontejus
1076 3259 1199 3331 Galliae
1216 3268 1402 3350 provinciae
1421 3274 1569 3354 praefuit.

303 3371 358 3454 st)
380 3372 441 3436 Ct'r
459 3371 553 3435 Sexti
573 3368 653 3432 Rufi
668 3368 813 3434 Breviar.
829 3390 857 3431 c.
874 3389 903 3447 9.
923 3369 1011 3442 ..Per
1026 3370 1176 3454 Appium
1197 3374 1395 3459 Claudium,
1417 3398 1511 3459 proc.
1530 3378 1570 3442 hi
1588 3380 1652 3463 qut

242 3478 448 3561 Rhodopem
459 3476 673 3559 incolebant,
693 3474 777 3539 victi
798 3484 886 3539 sunt.
906 3470 1051 3560 Europae
1069 3478 1259 3543 maritimas
1271 3482 1373 3546 urhes
1385 3490 1485 3546 antea
1498 3486 1651 3551 Romana

244 3582 359 3647 classis
379 3581 566 3648 obtinuit.»
585 3584 726 3664 Eutrop.
745 3583 804 3648 Vl.
830 3605 857 3645 a.
877 3581 990 3657 ..levia
1010 3574 1130 3665 praelia
1152 3584 1276 3649 habais
1296 3595 1414 3651 contra
1429 3589 1544 3653 varias
1564 3610 1650 3676 gen-

243 3694 309 3773 tes,
331 3706 407 3769 quae
426 3687 630 3772 Rhodopam
656 3686 871 3773 provinciam
897 3678 1120 3769 incolebant,
1149 3698 1252 3771 atquc
1275 3690 1328 3754 ibi
1349 3696 1473 3760 morbo
1494 3707 1650 3763 mortuus

245 3802 331 3859 esta>
363 3794 425 3855 Cn.
438 3792 591 3856 Orestem
612 3795 764 3877 (dequo
783 3794 842 3857 cir.
864 3796 994 3859 Ernest.
1013 3784 1108 3857 Clas.
1129 3794 1214 3878 Cic.)
1236 3805 1307 3859 tum
1329 3800 1428 3864 classi
1449 3802 1649 3885 praefectum

243 3900 348 3963 luisse
370 3897 576 3964 Debrossius
595 3898 683 3961 Hist.
702 3901 744 3961 R.
763 3901 810 3961 tt:
822 3902 860 3967 L.
880 3902 906 3962 1.
930 3922 963 3985 p.
990 3913 1060 3980 429.
1093 3908 1127 3965 et
1149 3920 1191 3965 ex
1222 3884 1361 3968 Salustii
1380 3904 1588 3992 fragmento,
1616 3914 1651 3973 et

200 4069 205 4075 ,
245 4024 287 4071 cx
301 4024 442 4067 nummo
455 4005 767 4090 quodam'collegit.
788 4008 915 4069 Contra
928 3996 1181 4092 eum'Illyriam
1196 4027 1237 4070 ex
1249 4018 1396 4091 praetura
1409 4014 1653 4096 proconsulem

246 4110 454 4195 obtinuisse,
473 4108 616 4195 Pighius
635 4102 762 4173 statuit.
786 4113 907 4175 Annal.
926 4115 1056 4195 11.293.
1084 4116 1152 4177 Sed
1171 4116 1232 4178 Cn.
1247 4116 1446 4197 Dolabella,
1468 4120 1531 4199 qui
1548 4124 1648 4181 antea

246 4214 726 4298 Macedoniam‘obtinuerat,
737 4236 814 4279 cum
832 4217 964 4301 Lepido
987 4228 1021 4283 et
1044 4220 1164 4283 Catulo
1181 4223 1272 4284 Coss.
1287 4221 1550 4303 triumphasset,
1571 4220 1647 4307 (oft.

246 4321 332 4387 Fast.
353 4320 531 4408 triumph.)
549 4314 683 4387 a'Julio
705 4322 833 4393 cesara
852 4324 920 4391 hoc
943 4344 1036 4390 anno
1053 4334 1228 4393 accusatus
1240 4344 1312 4393 esse
1324 4324 1471 4391 ridetur.
