4050 5009
369 392 441 474 352

368 593 451 656 diam
472 624 492 643 -
517 607 614 673 neque
634 587 826 674 triumphalia
846 623 864 638 ·
891 609 958 651 mea
975 587 1064 655 rerba
1084 619 1103 639 ·
1128 591 1303 674 profuerant
1321 623 1339 637 ·
1358 588 1485 652 ebruna
1504 621 1524 640 ·
1541 587 1641 656 horrea
1661 596 1747 658 ferire
1768 631 1785 646 -

370 698 420 762 hie
440 720 510 783 ergo
530 699 683 782 preceptir
701 729 721 746 ·
748 698 890 760 faciundo
909 727 927 747 -
948 699 1016 783 quia
1036 731 1052 745 -
1071 699 1210 762 virtutem
1232 718 1296 759 non
1317 699 1486 780 relinquere
1505 731 1525 748 ·
1544 709 1574 762 et
1594 702 1744 764 incultum
1765 735 1786 752 -

371 825 496 869 coccum
517 827 607 889 qnam
629 837 648 854 -
673 815 704 866 et
723 825 758 866 er
777 815 900 887 parente
919 839 936 853 -
955 813 1105 866 eetnmant
1124 839 1140 850 -
1159 803 1336 880 jocundiora
1357 814 1437 870 runt.
1458 839 1475 853 -
1494 804 1632 870 officiunt
1651 839 1671 858 -
1689 827 1786 893 pauca

372 911 411 984 de
429 933 493 996 rep.
512 913 621 996 loquar
639 907 786 974 -habete
804 943 824 962 ·
843 910 970 978 avaricia
992 907 1055 990 (ita
1076 919 1105 970 et
1124 906 1230 992 cupra)
1250 941 1269 959 ι·
1288 919 1331 972 eri
1352 921 1418 974 nfra
1438 944 1457 962 -
1475 911 1600 978 obierit.

413 1175 505 1248 coe.
530 1175 620 1238 6088.
650 1173 739 1238 Suro.
766 1171 832 1238 XI
834 1170 879 1238 V.
909 1167 1025 1236 literis
1045 1163 1214 1238 Gothicis
1243 1178 1430 1236 exaratur.
1455 1167 1623 1256 plurima
1645 1194 1744 1240 com-

425 1281 561 1368 pendia
580 1273 794 1363 scripturae,-
814 1277 942 1342 multoe
958 1277 1096 1367 glossae
1117 1281 1291 1361 Νεεμίας
1311 1275 1421 1342 dubet
1437 1273 1613 1363 proprior
1635 1299 1717 1345 cor·

772 1386 955 1468 ruptelae,
977 1402 1024 1448 ne
1044 1377 1165 1447 dicam
1184 1379 1382 1449 varianter.
1417 1437 1420 1446 r

414 1576 481 1638 Cat.
492 1581 541 1641 ⁵1.
553 1586 583 1637 et
592 1575 731 1636 amicicia
740 1607 755 1621 -
765 1571 1085 1635 offidnnf-rodiomm
1095 1610 1111 1622 -
1121 1602 1149 1656 q.
1160 1597 1191 1657 p.
1207 1595 1231 1636 r.
1243 1574 1327 1658 opib.
1342 1595 1383 1640 m.
1396 1594 1454 1636 rec.
1463 1607 1480 1622 ·
1491 1583 1618 1636 creverat
1627 1605 1647 1622 ·
1658 1575 1788 1658 carragi-

374 1703 508 1745 nensea·
528 1693 602 1766 apnt
620 1701 672 1742 roe
692 1683 747 1742 eal.
759 1710 777 1727 -
797 1680 975 1760 reperimur
993 1711 1013 1729 -
1034 1692 1181 1765 ruperat·
1199 1684 1376 1746 sententiam
1397 1680 1565 1744 dixerunt·
1584 1681 1736 1763 spoliari·
1757 1663 1788 1742 ei

375 1801 436 1851 tam
457 1801 568 1851 aaron·
586 1790 710 1850 illorum
731 1805 790 1846 ease
810 1785 944 1868 plerique
964 1807 1064 1850 vero·
1083 1791 1117 1848 in
1138 1789 1280 1848 omnibus
1300 1789 1403 1870 impiis
1416 1817 1435 1835 -
1454 1789 1549 1848 aerior
1562 1819 1579 1834 -
1593 1806 1663 1847 nam
1686 1786 1790 1869 quid-

376 1899 474 1956 aliena
493 1915 557 1977 rep.
577 1925 596 1942 -
623 1904 676 1954 ent
696 1895 809 1971 injuria
830 1902 883 1952 aut
908 1904 1004 1952 metue
1025 1924 1043 1941 ·
1073 1891 1257 1974 superfluum
1279 1902 1332 1958 ert.
1357 1923 1376 1940 -
1403 1891 1503 1953 dicere
1521 1911 1606 1974 porse
1627 1891 1660 1952 id
1681 1893 1791 1974 qood-

377 1999 534 2062 dierolrere
544 2003 623 2060 mela
631 2031 648 2045 -
657 2000 806 2078 uipriue-
815 2000 908 2061 leriae
921 2008 966 2058 eet
975 2030 989 2044 ·
999 1998 1033 2057 in
1045 1999 1157 2058 minori
1165 1999 1255 2080 -quia
1264 1994 1482 2080 reprehendit·
1494 1999 1524 2068 (c
1532 2019 1597 2079 cup.
1605 1999 1676 2077 lin.)
1686 1998 1791 2059 omnia

377 2110 456 2167 mola
476 2128 511 2170 ex
530 2105 617 2166 bonis
638 2102 725 2165 rebus
744 2113 810 2164 orio
829 2133 848 2151 -
880 2101 919 2164 ad
939 2106 1060 2186 ignaros
1082 2107 1159 2166 cives
1179 2134 1199 2150 ·-
1226 2100 1262 2163 hi
1286 2103 1419 2184 primum
1440 2135 1460 2152 ·
1491 2105 1615 2165 licentia
1641 2106 1789 2185 paulatim

378 2216 470 2275 crevit
489 2247 506 2260 -
536 2211 734 2292 indcpnarum
755 2241 774 2257 -
799 2205 1031 2288 hujuscemodi,
1053 2211 1120 2291 quie
1141 2212 1204 2288 ejus
1223 2208 1336 2268 fectum
1358 2228 1421 2269 non
1442 2206 1585 2268 laudabat
1601 2239 1620 2256 -
1639 2220 1790 2290 postremo

378 2339 428 2383 vac
449 2327 501 2380 aur
525 2351 541 2364 -
567 2326 602 2377 ut
622 2317 647 2377 is
672 2348 691 2364 ·
719 2317 752 2376 in
772 2313 819 2375 hia
839 2325 952 2396 tempp.
979 2345 998 2362 ·
1022 2313 1201 2397 quistinam
1228 2323 1338 2375 erutuet
1364 2343 1383 2361 ·
1409 2310 1549 2394 soperbia
1576 2314 1635 2374 illia
1663 2345 1678 2359 -
1705 2325 1790 2376 erant
1872 2329 1873 2332 ’

379 2423 474 2506 proba
486 2456 504 2471 -
524 2444 542 2483 a
561 2421 721 2506 mnitibur,
741 2423 858 2506 insigna
878 2428 982 2503 aput·
1000 2419 1114 2480 imitari
1133 2416 1231 2480 bonos
1252 2437 1342 2501 quam
1363 2415 1496 2482 invidere
1516 2420 1604 2480 honio
1623 2451 1641 2468 ··
1661 2423 1792 2482 circum·

378 2533 475 2594 veniri
496 2531 702 2591 innocenter·
721 2528 788 2609 (inf.
806 2548 885 2611 paee.
905 2545 948 2587 m.
968 2544 1027 2586 rec.
1049 2523 1179 2605 emend.)
1199 2523 1363 2606 depactis·
1377 2523 1490 2586 dimitri
1510 2546 1560 2589 eor
1572 2560 1589 2573 ·
1608 2532 1794 2611 peccuniae-

380 2634 453 2699 han.
471 2637 505 2698 iu
524 2635 631 2700 vinclis
650 2653 704 2717 per
724 2631 808 2697 mun.
829 2666 847 2681 ·
866 2636 967 2699 valent
987 2630 1094 2717 opibus
1113 2664 1133 2681 -
1152 2651 1221 2696 cnm
1242 2625 1393 2716 pio-acre
1413 2641 1490 2714 agar.

382 2919 470 2990 Cod.
498 2925 589 3007 ⁵7⁴7·
607 2921 685 3016 fol.
710 2919 802 2991 liber
821 2918 1073 3016 jugurthinam
1094 2921 1244 3009 (conafaf
1270 2923 1335 2992 iaie
1355 2923 1447 2992 liber
1467 2925 1611 2990 domino
1634 2943 1713 2994 meo
1735 2947 1792 2990 co-

419 3027 497 3093 miti
518 3033 563 3095 de
575 3030 800 3117 Angolesmo)
813 3025 972 3112 picturis
985 3026 1265 3121 elegantissimis
1278 3039 1435 3098 ornatur
1447 3033 1535 3097 Soec.
1550 3033 1614 3098 XI
1616 3035 1662 3102 V.
1685 3035 1793 3100 nulla

419 3129 585 3217 antiquae
603 3137 795 3220 scriptura·
815 3131 975 3226 vestigia.
997 3144 1052 3201 ert
1070 3137 1193 3203 eodem
1215 3157 1366 3202 numero
1382 3133 1645 3224 Catilinariur‚
1665 3135 1791 3204 r'r'rdem

421 3232 539 3304 literis
559 3249 736 3307 exaratur
755 3249 792 3306 et
812 3240 856 3306 ab
884 3243 1007 3308 eodem
1034 3239 1176 3320 scriba,
1208 3264 1312 3324 quem
1341 3237 1513 3332 conferre
1541 3241 1651 3310 nolui
1675 3265 1722 3309 ne
1753 3242 1792 3309 in

514 3342 682 3430 pessimis
702 3342 806 3411 libris
826 3343 1058 3440 conferendis
1080 3367 1229 3429 operam
1251 3354 1287 3412 et
1308 3347 1428 3412 oleum
1442 3348 1647 3430 perderem.

460 3538 533 3623 fug.
553 3559 581 3601 c.
602 3540 653 3606 85.
680 3558 745 3600 non
771 3537 888 3602 budam
907 3573 926 3590 -
954 3560 1031 3624 quoe
1059 3541 1154 3600 nolles
1173 3535 1329 3600 defendere
1348 3565 1367 3583 ·
1396 3536 1528 3618 reperior
1555 3549 1599 3601 ear
1619 3537 1756 3616 Qrdriter
1775 3575 1794 3591 -

379 3646 516 3723 presidia
534 3656 606 3707 eunt
624 3677 643 3694 -
667 3656 698 3707 et
717 3649 850 3730 pericula
868 3681 887 3698 -
913 3647 1039 3714 habeam
1062 3656 1203 3708 coneneie
1223 3677 1237 3694 ·
1271 3644 1429 3724 temperari
1448 3675 1468 3692 -
1492 3645 1526 3704 in
1546 3653 1611 3712 nat.
1632 3650 1757 3710 verritur
1776 3682 1810 3711 ·.

379 3748 546 3813 nobilium
565 3757 612 3814 vel
632 3737 773 3816 adalind
791 3787 811 3804 ·
836 3755 981 3835 procopia
1000 3755 1164 3814 multarum
1185 3783 1201 3800 ·
1220 3760 1275 3812 ant
1293 3752 1389 3833 legere
1409 3780 1428 3799 -
1448 3748 1580 3811 didicere
1599 3753 1695 3818 literis
1716 3786 1735 3803 ·
1755 3775 1795 3818 an

379 3857 459 3916 aliur
477 3888 496 3905 -
514 3866 545 3916 er
563 3856 682 3935 labore,
702 3863 882 3922 innocentie
901 3891 920 3909 ·
945 3870 1131 3941 eontepnant
1150 3889 1171 3908 ·
1195 3867 1303 3940 purant
1322 3876 1383 3917 cere
1403 3889 1419 3904 ·
1438 3859 1482 3916 rei
1502 3877 1556 3938 ego
1577 3889 1596 3906 -
1616 3874 1759 3946 arrogant
1777 3894 1796 3911 ·

380 3963 554 4026 facundiam
574 3997 591 4012 -
610 3967 774 4029 lacerarent
792 3998 811 4016 ·
828 3977 971 4049 cuperent
988 3997 1008 4014 ·
1034 3967 1137 4026 faleras
1155 3997 1173 4014 ··
1191 3965 1365 4046 profuerant
1384 3995 1402 4010 ·
1424 3966 1519 4023 muira
1538 3973 1689 4042 oportuna
1709 4001 1725 4016 -
1745 3989 1798 4030 or-

380 4070 468 4132 icbor
486 4102 505 4119 -
524 4072 685 4133 mollitiem
706 4107 723 4120 -
751 4072 813 4134 hnc
832 4085 923 4156 arque
941 4073 1002 4134 alin
1020 4105 1037 4120 ·
1062 4072 1220 4154 confepnit
1237 4101 1256 4119 ·
1275 4068 1453 4150 jocundiora
1472 4099 1491 4116 ·
1509 4067 1632 4152 flagitiis
1651 4074 1797 4136 omnibus

379 4174 555 4238 remeavere
567 4210 587 4226 -
599 4177 759 4262 respondi,
772 4199 869 4262 pauca
880 4211 900 4227 -
912 4178 1028 4238 bonnm
1039 4179 1175 4238 animum
1188 4175 1295 4238 hebere
1308 4209 1328 4226 -
1337 4196 1427 4238 nemo
1447 4176 1566 4259 ignaria
1586 4197 1613 4242 c.
1630 4199 1700 4242 ιιο.
1722 4201 1795 4264 pre-

378 4279 456 4346 tiam
477 4285 615 4348 amidae
634 4295 692 4346 tuae
709 4319 726 4334 ·
745 4287 838 4368 gerite
858 4286 905 4348 uti
924 4285 1014 4356 vulfio
1033 4315 1052 4334 -
1075 4304 1143 4346 ιιι.
1164 4283 1285 4346 lenitur.
