4050 5009
1514 408 1585 480 123

200 579 340 660 insidias
358 585 490 661 tendit
526 582 649 690 Igitur
666 607 770 660 unus
787 609 833 660 ex
852 607 897 658 eo
917 607 1108 672 numero,
1127 580 1196 685 qni
1223 581 1273 658 ad
1293 581 1434 680 ooedem
1460 581 1585 687 parati

197 725 309 800 erant,
331 709 465 814 paullo
483 709 735 788 inconsultius
749 707 949 782 Massivam
965 705 1202 810 adgreditur,
1228 705 1342 782 illum
1361 708 1585 782 obtruncat:

197 827 253 932 sed
264 833 340 936 ipse
361 832 628 937 deprehensus,
648 830 779 909 multis
794 829 1038 906 hortantibus
1060 845 1099 906 et
1119 829 1161 906 in
1181 830 1315 934 primis
1331 831 1475 907 Albino
1495 857 1587 906 con-

197 954 282 1047 sule,
306 957 494 1034 indicium
510 956 720 1063 profitetur.
752 956 818 1030 Fit
835 979 921 1030 rcus
941 953 1121 1058 magiter
1144 981 1253 1058 aequo
1272 954 1454 1058 bonoque
1472 981 1590 1058 quam
1654 1033 1658 1042 ,

199 1104 240 1154 cx
257 1079 337 1158 ime
364 1083 539 1187 gentium
562 1080 766 1169 Bomilcar,
797 1103 921 1154 comes
940 1076 1037 1166 eius,
1063 1077 1131 1180 qui
1154 1079 1315 1154 Romam
1335 1077 1410 1154 fide
1433 1079 1590 1185 publica

199 1221 346 1282 venerat
385 1211 436 1282 At
456 1201 643 1312 Iugurtha
661 1202 883 1279 manifestus
911 1201 1010 1277 tanti
1029 1201 1196 1292 sceleris,
1220 1229 1301 1279 non
1330 1203 1437 1307 prius
1464 1203 1592 1280 omisit

199 1344 320 1406 eontra
340 1357 474 1406 rerum
498 1329 573 1406 niti
600 1357 718 1434 quam
737 1327 913 1402 animum
940 1324 1125 1418 advortit,
1158 1351 1273 1431 supra
1293 1328 1456 1432 gratiam
1474 1345 1590 1432 atque

198 1453 391 1557 pecuniam
406 1481 516 1531 suam
540 1453 726 1531 invidiam
749 1449 945 1526 factiosae
996 1449 1137 1554 Igitur,
1169 1475 1405 1556 quamquam
1423 1451 1465 1527 in
1487 1452 1590 1557 prio-

200 1602 238 1655 ω
265 1577 410 1654 actione
442 1605 490 1653 ex
518 1577 649 1652 amicis
672 1572 956 1679 qninquaginta
987 1571 1100 1648 vadet
1128 1572 1303 1669 dederat3
1333 1601 1450 1682 regno
1473 1575 1591 1682 magis

199 1727 307 1802 qnam
324 1700 486 1777 vadibus
505 1699 721 1790 considens,
745 1698 846 1773 clam
876 1696 917 1770 in
942 1695 1164 1772 Numidiam
1185 1698 1435 1776 Bomilcarem
1461 1700 1593 1776 dimit-

201 1823 263 1898 tit:
286 1824 425 1900 teritus
453 1851 503 1899 nc
526 1822 694 1926 reliquos
713 1820 910 1927 popularis
938 1835 1061 1896 metus
1086 1819 1282 1898 invaderet
1305 1823 1468 1926 parendi
1500 1825 1592 1917 sihi,

199 1946 288 2026 side
305 1948 373 2026 illo
389 1946 626 2052 supplicium
644 1961 816 2021 sumtum
837 1943 942 2020 foret
981 1945 1033 2018 Et
1055 1945 1133 2048 ipae
1151 1943 1283 2050 paucis
1301 1945 1434 2022 diebus
1458 1948 1592 2026 eodem

200 2072 379 2176 profectus
394 2087 471 2165 eat,
495 2070 616 2146 iussus
630 2072 681 2145 ab
698 2071 841 2146 Senatu
857 2068 969 2143 Italia
985 2068 1173 2146 decedere
1210 2069 1283 2148 Sed
1299 2085 1502 2176 postquam
1517 2073 1593 2149 Ro·

200 2223 259 2272 ma
276 2221 438 2306 οςτωσω
459 2211 533 2285 eat,
548 2193 685 2286 fertur,
705 2219 803 2299 saepe
821 2219 867 2268 eo
886 2191 1023 2270 tacitus
1041 2191 1260 2297 respiciens,
1277 2209 1466 2299 postremo
1482 2195 1595 2273 dixis·
1725 2177 1727 2184 ⁵

202 2343 260 2432 sel:
283 2322 441 2412 „urbem
454 2317 629 2394 venalem
644 2333 684 2393 et
699 2333 849 2392 mature
859 2316 1089 2422 perituram,
1112 2317 1144 2392 si
1158 2335 1369 2423 emptorem
1381 2319 1595 2397 invenerit?

201 2442 353 2520 Interim
372 2441 559 2534 Albinus,
589 2459 771 2519 renovato
798 2441 920 2533 bello,
945 2431 1220 2533 commeatum,
1243 2441 1479 2546 stipendium
1500 2444 1643 2524 alia-36

202 2593 288 2671 que,
308 2593 395 2672 quae
415 2564 605 2672 militibus
626 2565 713 2642 usui
733 2565 878 2658 forent,
898 2581 1067 2641 maturat
1087 2565 1129 2640 in
1144 2565 1314 2642 Africam
1334 2583 1512 2672 portare3
1550 2593 1596 2647 aa

201 2693 322 2770 statim
344 2693 424 2798 ipse
444 2689 655 2796 profectus,
681 2691 741 2766 uti
760 2705 851 2766 ante
870 2689 1042 2782 comitia,
1067 2691 1172 2794 quod
1193 2708 1341 2798 tempus
1356 2691 1464 2770 haud
1484 2693 1597 2802 longe

204 2815 345 2908 aberat,
371 2815 486 2892 armis
516 2831 586 2891 aut
614 2813 809 2892 deditione
831 2827 901 2889 aut
927 2813 1061 2916 quovis
1084 2814 1199 2892 modo
1219 2817 1366 2892 bellum
1385 2818 1597 2897 conficeret.

205 2944 251 3016 at
278 2956 409 3020 contra
434 2937 622 3045 Iugurtha
648 2937 800 3013 trahere
823 2937 984 3028 omnia,
1017 2954 1056 3014 et
1083 2937 1176 3014 alias
1203 2939 1341 3016 deinde
1366 2940 1459 3018 alias
1481 2967 1597 3020 morae

206 3079 341 3144 caussas
362 3065 515 3140 facere:
537 3063 713 3168 polliceri
729 3060 982 3151 deditionem,
1006 3087 1052 3137 ao
1073 3062 1212 3138 deinde
1231 3081 1378 3140 metum
1400 3066 1596 3144 simulare²

208 3261 340 3324 (loelli.
358 3264 470 3330 Vina.
490 3260 576 3324 Febr.
595 3261 679 3322 Rem.
690 3283 717 3323 t.
736 3261 806 3345 reg.
826 3257 915 3326 irm'd.
928 3259 1053 3324 suadit
1071 3259 1130 3320 inc.
1143 3281 1170 3322 a.
1190 3261 1315 3324 Remu.
1336 3263 1433 3325 Gnell.
1445 3261 1475 3335 l.
1486 3263 1597 3324 Arond.
1653 3336 1657 3343 =

208 3385 241 3426 ac
257 3369 361 3430 deindo
378 3369 448 3452 Teg.
467 3367 526 3428 Erl.
547 3365 591 3436 ius
601 3367 729 3447 portulat
747 3365 863 3428 teias.
890 3365 950 3425 Ilrl.
980 3365 1117 3430 Guettt.
1134 3369 1223 3428 etalii
1233 3367 1294 3427 duo
1308 3389 1343 3428 cx
1353 3368 1434 3430 Cort.
1462 3369 1599 3448 tllwnquo

207 3472 261 3533 vine.
273 3493 299 3540 π.
319 3474 424 3536 Franc.
444 3472 526 3533 Laid.
539 3471 570 3532 b.
584 3494 626 3532 m.
645 3472 704 3532 Erl.
724 3471 825 3542 baad.
843 3479 873 3530 ct
885 3466 971 3532 t'llum
996 3470 1077 3530 teid.
1092 3471 1121 3530 lt.
1134 3491 1176 3530 m.
1195 3491 1298 3532 vcntm
1318 3473 1411 3534 obniti
1436 3474 1551 3536 Vratitl.
1569 3477 1598 3539 I.

209 3573 281 3638 tait
292 3577 324 3639 h.
344 3577 480 3638 animum
491 3576 632 3638 advortit
651 3575 762 3637 Irond.
773 3579 815 3652 fit
826 3597 921 3659 magas
934 3595 973 3636 cr
981 3595 1065 3655 oequo
1078 3575 1210 3656 bonoque
1224 3597 1288 3638 rats
1307 3579 1375 3662 Teg.
1396 3578 1493 3641 Turio.
1504 3577 1601 3659 priori

209 3684 324 3762 plurimi
343 3683 438 3744 Cottii
458 3679 527 3743 libri
546 3680 687 3757 scribunt.
705 3679 856 3762 popularis
872 3679 971 3741 Guell.
991 3701 1019 3742 t.
1046 3679 1212 3760 popularer's
1231 3682 1344 3744 Fabrie.
1365 3683 1452 3746 mvii.
1473 3694 1601 3746 armatum

210 3786 365 3870 «taphsar.
385 3787 449 3848 Bas.
465 3810 491 3853 ι.
507 3785 609 3867 parteis
615 3795 681 3866 post
693 3787 769 3848 dieb.
788 3787 877 3869 pauci
892 3785 971 3847 libri.
989 3786 1092 3846 codam
1109 3785 1189 3867 quod
1204 3787 1405 3870 prioteffilldit.
1424 3793 1603 3867 emtarum,

211 3893 240 3953 itt
254 3893 389 3955 omm‘hus
400 3895 459 3954 lere
472 3892 552 3953 libris
566 3893 681 3974 legitur.
699 3913 722 3952 a
736 3902 838 3954 amatu
857 3891 920 3953 Bu.
935 3913 962 3956 t.
973 3889 1002 3962 I.
1023 3889 1109 3950 bern.
1126 3910 1152 3952 ι.
1176 3893 1218 3952 ila
1234 3893 1307 3957 llav.
1331 3893 1602 3978 Romamugmattt

215 3993 291 4060 tem.
310 3997 396 4064 Fahr.
416 4021 458 4059 m.
471 4017 518 4080 pr.
536 3997 607 4060 vin.
619 4017 647 4059 a.
669 3997 752 4059 tacit.
772 4018 806 4059 eo
823 3996 926 4079 respic.
945 3995 1032 4057 Febr.
1052 3995 1122 4057 Tur.
1143 4007 1305 4080 respectans
1324 3997 1421 4061 Guell.
1434 4001 1465 4062 3.
1494 4075 1497 4080 Ι

250 4123 320 4212 Cap.
332 4127 383 4189 36.
402 4123 518 4208 utana
529 4145 594 4207 quc
607 4125 668 4187 mt'l.
679 4126 748 4212 Teg.
762 4127 825 4188 Bas.
837 4148 864 4194 1.
875 4126 905 4198 4.
925 4145 1028 4187 omnes
1038 4125 1120 4186 Laid.
1140 4125 1257 4188 bema.
1271 4129 1359 4206 fuere
1375 4129 1428 4208 qui
1438 4139 1510 4192 tum.
1537 4137 1601 4192 tun

215 4249 271 4292 om.
289 4232 412 4298 hema.
433 4231 530 4293 Gaell.
545 4254 591 4300 to.
621 4243 692 4298 istnc
710 4233 773 4294 Bas.
786 4253 814 4298 r.
833 4229 985 4294 condia
1000 4230 1199 4296 adventabant
1224 4230 1310 4294 Faba.
1338 4233 1424 4296 hcm.
1438 4257 1466 4299 t.
1492 4237 1605 4320 prim

1259 4357 1285 4419 ἃ
