4050 5009
323 1190 537 1265 venturas
556 1193 784 1263 Lucrtorrls
803 1194 832 1258 E
851 1194 1084 1262 CODICIBUS
1105 1193 1318 1262 PARISINIS
1337 1193 1551 1282 ALIISQUE.

310 1459 388 1521 Cum
409 1481 507 1544 nuper
527 1461 652 1523 Parisios
666 1463 823 1538 adiissem,
847 1465 872 1525 si
890 1464 965 1525 sorte
974 1466 1140 1524 invenirem
1155 1467 1188 1525 in
1198 1473 1282 1525 tanta
1296 1462 1395 1525 Godd.
1404 1461 1640 1525 Salustianoruru

229 1565 474 1648 eopia‚(quorum
485 1587 637 1628 recensum
647 1569 713 1629 vide
724 1591 772 1651 ap.
782 1571 1034 1630 Monteialconem
1047 1571 1081 1630 in
1090 1570 1207 1651 Indice)
1219 1591 1284 1652 quae
1293 1572 1427 1651 priorum
1439 1569 1586 1631 editorum
1594 1589 1641 1628 aa·

227 1673 383 1751 gacitatem
405 1675 570 1756 fugissent,
588 1675 719 1735 intellexi
740 1674 861 1757 quidem
882 1696 949 1737 rere
968 1675 1073 1736 diuisae
1091 1675 1129 1739 V.
1146 1675 1194 1741 Gl.
1213 1676 1406 1751 Burnuflum,
1429 1678 1526 1735 multo
1546 1675 1641 1756 pluri-

227 1792 294 1836 mos
315 1777 370 1839 Ma.
390 1799 498 1860 parum
519 1783 694 1842 auctoritate
711 1786 825 1857 valere3
845 1804 918 1843 nam
939 1793 968 1844 et
987 1785 1165 1846 recentiores
1186 1794 1272 1861 sunt,
1291 1803 1387 1864 nequa
1408 1785 1523 1862 optima
1544 1801 1642 1841 exem-

226 1883 323 1961 plaria
344 1883 458 1946 librarii
477 1886 619 1950 ridentur
638 1907 699 1947 esse
719 1889 831 1962 secuti3
865 1891 927 1950 imo
946 1894 995 1953 rel
1016 1891 1050 1950 in
1070 1899 1221 1972 acaptare
1245 1885 1449 1970 discrepantiis
1469 1888 1555 1947 nulla
1584 1889 1642 1946 lere

228 1985 395 2050 diversitas·
410 1991 448 2050 ab
474 1993 529 2067 iis,
556 2012 632 2074 quos
663 1995 811 2072 plurimos
837 2001 899 2071 jam
927 2007 1015 2054 aurea
1045 1999 1291 2060 examinaverum.
1333 1994 1391 2055 Sed
1422 1993 1523 2055 inreni
1543 2003 1642 2052 tamen

227 2113 336 2171 paucos
374 2095 483 2171 libros,
522 2099 574 2177 qui
616 2100 780 2156 accuratius
820 2118 890 2158 cum
929 2097 1018 2158 editie
1059 2099 1280 2175 conserventur,
1322 2096 1529 2175 dignissimos,
1563 2117 1642 2178 quo·

228 2217 294 2258 rum
314 2201 457 2282 optimus,
477 2202 537 2261 &c
556 2199 600 2260 lx
618 2205 665 2263 rel
691 2204 783 2262 initio
810 2202 883 2263 See.
904 2202 933 2261 x
952 2203 1097 2283 scriptus,
1119 2201 1201 2282 quod
1222 2205 1256 2260 in
1278 2201 1422 2280 Gatalogo
1443 2200 1641 2260 Moutalalco-

227 2307 274 2363 nis
294 2326 356 2365 non
378 2306 544 2388 descriptus
564 2309 674 2382 iuerat,
695 2306 794 2367 adhuc
814 2329 832 2368 a
852 2311 940 2368 nullo
961 2291 1078 2369 editore
1099 2307 1130 2366 in
1152 2307 1282 2368 Salustio
1303 2304 1482 2366 recensendo
1502 2307 1535 2364 in
1557 2311 1641 2365 euxi-

227 2411 303 2469 lium
324 2423 447 2474 vocatus
467 2433 527 2474 esse
546 2412 675 2474 videtur.
713 2415 819 2495 Itaque
840 2434 875 2475 eo
895 2415 1012 2475 facilius
1032 2412 1185 2489 adducor,
1215 2423 1251 2473 ut
1278 2420 1419 2494 quattuor
1439 2411 1642 2494 prestantissi-

227 2537 345 2578 morum
367 2518 513 2579 librorum
534 2521 677 2581 lectiones
695 2519 921 2603 diligentissime
940 2523 1100 2602 exscriptas
1127 2520 1160 2580 in
1181 2517 1347 2602 appendice
1367 2515 1484 2600 publici
1503 2517 1576 2595 juris
1597 2519 1641 2574 la-

226 2622 315 2685 ciam.
354 2625 505 2709 Integrnm
535 2629 616 2687 enim
646 2631 785 2690 omnium
812 2626 978 2710 Codicum,
1009 2647 1086 2710 quos
1107 2637 1137 2687 et
1157 2628 1191 2686 in
1210 2625 1364 2699 Helvetia,
1385 2635 1415 2684 et
1434 2627 1468 2684 in
1487 2621 1574 2682 ltalia
1594 2634 1642 2684 at·

135 2735 139 2744 ’
227 2749 285 2808 que
299 2729 398 2787 Gallia
418 2735 550 2810 contuli,
569 2737 758 2809 varietatem,
779 2756 870 2814 quam
893 2738 983 2794 multi
1003 2755 1021 2793 a
1043 2755 1091 2793 me
1119 2730 1345 2813 flagitaverunt,
1374 2751 1438 2790 non
1458 2730 1541 2810 prius
1561 2731 1643 2790 evul-

225 2851 295 2913 gare
314 2833 476 2907 constitui,
497 2852 586 2912 quam
603 2835 728 2890 Codices
742 2835 930 2890 Britannicos
951 2836 1176 2890 examinassem.
1197 2835 1240 2890 Ac
1260 2837 1392 2910 primum
1410 2833 1487 2890 Cod.
1505 2834 1584 2908 57⁴8
1597 2834 1640 2910 (b)

226 2942 311 3012 cujus
331 2955 440 3016 paucas
468 2934 612 2996 lectiones
631 2937 792 2994 Burnulius
821 2938 1023 3015 exscripserat,
1050 2937 1158 2992 iterum
1181 2934 1363 3006 examinari,
1399 2951 1488 3014 quem
1509 2939 1576 2996 Saea.
1597 2937 1641 2994 xl

225 3042 368 3122 scriptum
397 3062 459 3103 erse
486 3041 600 3120 judico.
642 3043 744 3101 Multae
772 3043 874 3124 glossae
895 3051 925 3100 et
951 3059 1040 3120 supra
1053 3033 1177 3098 ¹lineam
1199 3049 1229 3097 et
1256 3037 1289 3096 in
1316 3040 1451 3122 margine
1470 3038 1640 3123 adscripto,

226 3149 354 3207 auctoris
365 3127 454 3210 verba
469 3150 574 3230 saepius
588 3151 712 3229 antiqua
724 3150 770 3206 vel
782 3145 885 3206 cadem
906 3163 999 3205 manu
1021 3143 1196 3218 emendam
1217 3163 1233 3204 a
1254 3155 1346 3222 ctae,
1366 3163 1384 3205 o
1403 3155 1433 3205 et
1452 3155 1465 3204 t
1485 3147 1640 3227 saepissime

226 3263 256 3312 et
276 3254 310 3312 in
331 3253 434 3314 eadem
461 3275 536 3322 soce
563 3263 693 3320 mutate.
735 3252 777 3312 Ex
797 3253 1049 3336 interpunctionis
1069 3251 1161 3333 sigula
1183 3252 1310 3312 maxime
1329 3252 1641 3332 semicolon-usurpa·

226 3369 303 3421 tum.
344 3359 534 3441 Compendiis
566 3366 718 3442 scripturae
744 3361 892 3442 plurima,
928 3370 957 3418 et
993 3351 1173 3439 antiquioris
1209 3355 1427 3440 orthographiae
1463 3357 1640 3438 paucinima

225 3467 359 3546 vestigia.
379 3465 477 3526 Etiam
497 3465 567 3528 Aac.
588 3470 668 3547 plur.
691 3467 725 3527 in
746 3465 772 3525 ia
790 3470 894 3525 rarior.
924 3465 1061 3525 Praeterea
1082 3463 1160 3524 cod.
1180 3463 1270 3537 6085,
1290 3475 1320 3524 et
1339 3465 1437 3545 ipsum
1458 3485 1476 3522 a
1495 3461 1639 3523 Buruufio

160 3562 165 3572 ’
227 3574 388 3646 collatum,
410 3574 462 3651 qui
483 3571 656 3632 melioribua
675 3571 760 3631 libris
780 3569 1022 3631 adnumemndna
1041 3578 1070 3628 et
1100 3579 1204 3649 praeter
1224 3569 1386 3629 Catilinam
1407 3573 1436 3629 et
1455 3567 1637 3652 Jugurlham

226 3675 302 3736 Julii
316 3677 520 3756 &superantii
534 3676 671 3738 libellum
690 3677 828 3740 etl’ublii
839 3678 905 3757 Syri
913 3677 1022 3736 Mimos
1032 3675 1185 3754 eontinet,
1206 3674 1314 3732 iterum
1334 3676 1509 3735 examinavi.
1538 3675 1640 3756 Scrip-

228 3792 295 3841 tura
315 3783 409 3864 priori
430 3783 600 3864 simillima,
621 3784 678 3843 uisi
699 3783 782 3865 quod
802 3769 896 3865 magis
915 3782 1118 3861 antiquiorem
1140 3777 1385 3863 orthographiam
1407 3789 1516 3846 tuetur.
1631 3829 1634 3836 .

327 3887 443 3948 Tertius
470 3887 547 3946 liber
574 3899 618 3949 est
637 3875 768 3948 'l'huan'i
789 3887 867 3950 cod.
888 3887 966 3967 6095
988 3885 1040 3968 (a)
1060 3886 1226 3954 Membran.
1241 3887 1336 3946 initio
1355 3887 1424 3948 Saec.
1445 3887 1509 3951 XV.
1530 3889 1580 3948 sed
1599 3882 1638 3946 ab

227 3993 345 4072 optimo
365 3993 445 4053 libro
462 3992 635 4074 ‘descriptus
654 3995 706 4074 qui
729 3996 836 4054 multas
856 3994 1040 4076 optimarum
1062 3995 1225 4053 lectionum
1248 3998 1406 4055 confirmat
1418 4005 1456 4056 cl
1474 3996 1507 4053 iu
1529 3996 1638 4053 melio·
1694 4065 1697 4072 .

227 4097 310 4158 sibus
330 4097 416 4159 libris
436 4097 591 4159 habendus
611 4109 671 4159 esta
692 4099 803 4161 Insunt
823 4099 972 4174 Catilina,
991 4096 1151 4180 iugurtha,
1171 4099 1213 4162 1v
1234 4097 1416 4161 Catilinarise
1436 4098 1589 4159 Ciceronis
1608 4109 1637 4160 et
1751 4150 1756 4162 a

227 4203 412 4265 Deelematio
440 4207 473 4267 in
500 4205 675 4266 Salustium.
712 4204 1017 4284 Consentitquidem
1040 4205 1234 4286 supinarum
1256 4203 1506 4264 tribusPariaieia
1527 4207 1636 4262 melio-

228 4309 329 4384 ribus,
347 4309 409 4390 ped
435 4311 539 4374 insum
564 4314 708 4377 lectiones
726 4315 854 4393 propriae
883 4313 955 4372 satis
986 4313 1105 4386 multe,
1132 4329 1230 4390 neque
1258 4329 1298 4367 eae
1325 4307 1564 4384 contemnendae,
1593 4312 1635 4369 ita
