4050 5009
1654 390 1725 473 133

320 600 423 664 aar.
442 596 520 671 Tac
548 594 663 661 Germ.
684 586 736 669 ie.
758 594 795 657 et
818 588 964 674 interpp.
987 588 1033 651 ad
1054 588 1128 653 hec
1147 586 1241 667 locs3
1271 580 1385 651 uitam
1404 576 1574 677 refutem
1593 586 1729 657 dicmm

185 684 198 691 ’
280 752 284 758 .
318 710 358 768 ut
371 725 404 766 v.
418 700 609 785 aspernari,
630 718 806 773 mensore·
822 695 953 774 sed,ni
969 696 1098 785 fallor,
1113 694 1202 761 alibi
1218 712 1290 774 non
1305 691 1463 757 occurrit.
1483 695 1606 759 ·.-roi
1623 698 1727 763 Dum

318 803 486 906 inferior
495 802 598 872 omni
613 803 674 870 uia
689 779 961 895 grassaretur
950 826 974 871 ι
994 822 1024 868 e.
1045 823 1123 866 cum
1141 800 1275 865 viribus
1290 796 1462 863 infirmior
1477 799 1596 863 omnia
1615 806 1725 867 tenta-

317 921 386 992 ret3
404 914 477 979 baec
495 915 540 977 de
548 911 700 977 Sertorio
712 912 805 976 drcta
810 909 945 988 Judrcat
956 906 1061 971 Debr.
1079 928 1110 971 νι
1105 903 1218 990 quod
1232 908 1350 969 Douza
1366 904 1511 983 conjecit
1529 928 1607 971 cum
1620 926 1726 993 prop-

317 1025 371 1082 ter
398 1017 485 1102 alia,
513 1027 587 1083 tum
616 1026 761 1103 propter
787 1012 988 1097 appositum
1017 1007 1119 1075 omni
1143 1010 1370 1089 rejiciendum
1395 1019 1455 1075 est·
1477 1007 1532 1075 iia
1554 1008 1728 1103 grassari

316 1126 410 1207 apud
429 1122 570 1199 Livium
595 1122 719 1205 sepius
742 1118 881 1205 legitur.
902 1115 962 1180 cfr.
988 1139 1017 1180 a.
1040 1134 1077 1179 ra
1098 1123 1131 1181 et
1153 1133 1201 1201 27.
1222 1111 1415 1206 inferior
1403 1138 1429 1181 ι.
1448 1136 1477 1185 e.
1499 1118 1640 1203 opibus,
1659 1136 1727 1203 po-

317 1228 438 1293 tentia.
458 1230 579 1290 -roti-
598 1225 777 1293 Narbone
793 1217 951 1289 eoncilia
969 1222 1174 1287 Gallorum.
1196 1221 1257 1287 cfr.
1274 1240 1375 1307 supra
1390 1242 1467 1308 pag.
1491 1228 1538 1287 ιδ.
1553 1244 1588 1287 ιι.
1606 1226 1724 1293 ηαδ.-

318 1332 385 1399 Aa
398 1328 509 1399 Jovis
527 1329 695 1395 mandem
719 1336 862 1395 nostru.
885 1328 1057 1410 templum
1086 1325 1254 1413 intelligit
1275 1330 1401 1391 Donat.
1421 1328 1488 1393 Sed
1510 1330 1640 1414 Dousa,
1660 1330 1724 1413 qui

316 1438 372 1501 bis
390 1456 529 1501 sensum
550 1436 662 1499 inesse
680 1435 845 1519 negabat,
866 1429 909 1495 id
925 1432 1018 1497 Joci
1032 1434 1199 1499 mandem
1218 1442 1346 1499 nostro
1368 1433 1441 1519 legi
1455 1432 1567 1513 jussit.
1595 1437 1661 1499 Sed
1682 1436 1725 1502 in

316 1542 445 1607 tatibus
475 1539 677 1627 fragmentis
704 1559 820 1621 neque
850 1538 1074 1623 coniectoris,
1099 1549 1212 1621 neque
1240 1538 1521 1624 interpretationi
1542 1540 1638 1608 locus
1662 1550 1727 1609 ert.

319 1669 438 1733 '¹⁰9·''
456 1644 586 1715 Morbi
597 1664 726 1734 graves
745 1643 792 1709 ob
815 1642 974 1710 inedium
994 1640 1148 1709 insolita
1168 1642 1392 1709 vescentibus
1417 1654 1508 1711 recte
1524 1650 1640 1711 Doum
1657 1654 1725 1711 sta·

317 1753 404 1837 tuit,
422 1755 467 1816 de
491 1750 643 1816 exercitu
666 1749 880 1815 Mithridatis
904 1750 978 1838 agi,
998 1750 1159 1834 quicum
1184 1750 1343 1836 Cyzicum
1368 1751 1560 1831 obsideret,
1589 1770 1725 1819 summa
1834 1819 1838 1826 ,

317 1857 440 1993 inppia
461 1859 651 1922 laborabat
680 1856 741 1921 cfr.
765 1858 856 1921 Plut.
882 1859 923 1925 V
951 1860 1032 1925 Luc.
1055 1877 1083 1943 c.
1112 1879 1159 1921 ιι.
1186 1882 1280 1947 ταχυ
1272 1843 1337 1931 ii
1346 1842 1448 1961 ἐξιῤ“’
1385 1885 1467 1963 sppcq
1485 1886 1520 1931 το
1515 1844 1719 1959 φνλέτνμον

316 1969 417 2044 mirsi
433 1968 492 2044 eet
512 1955 712 2070 φνλᾶνοινιον,
732 1968 766 2045 ι’ν
784 1956 938 2056 uiritim
955 1956 1120 2073 ysopsirer
1137 1970 1200 2047 riis
1218 1971 1380 2071 ἀπορίινν,
1410 1964 1465 2057 cic
1492 1974 1519 2047 oi
1538 1974 1721 2085 recurrisset
1750 1982 1760 1997 '

316 2092 512 2181 συνείχοντο,
541 2090 601 2163 uui
627 2091 689 2165 τῖον
707 2084 1017 2188 ἀνθρωποφωγᾶον.
1035 2094 1193 2178 Appian.
1217 2096 1316 2160 deb.
1340 2095 1498 2159 Mithrid.
1524 2118 1622 2176 7a.·
1603 2116 1726 2159 -.-ιιο

317 2199 445 2279 Atque
461 2218 504 2261 ea
522 2203 691 2286 cogentes
709 2216 784 2260 non
800 2207 954 2260 coaetos
963 2200 1133 2260 scelestos
1148 2196 1263 2285 magis
1283 2218 1391 2278 quam
1407 2196 1557 2262 miseros
1574 2194 1726 2262 distrin-

314 2300 366 2393 gi.
387 2303 485 2365 iocus
512 2316 584 2364 non
611 2300 745 2394 integer
767 2319 839 2364 esse
857 2299 995 2363 videtur
1010 2305 1070 2362 aut
1090 2298 1196 2363 verba
1220 2299 1269 2362 ita
1290 2307 1370 2361 sunt
1392 2301 1552 2385 abrupta,
1572 2308 1612 2364 ut
1632 2309 1724 2367 reete

316 2407 481 2493 explicari
501 2406 561 2471 rix
579 2405 724 2491 possint.
748 2403 852 2473 Debi.
875 2407 949 2468 hmo
970 2406 1015 2467 ad
1039 2406 1215 2469 Romanos
1235 2402 1387 2489 captivos
1403 2414 1556 2491 spectare
1569 2407 1723 2493 judicat,

316 2501 377 2596 qui
401 2532 422 2575 a
449 2510 605 2598 fugitivis
631 2511 740 2575 coacti
767 2510 894 2598 gladiis
914 2512 1174 2597 depugnabant3
1196 2510 1268 2590 ejus
1292 2512 1532 2597 interpretatio
1558 2517 1632 2581 haeo
1657 2524 1723 2583 est:

314 2619 451 2696 ..iurent
468 2618 558 2682 ainsi
576 2618 786 2704 contraints5
805 2638 878 2683 non
897 2637 988 2703 pour
1008 2638 1119 2683 aucun
1139 2618 1262 2704 crime,
1290 2617 1352 2702 qui
1369 2618 1464 2685 leurs
1486 2618 1546 2685 etit
1565 2619 1634 2685 tate
1649 2640 1722 2687 me·

315 2725 403 2789 riter
419 2724 524 2789 d’itre
546 2718 650 2788 livris
676 2722 697 2787 i
722 2726 757 2789 la
777 2733 867 2790 mort
887 2747 932 2790 en
954 2724 1123 2809 spectacle
1146 2726 1280 2809 publio,
1302 2725 1389 2823 mais
1405 2747 1469 2811 par
1485 2728 1519 2792 le
1541 2730 1614 2793 seul
1633 2729 1722 2792 mal·-

315 2833 405 2894 beur
422 2830 466 2891 de
486 2829 578 2891 leurs
601 2829 782 2903 situation,
802 2828 823 2892 i
846 2850 882 2893 se
902 2825 1061 2895 dichirer
1085 2838 1119 2894 et
1140 2829 1159 2891 i
1181 2831 1437 2914 s’entr'egorger
1460 2832 1721 2898 eux-mimen‘

315 2936 385 2996 Sed
414 2927 587 3016 distringi
608 2949 673 3011 pro
699 2927 810 3016 ferro
846 2934 1012 2994 lacerare
1047 2930 1212 3012 exemplis
1240 2940 1314 2993 erat
1348 2932 1609 3013 illustrandum
1641 2954 1723 2999 nam

316 3030 496 3123 distringi
511 3033 652 3117 proprie
668 3039 718 3096 cst
739 3022 890 3110 aliquem
907 3032 1059 3095 diductis
1075 3041 1178 3115 atque
1197 3033 1353 3100 distentis
1378 3036 1538 3101 manibus
1559 3038 1724 3123 pedihus·

317 3161 386 3241 que
407 3140 652 3225 constringere.
673 3136 733 3199 cfr.
744 3136 821 3198 Sen.
837 3137 938 3199 dev
955 3138 1009 3199 B
1001 3136 1114 3211 ..alm
1129 3136 1264 3224 alligati
1278 3148 1371 3222 sunt,
1394 3140 1456 3203 alu
1466 3146 1636 3221 adstricti
1657 3146 1721 3209 alii

317 3246 465 3311 districti
480 3264 627 3327 quoquc
633 3250 651 3286 ⁹
671 3246 745 3307 baec
764 3240 873 3327 igitur
890 3242 1074 3305 vernacula
1092 3244 1139 3306 ita
1159 3245 1329 3329 explicare
1346 3245 1462 3309 licuit.
1483 3250 1588 3323 ..darn
1604 3252 1722 3317 nothi-

316 3356 408 3441 gend
426 3353 522 3417 nicht
536 3349 734 3439 genitbigt‚
753 3347 1031 3417 verbrechcrisch
1050 3352 1150 3415 mehr
1166 3352 1217 3415 als
1228 3351 1612 3441 bedaurungswiirdig‚
1630 3376 1722 3421 wur-

318 3463 385 3525 den
407 3459 457 3524 sie
478 3458 542 3522 mit
556 3463 830 3544 ausgespannten
850 3455 1016 3519 Gliedern
1036 3454 1223 3542 gessissemt
1249 3460 1322 3525 baec
1343 3460 1381 3523 in
1398 3461 1549 3543 captivos
1569 3460 1639 3526 dici
1656 3482 1721 3547 po·

317 3574 429 3630 terant
442 3574 477 3629 et
495 3563 656 3648 inprimis
672 3562 711 3624 in
726 3561 910 3647 fugitivos,
928 3561 989 3643 qui
1004 3570 1081 3645 post
1092 3562 1254 3627 ultimum
1275 3566 1437 3647 proelium
1452 3586 1472 3629 a
1489 3570 1608 3632 Crasso
1623 3569 1717 3635 cruci

317 3668 554 3757 affigebantur.
581 3690 700 3733 -111.-
728 3664 903 3733 Gravior-i
932 3668 1043 3752 bello,
1066 3663 1131 3749 qui
1151 3664 1382 3749 prohibituri
1405 3680 1596 3754 venerunt,
1626 3672 1719 3740 socii

316 3772 463 3865 frigere.
486 3783 563 3859 apta
590 3782 623 3837 et
643 3774 810 3838 concinna
833 3771 1009 3837 ciacconii
1031 3773 1224 3851 conjecture
1241 3768 1403 3860 fregere.
1434 3776 1500 3839 Sed
1519 3784 1591 3861 tum
1614 3780 1718 3845 etiam

279 3900 285 3918 ·
317 3884 438 3947 socios
454 3884 707 3946 emendandum
726 3888 793 3959 est;
821 3888 935 3961 neque
953 3878 1056 3941 Debr.
1075 3876 1312 3962 interpretatio
1336 3878 1541 3961 rejicienda,
1562 3887 1624 3968 qui
1643 3890 1717 3952 haec

319 3989 363 4047 ad
382 3986 593 4051 Fimbrianas
612 3984 767 4072 legiones
784 3986 957 4069 pertinere
971 3982 1103 4062 judicat
1109 4008 1119 4061 ;
1150 3984 1278 4069 quippe
1301 4006 1377 4067 quae
1407 4006 1427 4051 a
1455 3990 1551 4052 Sulla
1578 3992 1617 4053 in
1636 3990 1715 4053 Asia

319 4089 467 4168 relictae,
487 4092 634 4175 primum
652 4094 804 4155 Muraena
819 4094 905 4153 duce
925 4098 958 4153 et
974 4091 1100 4173 postea'
1108 4087 1209 4154 sociis
1226 4091 1335 4177 magis
1353 4090 1452 4158 oneri
1473 4116 1576 4177 quam
1599 4092 1716 4177 praesi-

321 4196 381 4262 dio
393 4196 542 4260 fuerunt.
563 4218 675 4282 neque
693 4196 786 4261 bello
791 4190 938 4285 frigere
958 4193 1029 4258 dici
1049 4180 1147 4277 posse
1163 4197 1369 4279 putarerim3
1391 4219 1470 4262 nam
1485 4200 1580 4262 bello
1597 4203 1716 4261 exorto

320 4302 438 4393 potius
466 4303 579 4371 calent
608 4312 643 4371 et
669 4304 815 4389 flagrant
843 4300 983 4380 omnia,
1018 4299 1198 4387 ipsumque
1227 4302 1358 4373 bellum
1382 4304 1564 4391 sepissime
1595 4304 1724 4375 πάνια·
