4050 5009
518 387 569 486 98

516 561 650 640 eadem
663 559 747 640 hoec
769 561 1016 642 simulantem
1039 564 1214 643 videam:
1238 562 1504 668 utaliquando
1527 575 1595 638 aut
1612 556 1717 665 apud
1742 575 1828 646 sos,
1852 561 1918 628 out

517 687 624 792 apud
643 689 744 764 Deos
767 687 992 763 immortalis
1012 713 1142 766 serum
1169 688 1429 764 humanarum
1447 715 1538 764 cura
1559 685 1731 763 oriatur:
1757 705 1817 756 nae
1837 675 1917 762 ille,
2015 775 2016 786 ἵ

517 812 587 916 qui
606 839 713 887 nunc
730 811 932 888 sceleribus
954 811 1032 886 suis
1050 813 1155 890 ferox
1178 829 1292 916 atque
1309 813 1512 918 praeclarus
1528 828 1598 902 est,
1620 807 1799 886 omnibus
1810 800 1916 878 malis

517 936 768 1025 excruciatus,
791 934 995 1040 impietatis
1009 935 1049 1010 in
1063 953 1260 1042 parentem
1276 953 1467 1026 nostrum,
1486 935 1612 1011 fratris
1634 933 1709 1008 mei
1729 929 1832 1007 necis
1845 949 1919 1001 me-

517 1085 705 1162 arumque
726 1058 964 1136 miseriarum
981 1061 1102 1166 gravis
1116 1086 1248 1164 poenas
1270 1061 1413 1136 reddat.
1445 1063 1526 1134 Iam
1543 1060 1620 1134 iam
1632 1057 1762 1143 frater,
1790 1052 1917 1129 animo
2015 1081 2016 1094 ¹

517 1211 601 1260 mco
629 1183 1110 1287 carissume,·quamquam
1133 1186 1204 1260 tibi
1227 1186 1450 1276 immaturo,
1476 1201 1515 1260 et
1534 1183 1638 1259 unde
1663 1182 1838 1256 minume
1859 1174 1918 1250 de-

517 1309 619 1413 cuit,
639 1307 715 1383 vito
747 1324 875 1413 erepta
911 1325 987 1384 est:
1004 1325 1151 1386 ·tamen
1178 1309 1388 1385 laetandum
1411 1309 1541 1412 magis¹
1561 1334 1680 1410 quam
1712 1301 1921 1391 dolendum
2015 1293 2016 1366 Ὗ

478 1527 482 1536 Ι
517 1448 614 1537 puto
634 1457 764 1506 casum
785 1449 917 1526 tuum,
944 1459 1026 1507 non
1048 1434 1154 1510 enim
1174 1461 1353 1539 regnum,
1378 1433 1443 1508 sed
1466 1432 1615 1538 fugam,
1636 1429 1829 1518 exsilium,
1843 1451 1920 1531 ege

518 1572 653 1632 statem
670 1573 707 1631 et
726 1556 849 1631 omnis
865 1555 955 1646 has,
982 1583 1069 1658 quae
1088 1583 1149 1632 me
1169 1573 1372 1660 premunt,
1399 1581 1587 1632 aerumnas
1613 1580 1704 1629 cum
1729 1553 1859 1628 anima
1876 1550 1920 1623 si-

519 1680 602 1754 mul
618 1679 782 1755 amisisti.
817 1682 867 1754 At
889 1706 957 1786 ego
978 1680 1132 1771 infelix,
1169 1681 1211 1756 in
1240 1696 1346 1754 tanta
1371 1679 1471 1756 mala
1501 1679 1761 1784 praecipitatus
1787 1704 1832 1752 ex
1859 1703 1921 1780 pa-

520 1806 594 1880 trio
628 1831 767 1910 regno,
797 1830 927 1879 rerum
961 1803 1222 1880 humanarum
1257 1801 1517 1907 spectaculum
1546 1805 1697 1905 praebeo
1725 1802 1922 1876 :incertus

520 1928 616 2032 quid
638 1955 763 2033 agam,
788 1944 922 2003 tuasne
947 1926 1107 2002 iniurias
1132 1953 1352 2033 persequar,
1377 1927 1455 2031 ipse
1479 1926 1612 2001 auxilii
1641 1952 1769 2032 egens3
1793 1953 1844 2001 an
1870 1950 1923 1998 re·
1954 1925 1957 1933 ’

519 2079 595 2158 gno
608 2051 824 2142 consulam,
849 2051 958 2126 cuius
975 2052 1061 2126 vilae
1078 2051 1254 2152 necisque
1275 2067 1434 2154 potestas
1454 2076 1500 2125 cx
1521 2049 1657 2153 opibus
1679 2049 1814 2124 alienis
1833 2075 1924 2154 pen-

521 2178 594 2252 det.
633 2177 792 2251 Utinam
814 2176 934 2250 emori
960 2174 1124 2250 fortunis
1154 2175 1247 2249 meis
1274 2173 1453 2249 honestus
1480 2175 1600 2268 exitus
1627 2177 1740 2248 esset!
1768 2199 1845 2248 neu
1868 2173 1919 2247 vi-

521 2329 607 2378 vere
632 2317 874 2406 contemptus
901 2300 1066 2392 viderer,
1090 2299 1121 2374 si
1157 2298 1317 2374 defessus
1349 2298 1459 2374 malis
1485 2298 1637 2373 iniurioe
1659 2297 1924 2379 concessissem,

521 2428 635 2502 Nunc
649 2453 769 2528 neque
790 2425 914 2500 vivere
944 2424 1072 2515 lubet,
1097 2450 1223 2528 neque
1240 2422 1339 2499 mori
1361 2423 1450 2498 licet
1468 2424 1551 2498 sine
1574 2421 1765 2499 dedecore.
1803 2425 1925 2496 Patres

523 2550 750 2653 conscripti,
765 2575 835 2653 per
852 2573 933 2638 vos,
955 2573 1024 2652 per
1049 2548 1208 2637 liberos,
1226 2563 1341 2650 atque
1358 2563 1533 2651 parentes
1550 2563 1707 2636 vestros,
1727 2571 1798 2649 per
1814 2546 1925 2620 maie

457 2696 466 2706 ‘
522 2688 658 2749 statem
685 2673 822 2777 populi
849 2670 1012 2747 Romani
1042 2671 1239 2762 subvenite
1272 2671 1406 2746 misero
1435 2669 1554 2744 mihi:
1577 2670 1629 2745 ite
1655 2669 1808 2746 obviam
1830 2669 1927 2744 iniu-

525 2799 609 2887 riae,
639 2797 759 2872 nolite
773 2796 877 2901 pati,
902 2821 1064 2902 mgnum
1080 2795 1289 2884 Numidioe,
1307 2795 1411 2897 quod
1430 2812 1597 2871 vestrum
1618 2810 1694 2885 est,
1715 2821 1785 2898 per
1809 2794 1925 2870 scelus

525 2938 564 2995 et
590 2921 814 3025 sanguinem
830 2919 985 2994 familiae
1006 2935 1143 2994 nostroe
1168 2919 1389 2994 tabescere.’'

524 3120 588 3181 hue
601 3121 705 3192 ecdem
723 3119 809 3178 Bern.
827 3140 853 3182 1.
865 3117 894 3179 3.
915 3128 965 3177 aut
976 3119 1045 3178 deos
1059 3116 1232 3178 itnmorlalis
1250 3115 1319 3184 Tur.
1340 3116 1424 3178 Bern.
1440 3123 1468 3180 3.
1489 3127 1521 3178 ul
1536 3117 1584 3180 ille
1597 3117 1648 3198 qui
1661 3137 1743 3178 nunc
1757 3121 1873 3180 reddat.
1893 3137 1925 3176 ne

523 3225 590 3284 Nm.
612 3225 731 3288 Parisc.
745 3223 831 3284 Rern.
844 3222 873 3293 A.
895 3232 928 3282 ut
945 3242 982 3282 ne
997 3222 1046 3282 ille
1064 3221 1131 3281 Seu.
1145 3242 1172 3282 2.
1194 3223 1293 3288 lieuss.
1313 3233 1382 3284 utet
1394 3234 1425 3283 nl
1445 3223 1542 3285 Guell.
1554 3226 1583 3284 6.
1605 3233 1638 3284 ul
1656 3223 1705 3284 ille
1712 3245 1816 3285 omnes
1824 3227 1879 3286 fen
1890 3225 1925 3283 li-

420 3379 422 3383 .
436 3369 439 3373 -
523 3331 751 3409 brisralrisque
764 3328 823 3388 mei
840 3327 909 3410 Teg.
922 3327 991 3386 Tur.
1011 3327 1045 3386 in
1056 3337 1207 3408 parentem
1215 3367 1225 3401 ,
1233 3327 1346 3404 fratris
1357 3329 1450 3399 neeis,
1467 3349 1599 3389 mearum
1610 3329 1796 3390 moesiorum
1808 3330 1890 3390 Bem.
1902 3350 1924 3391 ι.

524 3435 585 3496 iam
596 3436 677 3511 frat.
703 3435 812 3512 (allero
829 3431 890 3490 iam
901 3432 1028 3510 omisso)
1048 3431 1160 3492 Febris.
1181 3433 1276 3494 Struv.
1303 3431 1399 3493 Guelf.
1413 3435 1440 3493 5.
1470 3433 1628 3496 immaturo
1656 3434 1711 3512 tibi
1727 3436 1824 3502 Βίων.
1845 3455 1924 3518 pron.

525 3560 585 3598 om.
603 3539 683 3598 Vtut.
700 3559 727 3598 n.
748 3548 777 3598 et
792 3539 881 3597 unde.
896 3545 923 3596 et
942 3556 1003 3595 om.
1015 3537 1095 3596 Leid.
1111 3559 1137 3596 e.
1159 3537 1312 3604 nonenim
1327 3559 1459 3618 regnum,
1479 3542 1569 3600 modo
1585 3540 1701 3622 addunt
1719 3541 1789 3602 vin.
1803 3563 1832 3602 a.
1852 3542 1923 3602 Vnt.

529 3664 555 3708 2.
577 3663 701 3722 reguum
716 3653 799 3702 lwun
817 3642 879 3701 Bas.
896 3661 922 3701 ι.
941 3641 1036 3702 solum
1055 3640 1176 3702 fabra.
1198 3641 1295 3702 Guelf.
1312 3643 1340 3702 5.
1364 3644 1523 3705 Ιιαεοιηηίε
1542 3646 1612 3706 Tur.
1634 3645 1720 3706 Bern.
1738 3667 1763 3706 1.
1784 3667 1849 3727 qum
1860 3665 1923 3728 pre-

526 3757 612 3807 munt
630 3747 715 3806 Bern.
732 3748 761 3818 4.
785 3755 960 3826 egestatem,
980 3746 1077 3806 omm's
1102 3745 1163 3805 Bos.
1177 3745 1205 3818 A.
1236 3765 1273 3806 ne
1291 3747 1386 3810 viem
1405 3752 1504 3832 vulgo.
1535 3771 1591 3810 neu
1612 3749 1710 3811 Guell.
1725 3753 1756 3824 4.
1784 3751 1922 3815 Commel.

429 3881 437 3894 ·
527 3853 638 3912 miore
656 3855 754 3932 plures
762 3850 874 3910 Wcssii.
892 3845 1026 3912 hortulus
1039 3858 1106 3909 esset
1126 3849 1219 3916 exitus
1237 3851 1306 3911 Tur.
1327 3853 1401 3912 Bern
1414 3874 1439 3912 ι.
1460 3855 1671 3916 concessissem.
1683 3855 1787 3937 Neque
1806 3858 1887 3922 Rern.
1902 3876 1923 3913 ι.

524 3976 578 4036 per
591 3976 650 4028 vos,
662 3975 717 4035 per
733 3954 835 4015 locros
848 3964 934 4033 alque
948 3963 1084 4034 parentes
1099 3966 1207 4016 vestros
1220 3952 1281 4016 haee
1295 3958 1429 4017 omnium
1445 3961 1503 4020 sere
1517 3959 1614 4020 Godd.
1629 3964 1728 4028 lectio.
1753 3985 1807 4044 per
1823 3973 1922 4025 neuros

527 4060 630 4120 liberos
645 4071 732 4135 olth
742 4069 877 4139 parentes
886 4068 992 4120 vestros
1008 4059 1103 4120 suuv.
1124 4060 1247 4120 obtestor
1266 4062 1423 4122 intrudunt
1443 4064 1545 4124 incest.
1563 4086 1589 4124 ι.
1612 4066 1710 4128 Guell.
1726 4089 1774 4130 ιι.
1804 4069 1885 4130 Rem.
1900 4087 1922 4124 ι.

527 4185 582 4224 oro
598 4162 713 4223 addunt
732 4164 837 4224 Fraus.
855 4164 934 4224 Vrat.
947 4163 976 4223 ὅ.
995 4183 1114 4242 pervus
1131 4165 1234 4226 liberos
1250 4167 1352 4232 insert.
1368 4189 1393 4227 1.
1420 4188 1475 4247 per
1487 4190 1538 4230 vos
1553 4170 1657 4232 liberos
1672 4182 1761 4252 olqsae
1773 4196 1839 4256 pur.
1858 4173 1918 4235 Ecc.

529 4289 598 4329 cum
612 4267 726 4330 duobus
737 4271 800 4329 aliis
818 4268 899 4330 Cort.
921 4266 997 4328 mihi
1012 4268 1116 4330 misero
1144 4270 1205 4330 Bas.
1222 4291 1246 4330 ι.
1260 4269 1289 4342 4.
1311 4271 1395 4339 Bcrn.
1412 4278 1439 4338 3.
1460 4285 1488 4336 et
1499 4297 1554 4356 per
1567 4279 1744 4358 sangiunem
1764 4281 1848 4342 Bem.
1862 4277 1888 4340 5.
