4050 5009
565 276 636 355 162

561 456 673 564 luga,
691 478 737 531 ac
758 468 843 561 post
862 450 995 557 paralio
1018 447 1061 527 in
1083 446 1198 526 armis
1213 472 1320 551 spem
1345 444 1511 525 habere:
1536 446 1731 537 dubitare,
1754 444 1884 521 virtuti
1906 469 1952 518 aa

562 578 654 657 fidei
671 576 920 683 popularium
940 574 1068 649 minus
1086 571 1271 664 cruderea
1296 569 1369 662 ita,
1386 596 1632 675 quocumque
1648 570 1884 660 intenderat,
1903 591 1955 643 ret

561 705 730 783 advorsae
752 715 870 779 erant
923 696 996 773 Sed
1022 696 1203 771 intereas
1232 719 1358 771 moras
1381 704 1537 800 repente
1568 721 1645 771 sese
1674 694 1850 771 Metellus
1873 718 1955 767 cum

559 825 730 906 exercitu
752 818 924 899 ostendit.
971 818 1153 895 Numidae
1171 818 1221 892 ab
1245 816 1432 921 Iugurtha
1458 846 1530 922 pro
1554 832 1723 923 tempore
1752 818 1877 924 parati
1901 816 1956 890 ia·

559 948 799 1053 structique:
822 944 913 1020 dein
934 941 1113 1047 praelium
1134 942 1328 1046 incipitur.
1361 944 1451 1039 Qua
1474 943 1516 1017 in
1533 960 1641 1047 parte
1662 970 1729 1018 rex
1744 968 1881 1048 pugna
1895 940 1956 1014 ad·

561 1073 653 1163 suit,
678 1069 734 1147 ibi
767 1066 1010 1171 aliquamdiu
1035 1080 1245 1141 certatum:
1271 1066 1385 1141 ceteri
1410 1066 1491 1143 eius
1520 1094 1650 1142 omnes
1681 1067 1820 1143 milites
1842 1065 1958 1170 prima

562 1218 763 1305 congressu
794 1190 896 1295 pulsi
927 1189 1135 1295 fugatique
1190 1190 1353 1263 Romani
1389 1190 1585 1294 signorum
1613 1206 1651 1265 et
1675 1216 1870 1267 armorum
1898 1187 1962 1262 ali·

564 1334 714 1429 quanto
734 1340 913 1403 numero,
941 1310 1111 1391 hostium
1131 1340 1345 1417 paucorum
1367 1314 1508 1417 potiti:
1533 1342 1625 1389 nam
1649 1314 1768 1389 serrae
1788 1311 1962 1389 Numidas

515 1444 605 1537 ylla
628 1438 807 1521 amnibus
829 1437 971 1541 praeliis
994 1437 1113 1541 magis
1135 1436 1247 1539 pedes
1265 1464 1384 1538 quam
1403 1463 1508 1511 arma
1534 1452 1656 1512 tutata
1676 1454 1777 1512 sunt.
1810 1439 1864 1511 Ea
1882 1436 1964 1537 fuga

561 1562 748 1673 Iugurtha
779 1560 987 1665 impensius
1026 1559 1141 1635 modo
1172 1561 1284 1636 rebus
1311 1560 1388 1635 suis
1419 1559 1592 1639 diffidens
1624 1589 1714 1635 cum
1742 1561 1909 1664 perfugis
1931 1574 1966 1633 et

561 1704 671 1801 parte
691 1685 885 1789 equitatus
906 1684 948 1758 in
961 1683 1197 1777 solitudines,
1229 1683 1320 1758 dein
1332 1682 1496 1757 Thalam
1514 1685 1703 1788 pervenit,
1721 1684 1764 1758 ia
1786 1684 1966 1788 oppidum

562 1836 748 1921 magnum
786 1823 903 1913 atque
927 1805 1177 1910 opulentum,
1221 1806 1290 1882 ubi
1320 1806 1494 1912 plerique
1525 1805 1692 1883 thesauri
1729 1806 1967 1911 liliorumque

562 1936 644 2019 utus
672 1934 819 2013 multus
841 1930 1019 2035 pueritiae
1046 1930 1173 2005 cultus
1196 1946 1287 2007 erat.
1337 1932 1434 2027 Quae
1463 1947 1665 2033 postquam
1691 1931 1846 2006 Metello
1872 1958 1968 2005 cam·

563 2076 673 2173 partu
702 2076 813 2145 suat,
839 2080 1077 2160 quumquam
1096 2053 1199 2129 inter
1226 2052 1392 2130 Thalam
1411 2053 1638 2158 flumenque
1661 2055 1906 2159 pruximum,
1929 2054 1968 2128 ia

567 2296 593 2339 ι.
617 2276 718 2339 llruuc.
737 2260 818 2327 laid.
830 2280 872 2322 m.
892 2255 1010 2314 Martia.
1031 2249 1191 2332 placebant
1206 2249 1277 2310 bec.
1295 2250 1415 2317 Vtrub.
1433 2253 1587 2332 prefectos
1599 2252 1633 2313 in
1648 2256 1680 2314 d.
1701 2254 1792 2315 lead.
1808 2256 1968 2335 profectus·

564 2398 618 2465 qm
639 2379 697 2439 ino.
720 2392 760 2431 m.
772 2386 827 2427 rec.
848 2362 947 2424 Guelf,
959 2380 984 2417 ι.
1002 2374 1127 2437 praepos.
1147 2373 1209 2413 om.
1229 2355 1312 2414 leid.
1325 2377 1352 2416 c.
1374 2356 1408 2415 in
1415 2359 1530 2436 fugam
1548 2358 1667 2419 thisl.
1676 2357 1706 2420 ὅ.
1726 2358 1825 2424 Guell.
1841 2360 1871 2430 4.
1884 2381 1913 2440 9.
1928 2378 1968 2415 ιι.

561 2494 626 2571 poet
637 2478 738 2565 patilla
758 2473 875 2533 Gruter.
897 2465 960 2525 Bar.
976 2484 1002 2521 ι.
1024 2483 1092 2521 cum
1113 2458 1205 2519 tribua
1224 2462 1289 2518 aliis
1305 2460 1401 2521 Curtii
1424 2461 1514 2521 libris.
1535 2462 1616 2522 leid.
1631 2467 1653 2523 l.
1676 2464 1779 2543 paullo
1793 2473 1858 2543 pasl
1879 2464 1968 2523 ceteri.

565 2590 598 2653 iu
614 2584 707 2651 urmt't
720 2600 800 2663 spem
815 2573 922 2634 habere
943 2568 1003 2627 boc
1020 2565 1124 2625 ordina
1143 2584 1245 2623 omna
1259 2566 1317 2625 fere
1333 2565 1412 2625 libri.
1432 2586 1511 2645 rpem
1528 2566 1562 2626 ἰιι
1577 2568 1668 2629 armis
1687 2570 1729 2629 ita
1743 2568 1861 2628 Gruter.
1878 2581 1907 2628 et
1921 2580 1971 2628 uu

565 2692 659 2757 corui
677 2688 763 2749 bona
781 2692 868 2741 nota.
888 2673 998 2736 virtuti
1010 2669 1138 2746 an'flda’
1154 2666 1252 2749 popul.
1272 2668 1332 2730 hoe
1351 2672 1455 2731 ordine
1477 2671 1591 2732 Gmter.
1607 2685 1636 2733 et
1647 2674 1775 2735 warin
1795 2686 1824 2734 et
1843 2677 1972 2755 plerique

564 2798 644 2863 libri.
664 2792 734 2857 virt.
744 2808 813 2871 pop.
827 2778 954 2858 anfidei
971 2776 1059 2836 Fabr.
1077 2774 1174 2835 Guelf.
1186 2774 1215 2842 ὅ,
1227 2776 1256 2835 6.
1268 2778 1336 2850 fide
1354 2774 1467 2841 Fabria.
1482 2797 1507 2837 ι.
1523 2798 1554 2838 ue
1572 2778 1644 2837 Met.
1665 2781 1787 2859 plurimi
1801 2778 1900 2839 Codd.
1919 2798 1972 2839 sese

565 2904 628 2967 ltu.
645 2920 671 2963 ι.
692 2898 753 2961 ine.
769 2914 794 2953 ι.
813 2886 911 2949 Guelf.
926 2882 956 2948 3.
981 2881 1086 2941 Frane.
1113 2881 1247 2942 advorsa
1268 2888 1365 2940 erant.
1392 2891 1477 2943 eram
1489 2903 1548 2944 om.
1569 2880 1632 2943 Bas
1653 2884 1682 2955 l.
1703 2884 1895 2965 instructique
1907 2893 1970 2945 sunt

565 3012 606 3073 iu
623 3008 726 3088 uulgo.
747 3003 834 3060 eruut
849 2990 948 3051 Gucll.
960 2987 988 3058 l.
1007 2984 1110 3064 parati
1120 2994 1207 3045 erunt
1227 2983 1313 3046 instr.
1328 2983 1425 3044 Gueli.
1444 2986 1473 3046 6.
1501 2986 1624 3050 verbum
1644 3009 1705 3053 om.
1732 2990 1830 3050 Senat.
1844 3012 1871 3049 ι.
1891 2990 1970 3051 Fabr.

566 3116 631 3177 lieu.
654 3106 753 3171 Guell.
769 3122 797 3163 a.
813 3118 860 3158 ιο.
873 3115 920 3154 12.
941 3091 1059 3149 Gruter.
1079 3087 1202 3151 flavere.
1219 3100 1249 3148 et
1263 3088 1345 3154 leid.
1359 3100 1461 3169 praeter
1471 3091 1499 3149 k.
1520 3090 1659 3152 instructi
1671 3092 1780 3153 deinde
1794 3094 1858 3154 Bas.
1871 3096 1902 3167 4.
1917 3114 1971 3176 pu·

562 3240 634 3305 gna.
646 3210 758 3293 adfuit,
775 3219 885 3288 pugna
904 3217 965 3257 om.
984 3196 1088 3259 Sena.
1110 3194 1210 3253 Helias.
1232 3193 1369 3265 Guelil.
1383 3216 1428 3254 ιι.
1455 3205 1527 3255 cert.
1544 3205 1586 3258 ert
1613 3197 1673 3257 Erl.
1693 3198 1775 3264 Leid.
1787 3199 1817 3259 b.
1829 3222 1855 3262 e.
1868 3199 1898 3265 d.
1912 3221 1937 3260 c.
1952 3200 1970 3257 i.

564 3350 593 3413 q.
610 3324 643 3389 h.
664 3320 726 3382 llas.
739 3314 768 3385 l.
790 3310 876 3369 Bern.
888 3303 918 3365 3.
940 3299 1030 3361 celeri
1047 3319 1146 3364 omnes
1165 3298 1226 3359 aaa
1244 3298 1428 3361 militabat
1448 3300 1552 3361 ordine
1571 3303 1695 3383 plurimi
1715 3304 1795 3366 libri.
1815 3306 1905 3365 ceteri
1915 3304 1970 3364 eius

564 3446 665 3497 omna
678 3445 718 3485 m.
745 3418 817 3481 Tur.
837 3410 923 3473 Fabr.
942 3407 1005 3466 Bas.
1020 3426 1046 3470 ι.
1058 3404 1087 3476 A.
1107 3403 1197 3463 Acad.
1226 3404 1322 3467 Struv.
1341 3405 1402 3465 inc.
1415 3424 1443 3465 a.
1464 3404 1560 3467 Gueli.
1574 3426 1600 3466 ι.
1613 3425 1640 3466 a.
1660 3408 1742 3468 Laid.
1755 3408 1787 3473 b.
1798 3431 1824 3469 c.
1835 3410 1866 3468 d.
1879 3432 1905 3469 e.
1916 3412 1936 3468 l.
1944 3432 1969 3491 g.

564 3536 595 3599 h,
617 3530 742 3595 Bam.
771 3537 874 3583 omnes
893 3536 954 3575 om.
969 3512 1055 3575 Rern.
1070 3531 1096 3570 ι.
1121 3528 1147 3569 c.
1167 3529 1226 3569 om.
1245 3508 1307 3569 mat.
1324 3509 1384 3570 citu
1403 3512 1502 3571 inat.
1532 3511 1595 3571 mil.
1609 3522 1663 3574 cet.
1674 3513 1734 3577 eriis
1751 3535 1853 3575 omnes
1872 3516 1970 3575 ane.

559 3640 660 3727 primu
678 3646 827 3695 concursu
854 3619 940 3686 Fabr.
972 3616 1070 3676 Guell.
1084 3614 1113 3674 6.
1143 3613 1226 3673 Laid.
1240 3612 1273 3672 h.
1298 3615 1418 3674 tonina
1441 3627 1471 3675 et
1496 3616 1566 3675 Tur.
1580 3639 1621 3676 m.
1633 3638 1680 3697 pr.
1707 3637 1863 3698 eorrgrasau
1879 3622 1969 3679 cauri.

551 3736 796 3829 Μαιίᾴιιηιαιὶ
815 3729 897 3791 leid.
909 3746 936 3785 a.
947 3724 977 3784 (l.
986 3725 1007 3787 l.
1021 3743 1058 3781 n..
1071 3719 1178 3791 Μή.
1197 3718 1266 3783 Tur.
1287 3718 1371 3778 Bern.
1380 3721 1528 3800 &juguli
1537 3720 1620 3782 Ltld.
1637 3720 1668 3781 h.
1689 3732 1717 3782 cl
1730 3724 1884 3803 aliquanto
1896 3746 1969 3784 num.

563 3848 693 3917 hortium
717 3846 759 3909 ita
774 3856 878 3903 omnm
895 3834 954 3893 sere
968 3828 1048 3889 libri.
1075 3835 1104 3887 et
1121 3845 1183 3883 om.
1200 3823 1270 3885 vin.
1289 3845 1320 3885 1..
1342 3824 1438 3883 Guell.
1451 3824 1482 3887 3.
1494 3845 1539 3885 ro.
1554 3844 1600 3885 ιι.
1619 3846 1666 3886 aa.
1686 3827 1814 3888 Pariae..
1835 3829 1970 3889 Numuis

561 3958 625 4021 uu.
643 3974 668 4021 t.
699 3972 740 4017 m.
753 3972 799 4035 pr.
821 3940 908 4002 Fabr.
929 3957 955 3996 ι.
981 3954 1023 3999 ιιι.
1042 3950 1091 4011 pr.
1115 3928 1185 4011 Τις.
1214 3927 1287 3988 Τιιι..
1304 3949 1402 4009 mpr,
1423 3939 1489 3989 tuta
1508 3928 1629 3990 Comm.
1648 3932 1748 3993 Nam.
1770 3932 1859 4000 Palat.
1871 3956 1899 3995 a.
1920 3940 1970 3998 Fr·

560 4064 637 4127 bric.
650 4081 675 4121 ι.
697 4055 783 4119 Paria.
795 4070 823 4109 a.
834 4046 904 4105 uec.
925 4038 1023 4102 Guell'.
1036 4058 1062 4095 ι.
1076 4056 1103 4095 a.
1114 4032 1182 4105 Μ.
1192 4055 1223 4115 9.
1236 4054 1283 4092 ιο.
1302 4032 1420 4094 Leida.
1432 4034 1462 4099 d.
1474 4036 1495 4093 f.
1505 4036 1527 4094 i.
1546 4044 1645 4096 tutata
1667 4040 1789 4118 plurimi
1810 4040 1887 4100 inter
1903 4060 1970 4121 quas

560 4166 643 4235 trid.
655 4168 677 4233 l.
698 4161 828 4225 Parim.
844 4152 908 4214 Bar.
923 4168 951 4209 ι.
971 4144 1042 4209 Tur.
1062 4140 1148 4203 bem.
1160 4143 1190 4203 3.-
1218 4137 1400 4202 matituna
1420 4137 1966 4209 aad..strav..inalum.a.1³ranc.
