4050 5009
1567 430 1615 481 XV

308 595 434 673 Multo
456 594 670 671 accuratius
691 594 841 671 Cor-tius
861 594 980 671 libros
998 594 1082 670 Mas.
1107 594 1250 698 quibus
1272 616 1362 669 usus
1380 607 1449 681 cst,
1473 584 1615 666 erami-

211 722 453 825 naviterque
473 720 668 825 desripsit3
698 719 746 796 de
772 720 913 823 quibus
933 720 1064 823 paucis
1089 742 1286 825 exponam.
1337 720 1421 822 Ipsa
1449 715 1614 811 auctoris

210 846 343 936 verba,
369 863 561 949 quantum
583 843 665 919 fieri
687 844 824 949 potuit,
843 844 1002 936 retinui,
1029 846 1187 937 omissis,
1212 868 1298 947 quae
1324 870 1345 919 a
1374 858 1502 917 nostro
1526 866 1615 946 pro·

78 1032 88 1042 ,
214 971 334 1073 posito
359 986 471 1046 erant
489 969 624 1045 aliena.

310 1095 555 1170 Fabricitmos
583 1094 624 1169 in
657 1092 889 1169 membranis
919 1092 1199 1172 accuratissime
1223 1092 1382 1197 scriptos
1410 1092 1446 1167 ei
1474 1090 1617 1166 obtulit

212 1222 262 1293 Io.
278 1219 454 1294 Albertus
471 1218 676 1293 Fabricius.
700 1220 846 1293 Eorum
861 1216 983 1321 prior,
997 1218 1127 1293 Cortio
1151 1216 1295 1308 iudice,
1305 1216 1452 1292 excedit
1466 1232 1616 1291 aetatem

211 1344 538 1447 septingentorum
561 1369 771 1433 annorum,
796 1342 918 1417 multa
937 1343 1043 1418 enim
1062 1340 1302 1436 antiquitatis
1316 1341 1468 1446 vestigia
1485 1338 1617 1443 depre-

214 1466 401 1544 henderis.
440 1468 581 1551 Glossoe
604 1467 792 1542 rarissime
814 1482 994 1571 receptoe3
1023 1468 1160 1571 passim
1181 1484 1383 1571 corruptus
1412 1484 1466 1541 est
1486 1494 1507 1539 a
1534 1490 1619 1539 cor·

214 1611 375 1682 rectore,
396 1592 460 1667 sed
478 1608 523 1667 ut
545 1592 655 1667 facile
673 1592 815 1697 primas
837 1591 1015 1667 lectionar
1034 1592 1258 1695 adsequaris.
1284 1592 1390 1666 Alter
1412 1590 1544 1695 panllo
1559 1590 1618 1663 iu·
1734 1626 1737 1633 -

214 1717 319 1805 nior,
335 1714 467 1805 fomm,
480 1733 526 1790 ut
537 1717 666 1805 aiunt,
679 1716 873 1819 octuplici,
887 1716 952 1791 sed
965 1715 1073 1791 haud
1083 1716 1255 1820 protritae
1272 1715 1516 1791 auctoritatis.
1543 1718 1618 1787 Im·

214 1867 278 1916 mo
301 1842 451 1917 Cortius
475 1866 564 1915 eum
592 1840 719 1942 priore
742 1838 848 1914 baud
878 1839 1104 1916 deteriorem
1125 1841 1240 1929 dicit,
1264 1868 1381 1944 quam
1403 1866 1484 1915 rem
1507 1839 1619 1915 aliter

212 1992 289 2042 sese
301 1963 443 2041 babere
464 1964 652 2053 lectiones,
674 1990 768 2067 quas
788 1964 867 2069 ipsc
886 1964 1032 2053 attulit,
1060 1965 1147 2039 satis
1164 1990 1353 2069 superque
1367 1964 1514 2039 docent
1547 1966 1618 2039 Ile-

214 2118 352 2165 menres
376 2088 472 2164 dicit
499 2090 621 2163 varias
645 2089 840 2177 lectiones,
879 2084 972 2192 qaas
991 2089 1144 2165 Gudius
1166 2118 1210 2164 ex
1232 2090 1380 2164 dnobus
1410 2089 1524 2165 Codd.
1551 2092 1619 2163 lle-

215 2215 409 2290 mensibus
430 2212 646 2288 Salustiano
668 2212 873 2316 exemplari
894 2214 1149 2317 adscripscrat
1200 2216 1309 2287 Prior
1326 2214 1488 2318 scriptus
1514 2240 1618 2287 anno

214 2338 452 2415 Mctxvtss.
474 2338 609 2412 litteris
622 2337 845 2439 aequalibus,
867 2364 948 2413 nou
967 2338 1193 2429 invenustis‚
1210 2354 1291 2413 erat
1311 2339 1432 2413 forma
1446 2337 1619 2441 oblongi-

214 2492 299 2555 ore‚
313 2481 359 2538 ut
377 2479 555 2566 quartam
574 2462 692 2565 paulo
710 2463 912 2539 excederet
938 2462 1043 2538 Alter
1060 2490 1179 2538 manu
1192 2464 1409 2566 antiquiore
1427 2462 1541 2537 immo
1559 2490 1619 2539 ac-

214 2588 407 2666 curatiore
429 2603 604 2661 exaratus
628 2588 668 2686 in
690 2588 912 2661 membrana
930 2586 1062 2662 formae
1078 2602 1242 2690 quartae,
1260 2605 1408 2665 aetatem
1425 2614 1618 2662 annornm

214 2713 380 2818 amplius
398 2712 727 2815 septingentorum
741 2738 821 2816 prae
837 2738 876 2787 se
890 2710 1000 2802 tulit;
1015 2710 1258 2787 baecGudius
1267 2744 1277 2805 ;
1289 2712 1353 2786 sed
1373 2740 1511 2815 parum
1531 2713 1619 2787 dili-

213 2854 347 2941 genter
368 2833 576 2911 examinati
598 2833 711 2909 fuisse
731 2835 919 2911 videntur.
948 2836 1246 2937 Guefferbitanus
1258 2836 1288 2910 I.
1307 2837 1348 2910 in
1366 2836 1547 2911 Gudiana
1563 2836 1619 2909 bi-

215 2958 428 3049 humbeca,
452 2956 521 3033 ubi
548 2957 642 3032 olim
664 2976 870 3034 asservatus
892 2974 965 3047 est,
997 2961 1111 3036 Num.
1139 2984 1219 3057 279.
1247 2959 1288 3034 in
1316 2963 1538 3035 membrana
1565 2978 1619 3036 est

204 3082 434 3159 luculenter
451 3082 613 3183 scriptus
631 3100 669 3157 et
687 3083 812 3186 glossis
827 3082 996 3184 antiquis
1008 3083 1057 3157 ad
1074 3085 1283 3188 marginem
1297 3086 1433 3189 passim
1452 3102 1617 3160 ornatus.

181 3268 189 3280 .
213 3210 359 3283 Fuerat
381 3207 474 3281 olim
494 3204 720 3280 Bernhardii
742 3205 1011 3298 Rottendorlii3
1035 3234 1112 3309 (pro
1132 3207 1272 3282 saeculo
1286 3208 1447 3311 scriptus
1467 3208 1532 3297 sit,
1559 3207 1618 3281 iu-

217 3350 375 3408 oertum.
399 3330 524 3431 Guelf.
542 3331 596 3405 II.
622 3326 708 3426 (N.⁰
730 3332 801 3405 68:
818 3330 919 3405 inter
934 3332 1020 3404 Mss-
1032 3330 1182 3429 Gneli.)
1209 3331 1376 3407 ciusdem
1396 3334 1514 3407 aetads
1544 3357 1619 3406 esse

213 3457 377 3532 videtur.
406 3456 532 3528 Habet
547 3452 787 3530 membranas
805 3453 1061 3557 octuplicibus
1082 3456 1268 3545 minores,
1288 3472 1325 3531 ct
1344 3473 1520 3531 accurate
1535 3457 1619 3558 qni-

214 3580 305 3656 dem
323 3580 502 3682 scriptus,
526 3576 592 3653 sed
613 3576 731 3679 magis
752 3603 773 3651 a
797 3594 1007 3653 correctore
1027 3568 1229 3683 corruptus
1247 3596 1308 3653 est
1350 3580 1465 3654 Haud
1488 3581 1617 3654 iunior

216 3703 345 3804 Guelfl
357 3703 436 3776 III.
460 3701 592 3796 (Num.
611 3698 680 3774 50:
704 3702 755 3797 4.)
778 3699 819 3775 in
838 3698 1070 3777 membranis
1091 3702 1345 3806 octuplicibus
1366 3704 1415 3777 ab
1433 3704 1618 3807 antiquis·
1657 3724 1660 3731 ·

213 3828 313 3900 simo
329 3822 536 3927 exemplari
553 3820 770 3925 descriptus
806 3824 946 3929 Magno
968 3825 1098 3900 Cortio
1118 3827 1204 3901 asad
1227 3826 1317 3917 fuit,
1337 3826 1441 3902 bello
1454 3828 1618 3903 maxime

215 3947 457 4054 Iugurthino.
503 3945 727 4022 Genuinam
752 3946 875 4051 Crispi
900 3948 1125 4026 brevitatem
1152 3951 1288 4055 passim
1313 3952 1510 4055 cupressit,
1535 3978 1619 4057 pas·

214 4075 289 4148 sim
309 4072 465 4177 glossas,
486 4068 552 4146 sed
578 4067 765 4159 eruditas,
792 4072 942 4176 recepit
984 4074 1061 4147 Ubi
1084 4074 1190 4177 prior
1213 4074 1390 4151 librarius
1419 4077 1617 4167 omiserat,

216 4222 305 4299 quse
326 4197 474 4298 integro
488 4218 600 4269 sensu
619 4191 748 4268 abes‘se
762 4220 844 4269 uon
863 4186 1062 4297 poteranti
1083 4196 1158 4271 alia
1189 4204 1340 4274 manus
1354 4218 1472 4275 vacua
1497 4202 1617 4304 spatia

216 4320 389 4423 explevit
440 4316 626 4416 Gurdfiff.
649 4314 1023 4421 founu.qtratlrato,‘
1056 4312 1259 4414 lectiones,
1294 4352 1315 4399 a
1341 4312 1470 4430 priore
1498 4352 1619 4400 manu
