4050 5009
382 382 453 435 100

377 547 512 645 gloria
540 550 803 617 adolescentem
829 546 880 613 sic
899 562 1004 632 snpra
1026 547 1121 649 Oratt
1148 544 1273 632 Lepldi
1311 545 1434 614 initio:
1466 544 1633 616 domines
1660 550 1788 644 magni

379 654 550 725 nominis.
564 656 748 743 Pompeius
757 663 830 719 tum
847 654 1013 739 temporis
1028 652 1171 741 triginta
1185 662 1253 719 tres
1265 672 1375 721 annos
1389 660 1490 722 natus
1505 664 1595 743 erat,
1616 656 1678 722 cir.
1696 660 1784 724 Plut.

381 765 502 847 Pomp
512 765 541 826 5.
551 761 620 826 Cic.
629 781 694 846 pro
709 764 800 846 lege
814 760 936 825 Manil.
946 779 1002 825 10:
1017 760 1113 841 cujus
1123 760 1232 827 aetatis
1246 762 1406 827 homines
1423 761 1659 830 adolescentes
1675 764 1786 831 nomi-
1852 748 1854 755 ⁵

381 867 460 933 nari
473 868 639 932 solebant.
660 865 721 930 cfr.
733 867 856 931 adCat.
866 885 931 945 ct.
947 875 982 932 et
995 868 1045 930 38.
1072 880 1153 957 nont
1164 865 1204 931 in
1218 887 1293 933 uno
1308 864 1437 933 cuncti
1442 865 1623 961 prasidio
1632 850 1695 939 ete.
1707 890 1785 937 sen·
1873 870 1879 879 '

378 973 490 1040 tentia
502 972 615 1038 libero
627 971 770 1053 homine
783 971 986 1059 dignissima
994 970 1115 1051 Vellej.
1126 974 1169 1041 11.
1182 976 1233 1035 32.
1252 972 1321 1036 Cic.
1337 992 1402 1058 pro
1416 976 1508 1061 Lege
1516 975 1636 1040 Manil.
1650 998 1697 1061 ¹7·
1715 977 1784 1041 Ilio

381 1080 472 1143 Cass.
490 1082 547 1142 36:
568 1078 694 1159 Neque
709 1073 805 1141 enim
826 1072 1044 1166 ignorantia
1058 1098 1116 1140 res
1132 1072 1274 1142 claudit
1291 1078 1337 1154 «i.
1349 1098 1379 1145 e.
1396 1080 1581 1173 claudicat,
1597 1101 1668 1147 non
1681 1064 1804 1168 prop·¹

382 1193 436 1251 ter
457 1182 689 1270 ignorantiam
709 1200 764 1247 res
786 1180 902 1245 minus
925 1182 1101 1267 procedit,
1130 1202 1233 1265 quam
1257 1201 1283 1245 n
1310 1185 1410 1251 robis
1435 1189 1628 1273 contendo,
1658 1204 1784 1273 nempe
1845 1198 1849 1209 '

380 1300 422 1356 nt
440 1310 501 1356 vos
521 1287 706 1353 vindicetis
723 1308 744 1351 a
766 1287 1006 1353 dominatione
1030 1306 1230 1371 paucorum.
1255 1288 1391 1373 Apulcj.
1414 1294 1457 1359 de
1477 1293 1728 1363 consecratis:
1747 1298 1786 1356 ut

383 1395 446 1461 ubi
466 1394 684 1459 dubitatione
705 1393 894 1471 clauderet,
925 1393 978 1457 ibi
1003 1392 1218 1459 divinatione
1248 1396 1455 1461 consisteret.
1476 1398 1566 1463 Vide
1592 1400 1716 1462 Donat.
1740 1400 1786 1462 ad

287 1504 290 1509 “
382 1504 519 1568 Terent.
531 1500 815 1564 Eunuchumbl.
828 1499 879 1563 Sc.
895 1500 939 1561 11.
952 1499 992 1563 t.
1006 1500 1049 1565 ΙΙ.
1066 1498 1119 1563 Sc.
1131 1500 1190 1563 111.
1208 1500 1278 1567 cic.
1295 1504 1340 1569 dc
1352 1506 1392 1569 N.
1405 1504 1447 1566 D.
1467 1521 1495 1566 1.
1508 1503 1566 1565 28:
1581 1508 1714 1567 totarcs
1725 1522 1788 1575 ,va-

385 1606 482 1670 cillat
500 1614 534 1671 et
551 1606 730 1670 claudicat.
750 1605 816 1669 Sed
832 1605 935 1689 plura
948 1604 1100 1669 Gronov.
1117 1607 1161 1668 ad
1180 1605 1253 1670 Liv.
1272 1609 1374 1672 XXII.
1387 1628 1416 1673 c.
1432 1608 1576 1673 XXXIX.
1595 1607 1686 1694 Lips.
1706 1609 1787 1677 var.

383 1717 474 1777 Lect.
497 1715 548 1807 ¹¹:
571 1713 628 1779 Vl.
652 1711 804 1798 Scaliger
827 1712 955 1778 Auson.
984 1713 1077 1775 Lcct.
1107 1712 1151 1776 IL
1174 1713 1299 1777 xlm.»
1319 1715 1409 1776 Cort.
1438 1711 1499 1781 cfr.
1522 1711 1623 1777 ovid.
1640 1715 1725 1800 Epp.
1745 1733 1788 1779 ex

257 1832 267 1843 “
384 1823 506 1885 Ponto.
525 1824 554 1881 3.
575 1838 602 1879 ι.
619 1819 680 1885 86:
709 1818 930 1881 Claude-nce
953 1813 1060 1881 officii
1077 1835 1158 1905 pars
1178 1818 1245 1887 erit
1274 1818 1349 1883 ulla
1374 1818 1451 1888 tibi.
1474 1841 1549 1901 qua
1570 1840 1645 1884 non
1658 1814 1787 1909 gloria

387 1924 437 1989 ita
456 1928 526 1987 duo
549 1922 715 1989 Vaticani.
739 1921 778 1985 in
795 1929 967 2008 promptu-
978 1931 1050 1988 erat
1075 1924 1247 2012 corrigere
1273 1920 1339 2009 qui
1344 1926 1436 2002 ;·sed
1456 1924 1561 1988 Codd
1576 1922 1681 1988 lectio
1701 1940 1788 1987 sana

388 2040 453 2107 est;
474 2047 591 2094 sensus
610 2027 706 2118 enim
725 2027 785 2095 bic
809 2037 877 2093 est:
906 2028 1088 2115 torpedine
1114 2030 1267 2117 oppressi
1284 2029 1397 2119 gloria
1420 2048 1493 2094 non
1513 2026 1711 2095 movemini.
1742 2028 1789 2094 de

328 2158 333 2167 ·
388 2134 642 2200 constructione
666 2132 726 2197 cfr.
744 2154 865 2219 supra:
887 2157 961 2218 qua
980 2142 1103 2203 tamen
1125 2133 1246 2221 quinis
1260 2132 1401 2207 nadib.
1413 2171 1456 2191 ·-
1474 2142 1680 2218 ¹cunctaque
1692 2152 1790 2219 prte-

388 2238 487 2307 senti
496 2235 641 2331 ignavia
655 2235 861 2304 mutaoirtr's
872 2278 915 2294 -
931 2242 1006 2307 baec
1025 2261 1098 2307 non
1112 2242 1356 2317 confundenda
1367 2264 1449 2309 cnm
1460 2241 1575 2309 verbis
1593 2240 1696 2321 hujus
1714 2258 1789 2304 ore·
1828 2254 1832 2261 ’

389 2346 512 2411 tionis:
534 2342 685 2414 nomina
701 2368 824 2411 rerum
839 2347 893 2411 od
905 2342 1090 2437 ignaviam
1103 2356 1299 2413 mutantes.
1317 2351 1384 2415 Sed
1397 2348 1514 2435 potius
1532 2346 1570 2411 in
1588 2344 1789 2412 memoriam

389 2456 578 2518 revocanda
597 2474 639 2518 er
656 2454 751 2515 Orat.
767 2452 874 2515 Phil.:
887 2474 993 2519 nemo
1010 2448 1147 2519 diurna
1164 2452 1325 2517 mercede
1336 2449 1445 2517 vitam
1460 2448 1665 2521 mutaverit.
1676 2466 1789 2534 neque

300 2616 306 2629 ,
391 2559 422 2622 is
437 2560 533 2621 locus
544 2560 648 2642 plane
661 2559 864 2643 respondet3
884 2579 964 2627 nam
979 2560 1085 2644 paulo
1096 2558 1216 2623 durius
1230 2565 1299 2644 est,
1318 2556 1470 2640 aliqdem
1483 2557 1602 2621 omnia
1617 2558 1639 2621 i.
1650 2577 1678 2623 e.
1692 2558 1773 2636 jura
1778 2600 1790 2633 ,

392 2663 586 2727 libertatem
607 2672 669 2727 etc.
691 2673 836 2735 mutare.
863 2666 886 2731 i.
907 2687 937 2731 e.
960 2666 1153 2754 negligere,
1172 2683 1237 2748 pro
1251 2664 1424 2749 prasenti
1439 2661 1577 2749 ignavia
1595 2662 1618 2724 i.
1639 2680 1670 2725 e.
1689 2668 1736 2727 ut,
1751 2661 1791 2723 in

391 2768 573 2858 presentia
592 2769 718 2856 ignavo
743 2770 776 2837 ei
805 2792 876 2837 esse
901 2773 1013 2838 liceat.
1038 2772 1105 2837 Sed
1129 2769 1263 2835 diversa
1283 2767 1533 2855 interpretandi
1559 2766 1649 2835 ratio
1675 2764 1792 2830 minus

392 2870 495 2940 etiam
514 2877 698 2958 concinna;
716 2866 947 2945 aam'cuncta
961 2880 1005 2943 ad
1026 2884 1137 2942 totum
1155 2874 1354 2963 reipublicae
1373 2884 1497 2941 statum
1517 2873 1662 2959 referre,
1682 2878 1715 2937 et
1728 2870 1793 2933 ab·

389 2983 534 3045 latinum
555 2980 700 3071 ignavia
717 2989 887 3053 causalem
902 2987 1047 3071 habere,
1069 2993 1107 3049 ut
1125 2985 1235 3073 magis
1247 2982 1472 3071 inpromptu,
1486 2966 1544 3047 'ita
1561 3000 1581 3046 a
1598 2974 1792 3044 Salustiano

391 3087 531 3151 dicendi
551 3092 807 3179 generemagis
834 3092 987 3158 alienum
1017 3103 1077 3157 est.
1113 3097 1275 3160 Munera
1299 3089 1430 3154 ditium
1461 3087 1691 3153 dominorum
1725 3082 1793 3146 sci-

393 3192 475 3256 licet
500 3214 544 3259 ne
568 3196 640 3261 haec
663 3217 773 3281 pauca
802 3200 961 3280 quidem,
994 3216 1072 3270 qua
1095 3195 1194 3254 vohis
1215 3192 1335 3253 relicta
1352 3200 1446 3268 sunt,
1466 3207 1531 3270 pro
1552 3187 1628 3263 iure
1649 3204 1793 3270 usurpa-

393 3300 456 3385 tis,
477 3304 537 3366 sed
558 3304 657 3383 quasi
672 3306 806 3362 muneri
826 3298 925 3358 vobis
941 3296 1020 3353 data
1038 3292 1125 3374 sint,
1147 3292 1196 3354 ita
1212 3292 1313 3375 agite.
1332 3292 1399 3358 Sed
1416 3291 1504 3352 inest
1520 3287 1632 3373 gravis
1645 3288 1793 3376 ignaviae

391 3406 605 3495 objurgatio,
635 3400 730 3494 qnod
756 3399 839 3461 talia
857 3393 963 3459 servis
989 3395 1125 3458 domini
1146 3394 1394 3483 gratificantur3
1422 3397 1465 3459 dc
1485 3393 1713 3479 appositionis
1733 3378 1793 3485 'ge-

390 3534 473 3579 nere
500 3514 560 3577 cfr.
582 3511 732 3588 Interpp.
752 3505 797 3566 ad
824 3504 904 3580 Tac.
931 3498 1045 3563 Germ.
1067 3522 1094 3565 e.
1118 3522 1147 3582 9.
1168 3498 1384 3592 Agrestibus
1408 3501 1464 3575 «h.
1489 3519 1517 3563 e.
1539 3499 1637 3585 plebi
1659 3502 1793 3568 rustica

393 3640 469 3699 quae
498 3612 649 3683 durioris
679 3619 750 3675 erat
785 3603 1015 3691 conditionis,
1049 3626 1153 3689 quam
1186 3608 1334 3691 urbana,
1367 3605 1428 3674 cfr.
1451 3606 1637 3671 Ascanium
1664 3607 1705 3669 in
1731 3606 1793 3670 Di-

392 3723 497 3785 vinat.
520 3746 598 3808 pag.
630 3742 685 3803 19:
711 3720 810 3807 plebs
835 3716 961 3782 rustica
991 3714 1118 3801 partim
1143 3714 1200 3795 jus
1231 3713 1376 3778 civitatis
1403 3711 1532 3796 amisit,
1564 3712 1692 3798 partim
1721 3732 1794 3777 om-

395 3825 482 3888 nino
518 3828 708 3912 proscripta
742 3834 808 3903 est,
848 3823 978 3886 victore
1016 3820 1131 3904 Sulla,
1154 3822 1265 3901 .quod
1299 3819 1400 3903 plebs
1445 3820 1602 3882 Romana
1636 3820 1680 3883 de
1719 3820 1795 3881 Ma·

393 3932 503 3998 rianis
531 3933 686 4017 partibus
722 3929 870 3995 fuerat.»
904 3929 971 3989 Sed
1000 3928 1035 3988 h.
1064 3927 1089 3989 1.
1115 3923 1273 4009 inprimis
1308 3926 1469 3991 severitas
1492 3925 1531 3987 in
1564 3924 1700 3987 delectu
1733 3925 1796 3987 he-

390 4043 508 4115 bendo
529 4039 757 4121 intelligenda
773 4042 833 4100 est.
852 4069 895 4085 -
922 4034 1078 4096 Ceterum
1106 4034 1178 4097 haec
1210 4030 1322 4096 oratio
1349 4042 1388 4096 ut
1404 4030 1561 4102 amnium
1589 4030 1796 4093 Salustiana-

391 4170 469 4213 rum
488 4156 537 4212 est
560 4147 664 4230 longe
684 4138 980 4207 vehementissima
1003 4130 1037 4203 et
1056 4137 1287 4222 acerbissima,
1307 4138 1357 4203 ita
1379 4137 1496 4203 nescio
1525 4156 1573 4199 an
1592 4135 1796 4223 dignissima

394 4254 457 4335 sit,
478 4274 555 4336 quae
572 4247 716 4317 summis
736 4243 897 4308 laudibus
915 4245 1117 4308 celebretur.
1137 4244 1250 4307 Habet
1269 4243 1362 4308 enim
1384 4240 1522 4307 eculeos
1549 4250 1583 4307 et
1605 4260 1728 4323 nervos
1744 4237 1797 4301 fo·

392 4377 524 4445 censes,
543 4377 631 4441 qnos
644 4356 764 4421 dicunt
774 4397 785 4432 ,
805 4350 902 4417 itaut
922 4370 994 4414 non
1008 4347 1222 4439 ljhucydidis
1239 4349 1369 4432 solum,
1390 4344 1450 4415 sed
1468 4346 1577 4433 ipsius
1594 4346 1816 4412 Demosthe·⁸
