4050 5009
397 403 452 502 54

396 587 483 676 bet,
508 601 554 662 ut
571 597 678 694 grege
706 589 825 683 lacto,
853 622 941 670 cum
970 596 1051 672 tel-is
1072 595 1122 674 ud
1140 621 1216 675 sese
1240 598 1511 705 irrumperent.
1547 600 1710 690 Consul,
1734 599 1811 676 ubi

392 737 442 786 ea
464 712 592 816 parari
606 717 813 819 cognovit,
839 718 1026 824 dispositis
1047 723 1248 824 praesidiis,
1273 740 1318 797 ut
1341 741 1533 826 issetque
1554 741 1701 828 tempus
1724 749 1811 800 mo—

398 835 535 924 nebat,
561 857 765 916 convocato
784 843 933 918 Senatu*
946 844 1080 933 reiert,
1099 846 1200 948 qnid
1219 846 1267 921 de
1285 846 1348 921 bis
1376 846 1457 922 lieri
1477 848 1643 951 placeat,
1666 847 1736 949 qui
1760 846 1806 922 in

397 960 609 1037 custodiam
644 964 774 1039 traditi
802 983 920 1042 erant.
971 967 1044 1042 Sed
1067 993 1129 1043 cos
1160 969 1292 1073 paullo
1329 985 1418 1044 ente
1444 969 1622 1072 frequens
1642 971 1809 1044 Senatus

398 1082 630 1161 iudicaverat
653 1105 786 1163 contre
814 1091 1093 1195 rempublicam
1117 1092 1254 1170 fecisse.
1303 1095 1405 1167 Tum
1424 1093 1473 1167 D.
1490 1091 1626 1167 iunius
1642 1093 1807 1183 Silanus,

393 1207 544 1312 primus
573 1211 800 1287 sententiam
819 1231 991 1320 rogatus,
1024 1217 1199 1317 quodeo
1220 1232 1391 1320 tempore
1416 1216 1562 1291 Consul
1590 1216 1808 1319 designatus

390 1337 496 1420 erat,
522 1331 570 1408 de
592 1332 669 1424 his,
696 1337 765 1438 qni
787 1338 829 1411 in
849 1337 1030 1413 ctutudiis
1056 1339 1306 1429 tenebuntur,
1333 1357 1511 1444 pruterea
1531 1339 1579 1414 de
1600 1342 1638 1412 1.
1661 1339 1807 1426 Caesio,

395 1458 433 1531 P.
462 1456 596 1546 Furio,
632 1463 668 1534 P.
691 1461 902 1550 Umbreno,
929 1463 974 1559 Q.
993 1461 1142 1551 Annio,
1179 1462 1211 1537 si
1235 1461 1460 1567 deprehensi
1490 1461 1633 1552 forent,
1657 1463 1807 1566 suppli-

390 1580 501 1655 cium
519 1583 753 1657 'sumendum
779 1583 1012 1678 decreverat3
1046 1585 1155 1689 isque
1180 1599 1332 1689 postea,
1349 1600 1542 1688 permotus
1564 1584 1737 1661 oratione
1757 1587 1806 1660 C.

393 1705 566 1792 Caesaris,
599 1707 760 1808 pedibus
786 1708 826 1780 in
854 1709 1083 1782 sententiam
1106 1708 1189 1782 Tib.
1209 1708 1369 1782 Neronis
1398 1707 1546 1782 iturum
1572 1733 1611 1783 se
1638 1708 1807 1800 dixemt3

389 1827 501 1930 quod
521 1827 569 1903 de
591 1855 634 1904 ee
654 1855 711 1918 re,
737 1830 919 1932 praesidiis
943 1831 1099 1921 additis,
1121 1831 1374 1907 referundum
1385 1847 1592 1905 censuerat.
1630 1831 1701 1906 Sed
1722 1834 1805 1906 Cae·

394 1975 474 2039 ser,
499 1951 568 2026 ubi
587 1952 639 2027 nd
661 1979 750 2028 eum
778 1971 936 2029 ventum
958 1971 1033 2045 est,
1058 1972 1209 2060 rogatus
1232 1955 1462 2031 sententiam
1481 1980 1504 2030 a
1523 1955 1703 2043 Consule,
1727 1953 1806 2030 bu-

395 2073 601 2152 iuscemodi
619 2078 731 2151 verba
755 2078 905 2154 locutus
927 2095 988 2153 est.

346 2215 406 2276 51·
462 2200 627 2288 „Omnis
646 2196 837 2290 homines,
863 2205 988 2276 Patres
1011 2201 1235 2303 conscripti,
1261 2201 1329 2303 qui
1355 2200 1403 2276 de
1426 2200 1537 2274 rebus
1559 2199 1687 2278 dubiis
1709 2225 1805 2275 eon-

391 2322 557 2413 sultunt,
581 2325 632 2398 ab
654 2325 760 2413 odio,
785 2325 971 2414 amicitie,
994 2325 1053 2398 ire
1076 2341 1192 2426 atque
1213 2317 1471 2400 misericordia
1491 2349 1629 2398 vacuos
1649 2323 1803 2399 essede-

392 2465 460 2524 oet.
496 2449 612 2524 Haud
636 2447 748 2524 facile
766 2450 916 2524 enimus
936 2475 1069 2523 verum
1089 2447 1281 2551 providet,
1306 2446 1375 2521 ubi
1400 2447 1467 2521 illa
1487 2445 1697 2538 obiiciunt3
1734 2475 1804 2523 ue-

393 2597 470 2674 que
491 2574 694 2675 quisquam
715 2573 893 2647 omnium
914 2571 1083 2645 lubidini
1106 2571 1222 2644 simul
1243 2587 1281 2646 et
1301 2571 1388 2645 usui
1405 2571 1544 2673 paruit.
1584 2570 1658 2644 Ubi
1677 2571 1803 2647 inten-

396 2695 494 2770 deris
519 2697 734 2802 ingenium,
760 2696 881 2769 valet:
904 2695 934 2770 si
959 2693 1094 2768 lubido
1116 2693 1298 2797 possidet,
1323 2721 1365 2768 ea
1380 2693 1623 2782 dominatur,
1649 2696 1802 2770 enimus

397 2897 423 2936 ι.
445 2875 528 2936 llem.
552 2898 576 2935 ι.
599 2877 697 2936 Heuss.
719 2875 768 2940 ilc.
788 2876 856 2935 Sen.
871 2896 897 2934 ι.
918 2873 1015 2934 Guell.
1032 2873 1096 2933 1.3.
1112 2860 1140 2932 5.
1154 2874 1182 2932 6.
1198 2895 1227 2953 9.
1244 2871 1349 2937 1'i.rr.
1379 2882 1408 2932 ct
1423 2875 1564 2932 omittunt
1593 2874 1661 2937 vin.
1678 2895 1706 2933 n.
1732 2873 1803 2935 Ece.

393 2979 490 3040 Gucli.
503 2981 531 3039 6.
546 2980 574 3051 4.
593 3001 638 3040 ιο.
659 2979 727 3038 Tur.
745 2999 771 3040 ι.
792 2979 965 3039 exercitatos
985 2999 1047 3044 om.
1067 2980 1170 3037 incert.
1190 2998 1218 3036 r.
1251 2977 1355 3037 electos
1372 2985 1399 3034 et
1415 2997 1475 3035 οιιι.
1492 2977 1588 3036 Senot.
1611 2999 1635 3036 r.
1657 2977 1753 3038 Gnrll.
1773 3002 1801 3039 2.

392 3086 566 3146 exercitatos
582 3085 686 3144 orabat
710 3084 741 3142 in
766 3083 934 3144 andaciam.
957 3082 1006 3142 bic
1028 3081 1183 3142 verborum
1204 3081 1278 3141 ordo
1298 3083 1330 3141 in
1347 3081 1484 3141 omnibus
1502 3083 1559 3140 sere
1580 3082 1669 3141 libris.
1698 3083 1729 3141 in
1743 3106 1802 3143 nn-

392 3193 459 3252 dac.
483 3189 565 3251 orob.
588 3189 672 3248 Paris.
686 3211 711 3253 e.
740 3189 821 3248 orob.
835 3207 978 3248 surnmam
1002 3207 1057 3267 per
1072 3189 1180 3249 undae.
1211 3184 1273 3250 an.
1287 3185 1315 3246 3.
1347 3195 1380 3244 nt
1394 3207 1484 3266 grege
1493 3187 1525 3263 f.
1554 3196 1585 3243 ut
1606 3187 1683 3245 abmt
1700 3188 1801 3248 Gncii.

395 3316 441 3371 rr.
468 3297 568 3356 Vinus.
584 3315 610 3354 ι.
639 3294 710 3372 quid
728 3295 766 3351 de
782 3293 826 3352 ιίἰ.
856 3295 893 3351 ite
909 3293 1030 3352 Havete.
1051 3291 1226 3351 continuare
1242 3291 1381 3351 videntur
1404 3311 1506 3350 ornnes
1523 3291 1603 3350 leid.
1635 3293 1681 3351 his
1698 3315 1803 3353 omnes

392 3401 497 3462 Gortii.
520 3401 553 3460 in
568 3399 706 3459 custodiis
720 3401 798 3456 trad.
820 3396 882 3456 Bes.
896 3401 923 3459 3.
945 3399 1004 3456 ino.
1021 3417 1047 3459 ι.
1068 3396 1165 3459 Guelf.
1183 3418 1210 3474 7.
1226 3397 1255 3460 8.
1277 3417 1311 3455 ιο
1330 3416 1375 3455 ιι.
1398 3395 1479 3454 Lcid.
1498 3397 1528 3453 d.
1545 3417 1570 3455 e.
1587 3394 1617 3460 h.
1640 3397 1697 3456 Pal.
1712 3401 1739 3468 4.
1754 3420 1799 3457 ιι.

393 3506 478 3566 lietu.
496 3525 523 3564 2.
546 3505 578 3562 in
596 3503 738 3564 untedio.
759 3503 842 3562 Rem.
860 3523 885 3560 ι.
907 3501 1087 3572 ῦηο14.4.6.
1102 3523 1132 3582 9.
1162 3499 1292 3560 Sillnnus
1315 3502 1438 3581 plurimi
1455 3497 1553 3558 Codd.
1581 3499 1700 3561 diluens
1717 3503 1803 3563 Gru:-

392 3611 420 3670 οἱ
440 3605 594 3688 scriptores
614 3601 643 3666 et
661 3605 783 3686 anides
808 3605 979 3685 Capitolini.
1001 3605 1033 3664 in
1052 3605 1184 3664 custodio
1205 3605 1295 3664 teneb
1315 3605 1383 3668 Vin.
1403 3625 1427 3663 1.
1449 3607 1507 3664 inc.
1527 3626 1550 3666 ι.
1572 3605 1686 3667 Febrie.
1704 3617 1799 3691 uterq.

394 3713 491 3778 Gueli.
510 3733 539 3793 9.
557 3732 602 3772 ιο.
619 3734 663 3770 ιι.
684 3733 727 3770 12.
748 3709 815 3790 Τις.
838 3709 1029 3768 liniebantur.
1050 3709 1112 3772 Bos.
1132 3729 1158 3768 ι.
1180 3717 1207 3767 ct
1234 3717 1385 3788 preterea.
1401 3720 1427 3767 et
1441 3711 1591 3769 omittunt.
1612 3707 1711 3775 basi.
1740 3715 1800 3774 inc.

397 3842 423 3879 ι.
444 3819 495 3897 qtu'
508 3820 546 3877 de
559 3837 593 3876 ea
620 3835 660 3886 rc.
682 3818 741 3873 ine.
758 3835 781 3873 ι.
803 3814 958 3873 Fabrici.
980 3833 1102 3872 emonn
1119 3811 1324 3872 emendatrice.
1347 3813 1431 3871 Bern.
1455 3835 1479 3873 ι.
1497 3835 1583 3894 prus.
1604 3815 1719 3876 obditis.
1741 3821 1800 3877 inc.

396 3925 539 3986 nustruv.
564 3923 661 3980 Herus.
683 3921 749 3982 Sen.
771 3939 795 3976 ι.
816 3919 982 3979 retustiores
1000 3916 1077 3976 Ririi
1094 3926 1123 3974 et
1143 3936 1245 3974 omnes
1264 3917 1322 3975 sere
1336 3916 1466 3976 Palatini.
1485 3917 1570 3977 Febr.
1585 3940 1610 3982 r.
1635 3919 1697 3978 un.
1712 3925 1748 3981 ἰ.
1772 3923 1800 3995 3,

392 4029 461 4090 Vin.
481 4049 506 4088 ι.
527 4029 594 4088 lice.
616 4026 712 4084 Guett.
729 4045 753 4083 1.
770 4043 795 4082 ι.
809 4025 835 4093 4.
849 4023 876 4081 6.
890 4023 917 4086 8.
930 4043 959 4102 9.
976 4042 1021 4084 ιο.
1041 4041 1086 4084 ιι.
1105 4039 1149 4083 12.
1170 4017 1239 4078 Tur.
1255 4041 1279 4081 ι.
1292 4041 1319 4080 2.
1346 4020 1430 4081 Bern.
1446 4022 1514 4082 ni.
1541 4024 1662 4086 additis.
1691 4023 1754 4085 Bes.
1776 4047 1800 4086 r·

394 4155 450 4218 pro
463 4135 543 4195 veria
554 4134 678 4193 tertione
699 4151 724 4189 2.
739 4131 769 4200 4.
793 4131 851 4192 inc.
868 4150 891 4186 ι.
914 4126 1026 4188 Fabric.
1043 4146 1068 4182 ι.
1091 4125 1178 4183 Polot.
1194 4126 1222 4194 4.
1244 4125 1293 4185 ilc.
1314 4125 1398 4184 nem.
1411 4139 1504 4207 uterq.
1527 4127 1595 4188 vin.
1611 4150 1637 4188 ι.
1657 4129 1754 4194 Gttell.
1769 4155 1799 4212 7.

397 4245 425 4303 5.
448 4240 513 4320 (ubi
529 4249 623 4298 tanton
636 4248 663 4296 rt
674 4235 812 4310 ultorum)
834 4234 917 4293 Bern.
934 4253 958 4294 ι.
980 4239 1099 4288 tuntum
1113 4237 1162 4288 est.
1183 4230 1223 4286 ita
1240 4227 1360 4289 llorere.
1372 4231 1476 4304 edidit,
1492 4232 1718 4294 adsentientibus
1732 4257 1803 4295 om·

395 4347 498 4418 nibus,
520 4357 553 4405 ut
570 4343 702 4412 ridetur,
722 4339 801 4400 leid.
822 4339 881 4398 llos.
902 4359 925 4396 ι.
939 4358 966 4397 2.
979 4335 1007 4394 3.
1026 4337 1054 4405 4,
1075 4327 1143 4397 Tur.
1157 4355 1181 4392 ι.
1200 4353 1226 4392 2.
1250 4333 1334 4393 tter-n.
1351 4356 1374 4393 ι.
1387 4355 1413 4395 2.
1429 4339 1455 4397 3.
