4050 5009
1625 391 1700 471 555

336 587 387 648 55.
409 580 489 646 15115
508 579 600 644 fama
620 577 801 646 decessio
821 582 895 640 erat
914 577 967 642 55.
998 584 1155 644 senatum
1174 581 1220 646 de
1237 577 1367 646 ioedere
1386 582 1562 648 consuluit
1581 591 1633 669 59.
1653 590 1698 656 dc
1725 629 1734 642 .

325 707 408 772 paee
422 695 481 752 aut
495 686 590 752 bello
604 705 683 750 cum
697 683 855 749 hostibus
863 683 1042 768 pactiones
1055 684 1230 761 15555515.
1249 686 1402 752 sollicita
1422 689 1466 753 de
1484 689 1573 756 belli
1593 713 1696 760 even.

326 801 364 856 tu
388 795 502 859 55515
522 791 676 858 Massivae
696 809 781 854 nece
796 789 972 870 judicium
993 789 1114 876 fugere
1133 796 1184 856 61.
1216 795 1260 859 de
1280 793 1417 880 integro
1437 797 1488 858 65.
1515 815 1636 881 aspere
1655 799 1697 863 in

329 877 509 965 Metellum
529 897 687 962 debello
709 895 859 960 scribere
880 896 930 957 65.
956 893 1102 980 fatigare
1122 901 1166 962 de
1185 897 1402 981 proiectione
1423 922 1475 983 7²·
1494 904 1541 966 de
1559 903 1696 970 indicio

326 1002 495 1088 patefacio
517 1021 558 1068 55
576 1001 734 1086 perfugis
763 1013 970 1083 cognoscere
989 997 1078 1062 ibid.
1098 1002 1144 1063 de
1162 1003 1238 1066 ullo
1258 1003 1401 1090 negotio
1421 1024 1547 1090 negare
1566 1011 1619 1084 84.
1649 1012 1696 1075 de

324 1108 490 1172 Numidia
510 1109 643 1170 bonum
663 1103 820 1167 animum
838 1102 968 1168 babere
987 1105 1038 1168 85.
1059 1105 1104 1169 (15
1123 1125 1231 1171 uxore
1248 1109 1429 1175 honestius
1448 1112 1629 1178 consulere
1642 1120 1695 1196 95.

324 1212 423 1294 qnasi
444 1214 488 1276 de
507 1231 591 1296 pace
610 1209 786 1275 veniretur
805 1207 845 1270 in
865 1207 1082 1290 colloquium
1104 1232 1173 1273 555.
1201 1214 1245 1277 de
1263 1213 1458 1296 5115519555
1478 1223 1575 1303 tergo
1594 1218 1693 1305 regio

323 1337 420 1383 more
440 1316 626 1400 consulere·
637 1316 680 1378 Η.
702 1317 729 1376 1.
751 1315 781 1378 8.
810 1314 854 1378 de
874 1314 989 1378 reditu
1009 1315 1123 1402 legem
1144 1315 1235 1385 ferre
1255 1322 1299 1388 II.
1321 1325 1351 1385 5.
1378 1327 1546 1386 certatum
1565 1323 1694 1388 utrim.

322 1425 455 1505 quc-de
475 1420 713 1486 dominatione
733 1418 772 1483 in
789 1418 887 1484 vobis
906 1422 968 1482 111.
990 1437 1041 1485 55.
1545 1419 1549 1424 “

281 1526 445 1592 Debebo!
469 1528 637 1612 grandem
661 1520 848 1611 pecuniam
870 1527 905 1588 C.
927 1541 978 1607 49.
1009 1527 1157 1614 gratiam
1177 1532 1284 1598 alicui
1303 1545 1338 1600 J.
1360 1553 1429 1614 ¹⁰9·
1462 1532 1538 1602 fore
1564 1541 1603 1598 551
1630 1534 1691 1598 1111

319 1631 510 1717 plurimum
530 1633 713 1698 deberetur
736 1651 805 1696 555.
825 1631 983 1696 debitum
1004 1643 1161 1718 repetere
1180 1648 1213 1704 8.
1236 1639 1287 1702 85.

278 1740 418 1804 Docere
436 1737 627 1804 existimavi
645 1750 678 1805 8.
699 1742 747 1802 sc.
767 1739 810 1800 ab
830 1737 884 1801 ira
903 1741 1029 1805 vacuos
1049 1759 1122 1806 essa
1143 1743 1178 1804 G.
1200 1745 1250 1804 55.
1279 1743 1436 1809 minume
1464 1744 1569 1808 irasci
1598 1743 1687 1811 ibid.

317 1845 444 1926 quibus
465 1865 554 1910 curae
583 1863 654 1910 esse
674 1843 732 1922 jus
758 1854 790 1910 8.
816 1860 862 1919 54.
891 1845 1020 1928 quibus
1047 1847 1174 1912 terrori
1199 1867 1260 1912 vos
1288 1867 1361 1913 esse
1383 1854 1434 1913 55.
1460 1848 1523 1915 515.
1548 1869 1615 1930 557.
1637 1852 1689 1917 68.

317 1951 368 2012 85.
389 1969 466 2031 quae
486 1952 530 2014 ab
550 1950 757 2034 imperatore
777 1950 957 2015 decuerint
976 1955 1028 2034 49.
1046 1953 1165 2018 locum
1186 1954 1371 2019 editiorem
1391 1953 1560 2039 capiebat,
1580 1973 1688 2038 quam

318 2053 510 2118 victoribus
529 2055 670 2118 decebat
689 2055 732 2116 H.
753 2055 779 2117 1.
803 2055 851 2116 55.
1635 2087 1644 2098 ·

277 2149 461 2224 Deced'ere
479 2157 581 2220 ltalia
602 2160 633 2219 J.
649 2160 697 2219 55.
714 2160 764 2219 58.
778 2160 829 2218 55.
857 2158 1003 2222 decessit
1023 2160 1159 2222 invidia
1179 2164 1232 2224 88.
1249 2160 1313 2222 ubi
1332 2159 1484 2224 formido
1505 2163 1569 2223 illa
1589 2179 1689 2226 men·

318 2263 412 2328 tibus
431 2265 619 2328 decesserat
633 2263 691 2336 15.
710 2262 785 2338 (sed
805 2258 932 2325 melior
950 2260 1075 2325 lectio:
1095 2260 1248 2345 discess.)
1258 2265 1406 2327 Romam
1427 2264 1615 2328 decesserat
1634 2266 1687 2326 56.

276 2371 481 2434 Decet-nere
499 2387 608 2454 genus
627 2385 736 2452 poenae
756 2385 885 2430 novum
906 2368 945 2429 C.
961 2367 1012 2430 55.
1031 2368 1077 2431 (15
1092 2365 1244 2446 conj-ia.
1256 2367 1399 2452 praemia
1411 2367 1519 2432 alicui
1535 2373 1586 2432 65.
1606 2385 1688 2453 sup-

315 2471 688 2558 pliciumsumendum
710 2475 759 2536 55.
788 2473 944 2538 decernit
971 2471 1099 2536 551158.
1128 2475 1163 2535 0.
1179 2475 1229 2537 58.
1251 2492 1301 2553 59.
1322 2477 1374 2537 5ο.
1395 2476 1447 2538 56.
1473 2473 1580 2538 alicui
1609 2474 1687 2538 bel·

314 2577 490 2646 1555555555
510 2597 580 2662 quo
600 2590 633 2648 J.
650 2579 700 2664 75.
720 2577 892 2663 supplicia
916 2577 991 2642 diis
1004 2578 1099 2645 imm.
1120 2582 1171 2645 55.
1192 2579 1391 2644 decernitur
1411 2588 1545 2665 tempus
1564 2581 1609 2642 ad
1628 2587 1686 2642 ut·

315 2705 457 2767 ramque
479 2705 551 2752 rem
562 2696 595 2752 8.
607 2708 655 2748 55.
674 2683 779 2770 pauci
800 2683 951 2749 ferocius
972 2684 1164 2751 decernunt
1182 2702 1251 2764 554.
1270 2685 1484 2770 stipendium
1497 2703 1546 2769 57.
1567 2687 1686 2751 decre·

314 2796 350 2850 ta
376 2789 557 2871 provincia
583 2795 648 2855 555.
671 2793 720 2850 65.
742 2793 794 2867 75.
821 2788 987 2850 Numidis
1013 2798 1117 2870 atque
1137 2789 1238 2852 ltalia
1260 2813 1308 2872 ²7·
1330 2792 1684 2854 5555511555Η.1.5ο.

307 2894 592 2976 supplementum
610 2893 662 2963 84.
683 2890 779 2970 quod
799 2889 975 2951 decretum
996 2889 1063 2950 erit
1082 2890 1122 2950 in
1142 2890 1179 2950 C.
1199 2893 1250 2950 55.
1271 2891 1346 2951 dies
1366 2891 1545 2970 colloquio
1565 2892 1684 2957 decre-

318 3003 373 3058 tus
398 2999 467 3058 555.
494 2991 632 3058 decrevi
649 2991 686 3054 i.
707 3010 737 3055 e.
766 2989 931 3052 constitui
951 2990 988 3049 c.
1008 3003 1040 3064 4.
1061 2993 1114 3054 55.
1140 3007 1215 3052 555
1234 2992 1354 3075 egredi
1372 2991 1557 3075 provincia
1579 2995 1610 3056 5.
1630 2995 1682 3070 45.

245 3141 247 3146 ¹
317 3099 355 3162 in
375 3097 515 3184 oppidis
536 3083 720 3160 maritimis
736 3113 839 3180 agere
852 3113 919 3157 555.
941 3111 1019 3176 quae
1039 3094 1192 3177 pessumi
1210 3103 1245 3158 et
1264 3095 1468 3165 stultissumi
1488 3099 1579 3176 deor.
1598 3098 1643 3162 Η.
1653 3100 1685 3163 Ι.

318 3226 365 3286 59.
396 3204 612 3290 rogationem
632 3200 731 3286 plebs
750 3202 781 3262 J.
802 3213 853 3276 45.
877 3201 952 3265 baec
973 3199 1075 3281 sequi
1096 3202 1132 3263 d.
1154 3201 1192 3263 c.
1214 3200 1262 3264 58.
1294 3203 1371 3286 lpse
1392 3202 1536 3264 domum
1554 3201 1683 3267 reverti

313 3311 344 3373 5.
365 3313 395 3375 8.
426 3308 523 3394 priris
543 3305 662 3372 omnia
680 3305 754 3390 pati
775 3323 822 3368 55.
855 3304 948 3368 nihil
970 3303 1077 3370 511555
1097 3326 1193 3370 nune
1214 3329 1280 3390 559.
1304 3306 1451 3370 decreta
1472 3305 1592 3370 omnia
1610 3325 1682 3372 ras·

314 3415 515 3483 dasian.
535 3417 610 3478 5155.
629 3420 740 3478 vestra
759 3411 972 3476 auxiliantur
988 3427 1037 3488 54.
1057 3413 1168 3478 senati
1187 3412 1365 3499 negligere
1377 3429 1429 3488 4ο.
1448 3394 1581 3496 legatos
1599 3419 1634 3476 et
1647 3413 1680 3477 d

313 3539 436 3607 parare
446 3521 491 3583 H.
508 3523 537 3582 1.
551 3543 599 3602 59.
613 3519 700 3600 quid
711 3537 798 3603 opus
808 3521 842 3582 d.
857 3519 903 3581 ib.
917 3522 951 3582 d.
970 3520 1072 3583 labor
1085 3517 1196 3584 deiuit
1210 3520 1253 3580 H.
1265 3518 1335 3582 inc.
1353 3541 1399 3601 57.
1413 3521 1447 3583 d.
1459 3517 1590 3601 inopia
1601 3515 1680 3601 opi-

313 3625 546 3692 1515511555.
575 3643 616 3688 ex
634 3645 703 3688 sen.
724 3627 759 3691 d.
779 3635 813 3690 8.
835 3624 884 3686 58.
915 3643 958 3687 ex
979 3623 1120 3687 consilii
1145 3626 1181 3684 d.
1202 3626 1254 3684 65.
1285 3624 1435 3687 mollitia
1461 3627 1680 3691 decretorum
1750 3698 1752 3701 ¹

313 3735 357 3796 H.
379 3733 405 3794 1.
429 3751 477 3814 59.
506 3745 569 3811 per
598 3746 668 3794 sen.
698 3732 731 3796 d.
761 3730 796 3792 C.
825 3730 875 3791 55.
907 3747 981 3793 sen.
1003 3731 1038 3790 d.
1056 3727 1106 3790 fit.
1130 3726 1179 3790 55.
1209 3727 1241 3790 1.
1265 3730 1312 3792 56.
1335 3733 1384 3818 515.
1414 3731 1449 3792 d.
1476 3749 1568 3800 cons.
1595 3729 1677 3796 snb·

270 3889 275 3897 .
313 3845 447 3930 vertere
469 3839 519 3899 58.
580 3864 584 3872 ·

274 3946 529 4009 Declarantur
548 3941 640 4003 Coss.
662 3941 698 4001 C.
719 3941 769 4010 ab.
789 3959 852 4023 per
872 3935 1018 4002 nuncios
1037 3936 1174 4002 consuli
1193 3939 1244 4012 46.

155 4124 159 4132 ,
274 4045 473 4114 Declinare
490 4045 664 4110 1551555555
685 4043 723 4106 in
745 4044 971 4110 temeritatem
991 4045 1034 4105 H.
1055 4045 1100 4108 11.
1121 4059 1173 4118 4ο.
1722 4099 1732 4109 ,
1803 4121 1807 4126 Δ

275 4155 399 4218 Decus
418 4149 605 4236 gratificari
623 4151 719 4212 1..5..
735 4149 870 4235 regium
891 4153 943 4212 55.
964 4152 1015 4229 75.
1034 4149 1087 4211 55.
1117 4149 1153 4212 C.
1174 4164 1224 4210 5ο.
1246 4149 1301 4211 58.
1316 4154 1366 4214 55.
1394 4149 1426 4210 d.
1443 4143 1582 4210 ordinis
1600 4160 1673 4207 5555.

316 4239 405 4320 1121.
430 4279 477 4338 59.
504 4256 580 4322 sine
599 4257 723 4322 decore
743 4265 777 4321 8.
802 4260 870 4322 555.
901 4253 1022 4320 decori
1040 4271 1112 4321 esse
1134 4275 1183 4335 59.
1203 4255 1254 4336 75.
1275 4255 1324 4316 85.
1355 4249 1492 4317 decoris
1519 4246 1675 4315 studium

1329 4379 1378 4454 ²9
