4050 5009
385 392 431 471 52

326 610 335 627 ·
381 590 516 657 Sullam
524 593 676 675 spectare
687 606 790 653 nemo
804 606 876 653 non
887 588 1065 677 intelligit.
1082 590 1448 680 Consenfitfiugostin.
1457 600 1511 664 Dc
1525 600 1597 667 civ.
1608 605 1683 670 Dei.
1694 609 1738 673 Il.
1751 612 1791 675 18

374 681 458 763 sub.
483 696 542 759 fin.
562 694 676 771 ..Dicis
693 695 819 760 deinde
833 696 935 781 plura
955 698 1122 779 Salustius
1141 700 1185 763 de
1196 700 1301 784 Syllae
1317 702 1414 766 vitiis
1431 713 1612 789 ceteraque
1625 711 1791 781 foeditate

383 802 584 887 reipublicae
601 809 685 865 etc.»
703 802 781 861 Jam
796 814 882 863 cum·
889 801 960 866 alia
979 822 1119 885 quoque
1133 813 1265 869 servata
1283 805 1354 870 sint
1374 807 1584 895 fragmenta,
1604 837 1681 897 quae
1694 826 1729 883 et
1745 823 1790 883 ad
1912 882 1919 899 ,

383 908 477 973 bella
501 906 635 981 civilia,
665 906 947 989 Grachorumque
975 908 1163 975 seditiones
1186 915 1364 978 commode
1394 914 1522 982 referre
1550 919 1670 1006 liceat,
1695 925 1789 989 haud

383 1015 613 1101 improbanda
628 1012 769 1077 'videtur
792 1013 987 1093 conjectura
1008 1014 1204 1101 Debrossii‚
1236 1018 1300 1099 qui
1324 1019 1509 1085 Salustium
1532 1026 1576 1091 de
1600 1029 1790 1096 Grachauis

384 1119 581 1205 discordiis,
603 1126 636 1183 ct
658 1117 816 1183 debello
845 1119 989 1205 sociali,
1020 1120 1158 1186 brevius
1178 1126 1222 1187 de
1240 1124 1470 1191 seditionibus
1490 1124 1534 1193 ab
1556 1133 1727 1219 AppuleJ'o
1755 1142 1791 1200 et

371 1226 566 1291 'Saturnino
592 1224 790 1309 commotis,
813 1233 847 1289 01
864 1228 908 1289 de
927 1220 1189 1293 bello‘Sullano
1211 1227 1322 1294 fusius
1335 1231 1444 1318 egisse
1465 1235 1645 1304 existimat.
1665 1242 1733 1305 Sed
1749 1259 1789 1305 ex

384 1332 519 1410 multis,
546 1350 622 1413 quae
654 1332 698 1393 ad
728 1332 818 1393 banc
850 1328 1053 1415 opinionem
1088 1334 1382 1420 confirmandam,
1419 1338 1573 1404 laudavit
1615 1344 1789 1429 fragmen-

383 1437 448 1522 tis,
481 1458 588 1524 pauca
625 1438 732 1499 modo
765 1435 911 1501 certiora
942 1445 1031 1500 sunt.
1070 1438 1130 1501 cfr.
1158 1442 1228 1505 lnc.
1264 1446 1317 1519 43.
1342 1462 1371 1521 7.
1402 1458 1454 1518 sa.
1476 1446 1508 1528 Ι,
1540 1448 1590 1508 61.
1618 1449 1644 1515 1.
1671 1464 1722 1512 21.
1755 1458 1791 1514 et

384 1566 436 1609 rr.
462 1547 505 1610 de
533 1542 659 1626 quibus
688 1540 780 1603 infra
807 1542 997 1605 accuratius
1021 1562 1180 1631 agemusc
1213 1545 1460 1633 fragmentum,
1491 1555 1586 1632 quod
1618 1554 1789 1640 sequitur,

384 1672 485 1714 ·11.·
505 1672 547 1716 eo
565 1648 737 1735 pertinere
757 1648 836 1712 luce
857 1648 983 1713 clarius
1004 1659 1065 1715 est.
1087 1652 1147 1715 cfr.
1169 1653 1258 1720 Plut.
1282 1656 1401 1740 Pomp.
1420 1676 1448 1719 c.
1470 1678 1517 1718 υ.
1538 1645 1604 1729 εἷλε
1612 1650 1789 1732 finale&

331 1869 334 1877 Ι
384 1766 554 1861 βασίλεων
571 1757 727 1866 ‘rieden
757 1756 808 1841 riv
828 1756 1112 1870 συμμαχήσαντα
1130 1772 1289 1874 Δομιτίῳ,
1317 1764 1371 1859 riv
1400 1760 1436 1846 11
1463 1768 1646 1862 βασιλείαν
1663 1766 1790 1884 Ἰεμψᾳ

386 1879 567 1989 παρέδωκε,
591 1896 667 1956 Hoc
685 1890 843 1958 enim-ad
857 1892 960 1957 initia
974 1893 1061 1959 belli
1071 1894 1260 1959 Sertoriani
1271 1896 1461 1981 pertinere,
1482 1920 1559 1962 cum
1578 1900 1608 1963 is
1624 1901 1664 1963 in
1674 1900 1790 1966 Africa

387 2008 463 2093 regi
477 2028 497 2071 a
509 2006 660 2071 Sullanis
673 2007 812 2093 expulso
823 2008 990 2072 auxilium
1000 2007 1121 2087 ferret,
1139 2030 1261 2095 parum
1271 2011 1453 2095 probabile
1463 2012 1609 2077 videtur.
1626 2012 1687 2076 cfr.
1699 2015 1790 2079 Plut.

387 2114 513 2179 sertor.
524 2137 551 2179 c.
564 2136 599 2196 93
617 2132 720 2177 ·12.·
737 2116 804 2178 hoc
814 2114 1043 2202 fragmentum
1053 2117 1256 2183 Debrossius
1265 2121 1309 2182 ad
1321 2118 1426 2182 finem
1439 2118 1607 2183 tumultus
1620 2139 1640 2182 a
1655 2118 1790 2203 Lepido

388 2223 551 2286 commoti
574 2231 724 2306 spectare
736 2220 887 2301 judicat,
912 2223 975 2287 ubi
996 2222 1103 2287 variis
1124 2224 1215 2320 curis
1234 2234 1373 2312 patrum
1396 2232 1528 2291 mentes
1548 2223 1791 2310 fatigabantur.
1911 2259 1929 2281 ο

388 2334 485 2396 -13.-
498 2326 596 2411 Quin
607 2332 751 2395 lenones
762 2338 797 2395 et
809 2326 1275 2414 vinariilaniiquc-Icnones
1284 2334 1350 2397 11.1.
1361 2352 1425 2415 pro
1435 2332 1515 2394 lixis
1528 2340 1561 2395 et
1573 2332 1791 2415 cauponariis

388 2431 755 2522 dictumessevidetur,
776 2440 836 2503 scd
845 2437 1108 2519 exemplahujus
1116 2434 1378 2517 significationis
1386 2434 1562 2513 desidero;
1586 2439 1646 2498 sed
1659 2437 1800 2501 Wassio·

386 2536 471 2607 tes'te
498 2562 551 2625 ap.
582 2543 707 2610 Charis.
731 2568 765 2631 p.
790 2546 840 2607 58.
872 2538 976 2603 lectio
1003 2545 1071 2610 est,
1103 2538 1250 2600 lenones
1279 2535 1429 2616 vinorii3
1464 2538 1544 2601 aliis
1571 2540 1788 2623 auctoribus,

389 2648 535 2713 lenones
554 2650 715 2716 omissum
730 2658 797 2727 csl3
819 2649 856 2709 id
873 2651 963 2705 certe
978 2662 1051 2704 non
1070 2640 1215 2703 dubium
1236 2652 1304 2725 est,
1323 2643 1465 2706 lenones
1477 2644 1545 2704 hoc
1557 2640 1635 2704 loco
1650 2646 1792 2726 propria

387 2750 636 2838 significatione
652 2766 741 2821 stare
756 2770 828 2812 non
841 2764 956 2830 possc;
978 2748 1020 2809 ad
1038 2745 1181 2809 bellicos
1202 2754 1383 2832 apparatus
1399 2747 1525 2831 Lepidi
1537 2748 1605 2810 hoc
1617 2747 1792 2831 pertinere

386 2857 533 2939 videtum·
552 2852 747 2943 compositi
755 2870 815 2935 pro
830 2850 1000 2917 redimere
1018 2851 1149 2917 dictum
1167 2872 1238 2917 esse
1253 2862 1352 2938 putat
1370 2855 1455 2916 Non.
1468 2852 1652 2917 Marcellus
1664 2856 1719 2918 1v.
1735 2856 1791 2934 623

384 2966 511 3032 rectius
538 2966 664 3030 dixeris
689 2978 760 3025 esse
786 2958 880 3025 idem
907 2962 1002 3044 quod
1030 2953 1179 3045 parati,
1209 2958 1299 3021 facta
1326 2957 1498 3042 pactione.
1524 2962 1630 3021 -15.-
1650 2954 1789 3023 Oratio

384 3068 515 3156 Lepidi
534 3074 643 3139 Cons-
662 3060 715 3128 ad
722 3066 902 3148 populum
920 3064 1138 3129 Romanum.
1179 3064 1210 3129 is
1234 3066 1353 3129 titulus
1373 3072 1424 3130 est
1443 3064 1483 3126 in
1503 3066 1579 3130 Vat.
1600 3086 1628 3127 r.
1651 3084 1731 3125 nam
1750 3064 1788 3127 in

384 3180 460 3245 vat.
479 3178 522 3241 II.
542 3173 660 3241 nullus
673 3180 732 3237 est.
752 3164 1006 3234 Difficillimum
1027 3172 1137 3230 estad
1157 3169 1434 3248 dijudicandum,
1455 3186 1525 3245 quo
1547 3179 1700 3250 tempore
1719 3172 1790 3232 haec

381 3270 499 3348 brasio
518 3284 562 3347 sit
581 3280 718 3355 habita;
741 3279 835 3358 quod
854 3268 1010 3352 quamvis
1028 3276 1061 3329 et
1083 3266 1186 3329 titulo
1202 3274 1236 3329 et
1253 3267 1421 3330 orationis
1439 3268 1508 3333 fine
1527 3270 1608 3336 satis
1624 3272 1790 3337 declarari

386 3390 565 3473 videatur,
586 3396 701 3449 tamen
723 3376 841 3439 multis
862 3373 1011 3457 suspicio
1035 3369 1177 3447 incidit,
1200 3370 1277 3436 fieri
1292 3393 1364 3436 non
1390 3393 1506 3459 posse,
1527 3384 1565 3438 ut
1586 3376 1664 3441 talis
1684 3379 1790 3442 oratio
1852 3457 1856 3465 .

388 3469 486 3559 Sulla
507 3494 607 3572 vivo,
625 3486 681 3548 vel
699 3490 777 3566 post
797 3479 988 3544 abdicatam
1007 3479 1211 3542 dictaturam
1231 3481 1432 3558 haberetur,
1452 3480 1554 3545 itaut
1571 3482 1697 3547 nonin
1714 3484 1790 3548 foro

327 3606 330 3613 '
390 3604 484 3667 etad
509 3590 732 3667 concionem,
761 3590 879 3653 sedin
903 3587 1034 3651 aedihus
1054 3595 1087 3650 cl
1105 3584 1197 3649 inter
1214 3585 1361 3671 parietes
1382 3589 1427 3650 ad
1448 3606 1576 3670 paucos
1597 3590 1791 3668 conjuratos

389 3708 493 3773 verba
511 3694 684 3767 consulem
708 3694 826 3759 fecisse
845 3700 1015 3779 putarent.
1037 3691 1191 3754 Primum
1210 3692 1319 3779 igitur
1341 3701 1431 3756 extra
1450 3713 1589 3757 omnem
1609 3695 1792 3760 dubitatio-

389 3834 470 3879 nem
488 3815 535 3873 est
553 3801 724 3888 positum,
744 3800 913 3883 Lepidum
936 3798 1113 3863 consulem
1133 3800 1222 3861 hanc
1244 3799 1435 3863 orationem
1453 3818 1517 3884 pro
1535 3800 1654 3863 rostris
1671 3803 1716 3863 ad
1728 3820 1793 3884 po·

388 3918 513 4006 pulum
532 3907 703 3973 habuisse.
726 3902 888 3988 Quirites
909 3905 1001 3969 enim
1024 3904 1161 3969 nonnisi
1184 3904 1308 3991 populi
1329 3905 1449 3969 concio
1473 3905 1641 3990 appellari
1662 3906 1792 3990 potuit,

340 4096 343 4103 Ι
390 4038 504 4115 neque
533 4026 623 4081 recte
655 4012 784 4085 dixeris¹
812 4012 987 4075 consulem
1007 4012 1238 4097 designatum,
1263 4010 1320 4075 cui
1339 4012 1436 4074 nulla
1457 4021 1629 4096 potestas,
1656 4012 1793 4075 nullum

391 4124 594 4213 impepium,
614 4140 649 4186 se
671 4118 767 4204 plebi
788 4120 910 4181 ducem
931 4120 976 4179 atl
997 4108 1231 4202 recipiendam
1243 4116 1444 4185 libertatem
1460 4116 1615 4202 profiteri
1630 4118 1794 4202 potuisse.

390 4232 501 4314 Igitur
516 4234 590 4295 haec
613 4226 716 4291 missa
734 4224 907 4288 faciamus.
927 4225 970 4286 At
989 4223 1142 4287 orationi
1161 4223 1270 4286 multa
1291 4224 1426 4302 insunt,
1446 4242 1522 4305 quae
1536 4223 1668 4285 Sullam
1689 4224 1793 4286 etiam

392 4338 466 4396 tum
487 4337 689 4402 dictaturam
715 4331 897 4401 retinuisse
920 4333 1165 4397 demonstrant.
1195 4332 1271 4395 Hac
1293 4331 1336 4395 de
1362 4347 1401 4394 re
1423 4327 1691 4412 disputandum,
1720 4337 1793 4390 tum
