4050 5009
1583 380 1662 474 289,¹

243 547 301 623 tis
320 548 549 641 efferebaris,
575 569 641 645 ut,
665 580 751 658 quae
773 555 850 659 ipse
876 556 1028 659 corpori
1052 569 1117 631 tuo
1144 552 1270 658 turpia
1296 582 1375 630 non
1405 553 1587 643 duxisses,
1614 554 1656 629 in

248 670 336 746 aliis
362 677 591 778 experireris.
643 680 699 751 Ita
730 704 809 752 non
834 693 889 752 ert
913 677 1025 753 l'acile
1056 666 1259 781 erputaoe,
1280 682 1405 753 Patres
1428 678 1653 781 conscripti,

241 813 384 873 'utrum
409 796 733 876 inhonestioribus
758 802 926 903 corporis
948 801 1122 905 partibus
1146 827 1226 875 rem
1247 800 1457 899 quaesierit,
1482 828 1533 893 an
1559 802 1654 877 ami·

242 922 345 995 serit
385 924 556 999 Domum
579 941 778 1028 paternam
800 925 885 999 vivo
912 942 1021 1028 patre
1047 924 1261 1027 turpissime
1290 924 1461 1001 venalem
1497 922 1655 1013 habuit,

241 1044 429 1121 vendidit
454 1050 505 1122 Et
522 1048 587 1124 cni
607 1047 771 1124 dubium
787 1064 1014 1153 potestesse,
1037 1049 1133 1151 quin
1156 1048 1253 1123 mori
1271 1047 1433 1151 coegerit
1449 1074 1558 1139 eum,
1576 1076 1654 1153 quo
1780 1069 1784 1077 “

244 1164 314 1243 hic
337 1170 514 1245 nondum
534 1186 687 1246 mortuo
710 1192 781 1275 pro
807 1170 946 1247 herede
976 1174 1127 1277 gesserit
1151 1172 1305 1247 omnia?
1342 1172 1474 1273 Neque
1490 1172 1611 1275 pudet
1632 1200 1653 1248 a

243 1317 309 1366 me
328 1318 418 1368 cnm
444 1318 631 1396 quaerene,
663 1294 748 1397 quis
772 1295 814 1371 in
837 1300 873 1370 P.
906 1296 1026 1371 Crassi
1048 1296 1162 1371 domo
1183 1294 1349 1387 habitet;
1379 1320 1469 1369 cum
1495 1294 1573 1399 ipse
1597 1322 1655 1371 re-
1681 1288 1687 1297 ’

240 1415 432 1519 spondere
452 1444 533 1493 non
549 1433 684 1521 queat,
711 1418 797 1521 quis
817 1419 858 1493 in
880 1418 998 1523 ipsius
1017 1419 1164 1493 habitet
1177 1434 1337 1523 paterna
1351 1416 1472 1493 domo.
1506 1423 1558 1493 At
1568 1417 1654 1495 her-

241 1538 355 1615 cule!
382 1540 518 1645 lapsus
534 1542 654 1617 oetatis
684 1540 879 1632 tirocinio,
912 1558 1039 1645 postea
1073 1569 1149 1619 sese
1177 1542 1348 1617 correxit
1394 1544 1479 1617 Non
1504 1543 1556 1617 ita
1577 1560 1651 1619 est:

240 1662 313 1739 sed
345 1663 441 1738 abiit
466 1666 507 1739 in
536 1664 756 1741 sodalitium
782 1666 967 1771 sacrilegii
993 1665 1212 1771 Nigidiani:
1246 1666 1304 1740 bis
1328 1665 1464 1740 iudicis
1485 1666 1535 1741 ad
1563 1668 1653 1743 sub-

241 1785 353 1984 regia
377 1802 580 1877 attractus,
605 1804 773 1865 extrema
793 1789 950 1865 fortuna
978 1789 1106 1865 stetit:
1133 1805 1172 1864 et
1200 1788 1252 1864 ita
1278 1788 1462 1881 discessit,
1485 1790 1544 1865 uti
1571 1818 1652 1869 non

241 1908 288 1984 hi
328 1911 511 1987 innocens
536 1938 627 2002 esse,
651 1910 717 1987 sed
740 1912 883 1987 iudices
903 1912 1084 2017 peierasse
1110 1913 1426 1987 existimarentur.
1478 1913 1651 1990 Primum

241 2036 433 2110 honorem
458 2036 500 2109 in
520 2051 708 2138 quaestura
733 2034 913 2139 adeptus,
938 2035 1112 2132 [secutus
1125 2036 1202 2133 est]
1225 2034 1331 2111 hunc
1350 2036 1480 2110 locum
1490 2052 1529 2111 et
1542 2034 1649 2114 hunc

240 2158 422 2235 ordinem
442 2159 635 2262 despexit:
661 2159 771 2233 cuins
795 2158 920 2234 aditus
936 2158 1008 2232 sibi
1027 2184 1195 2261 quoque,
1220 2158 1475 2233 sordidissimo
1495 2156 1646 2235 homini

239 2283 433 2387 patuisset
467 2285 602 2383 Itaque
623 2280 777 2371 timens,
812 2308 861 2355 ne
881 2281 1052 2355 facinora
1074 2282 1154 2356 eius
1185 2282 1285 2357 clam
1304 2308 1367 2357 vos
1389 2298 1528 2373 essent,
1555 2311 1646 2359 curn

242 2406 427 2483 omnibus
446 2422 615 2479 matrum
632 2404 866 2479 familiarum
890 2405 980 2479 viris
999 2406 1207 2509 opprobrio
1230 2421 1337 2495 esset,
1363 2404 1549 2481 confessus
1577 2424 1646 2495 est,

241 2531 351 2606 vobis
375 2530 636 2617 audientibus,
662 2528 922 2617 adulterium,
945 2555 1017 2604 nec
1036 2530 1192 2603 erubuit
1215 2556 1280 2603 ora
1305 2545 1431 2603 vestra.
1477 2530 1676 2621 Vixeris,6

240 2656 304 2729 uti
329 2654 445 2742 libet,
471 2653 630 2743 Salusti;
662 2652 797 2755 egeris,
833 2677 920 2753 quat
940 2652 1126 2742 volueris3
1153 2651 1241 2727 satis
1263 2651 1329 2741 sit,
1355 2679 1479 2728 unum
1503 2668 1540 2728 te
1562 2671 1646 2731 tuo-

241 2805 334 2851 rum
355 2776 539 2852 scelerum
567 2802 642 2851 esse
670 2775 887 2865 conscium
921 2775 1002 2849 noli
1030 2775 1140 2849 nobis
1169 2775 1392 2879 languorem
1415 2794 1454 2853 et
1476 2802 1648 2881 soporem

241 2902 412 2977 nimium
433 2900 667 3003 exprobrare.
714 2900 852 2974 Sumus
871 2897 1068 3003 diligentes
1096 2899 1136 2971 in
1166 2899 1309 2973 tuenda
1337 2900 1523 3003 pudicitia
1554 2929 1648 2979 uxo·

241 3052 333 3101 rum
363 3042 606 3099 nostrarum:
638 3021 703 3099 sed
729 3024 781 3097 ita
815 3021 1023 3124 experrecti
1049 3046 1129 3095 non
1161 3046 1304 3111 sumus,
1332 3038 1377 3095 ut
1406 3050 1429 3097 a
1451 3040 1487 3099 te
1516 3051 1645 3109 cavere

242 3150 434 3254 possimus.
471 3147 640 3222 Audacia
662 3164 729 3220 tua
755 3128 883 3220 vincit
896 3143 1021 3217 studia
1049 3160 1184 3217 nostra.
1223 3144 1383 3247 Ecquod
1406 3144 1551 3219 factum
1576 3164 1644 3223 aut
1676 3246 1679 3252 .

242 3274 394 3364 dictum·
424 3288 536 3376 turpe
560 3270 668 3345 hunc
699 3294 846 3343 movere
866 3264 996 3371 possit,
1032 3269 1158 3341 Patres
1181 3264 1402 3369 conscripti,
1428 3295 1543 3369 quem
1562 3296 1642 3344 non

241 3522 304 3581 Bas.
325 3521 358 3579 in
370 3517 507 3581 tirociru'o
527 3516 578 3576 Ac.
598 3513 747 3593 maritagii
765 3514 815 3573 Ac.
836 3510 914 3577 Gud.
936 3511 979 3571 bis
991 3512 1034 3570 od
1049 3511 1111 3571 iud.
1132 3509 1212 3569 Laid.
1224 3532 1250 3571 c.
1271 3510 1322 3571 hic
1340 3512 1489 3573 innocuas.
1510 3511 1560 3571 hie
1579 3532 1639 3572 om.

244 3625 323 3686 Gud.
345 3625 395 3684 lu'c
414 3645 475 3683 non
495 3622 577 3685 Leid.
591 3642 617 3681 c.
638 3628 748 3679 nudus
762 3627 804 3679 cst
821 3619 902 3677 huuc
918 3618 1014 3677 locum
1031 3624 1058 3674 et
1078 3616 1158 3675 hunc
1174 3615 1310 3675 ordinem
1327 3618 1472 3695 despecm
1498 3618 1560 3677 lias.
1586 3621 1641 3677 da·

243 3740 352 3813 spectus
371 3739 400 3788 at
418 3728 512 3787 corui
533 3726 610 3785 libri.
630 3724 711 3783 Laid.
725 3745 750 3783 c.
773 3722 834 3802 (sed
850 3730 961 3782 earm
983 3721 1043 3799 est)
1064 3740 1126 3782 om.
1149 3720 1228 3799 quod
1243 3720 1382 3781 Gruterus
1397 3724 1429 3780 iu
1443 3724 1557 3803 aliquot
1573 3722 1639 3781 Msa.

244 3837 380 3918 repperit.
400 3832 529 3913 despexd
537 3829 653 3893 emend.
674 3828 756 3888 Cort.
777 3827 856 3886 clam
873 3846 926 3885 nos
935 3824 1011 3885 Gud.
1026 3824 1110 3883 Rem.
1131 3824 1210 3883 clam
1222 3824 1303 3885 nobis
1312 3824 1373 3885 lc.
1394 3827 1472 3887 clam
1484 3826 1568 3887 vobis
1580 3829 1639 3889 inc.

244 3941 324 4007 Oud.
345 3937 498 4021 opprobrio
514 3934 751 4013 adtemptatae
769 3930 849 3990 [eid.
862 3952 888 3990 c.
901 3930 1094 4007 familiarum
1107 3928 1204 3987 vestris
1223 3931 1399 4008 prorostris.
1420 3931 1551 4013 quadiu
1570 3952 1640 3992 om·

242 4047 328 4108 nibus
346 4046 404 4105 lere
418 4044 500 4105 libris
519 4052 578 4114 cst,
599 4048 674 4099 recta
692 4037 880 4096 emendatum
899 4034 980 4095 υἱώ.
1001 4053 1065 4093 nac.
1083 4031 1195 4092 erubrut
1214 4032 1276 4093 Bes.
1424 4106 1427 4109 Ι

245 4150 317 4235 Cap.
329 4152 359 4213 6.
380 4170 436 4214 erae
450 4146 599 4209 conmiwn
618 4144 680 4205 tta.
700 4142 781 4201 leid.
797 4162 824 4203 c.
836 4143 961 4219 scotum
977 4160 1015 4201 ac
1028 4139 1140 4201 dietwn
1159 4146 1242 4217 wrpc
1265 4138 1344 4201 hunc
1364 4160 1438 4203 mor.
1452 4160 1516 4223 por.
1542 4139 1579 4203 Ρ.
1600 4140 1636 4206 (L

1187 4272 1235 4369 ³7
