4050 5009
390 395 462 464 512

386 587 479 672 plur.
501 601 647 651 numero
669 577 854 650 occurrunt
875 588 968 672 apud
986 583 1192 672 Salustium,
1219 605 1297 671 qua
1327 587 1420 673 apud
1454 592 1584 655 ceteros
1614 590 1799 680 scriptores

387 692 521 758 rariora
544 700 631 760 sunt.
652 690 712 756 cfr.
727 689 876 758 soevitioe
901 696 946 757 H.
971 695 998 757 Ι.
1023 695 1053 756 8.
1068 716 1195 778 paces,
1222 697 1322 761 luces
1339 695 1407 763 inc.
1429 694 1482 766 5ο.
1508 698 1584 778 1893
1603 719 1663 763 res
1675 695 1798 787 sami·

389 794 497 864 liaris
516 818 583 863 acc.
604 799 654 884 pl.
676 801 701 862 Ι.
725 821 755 880 9.
767 795 909 886 samos.
928 799 996 862 inc.
1021 821 1069 864 ιο.
1091 799 1168 865 loci
1184 798 1323 866 muniti
1340 804 1371 865 Ι.
1395 823 1446 886 97.
1486 805 1604 870 Graeea
1625 807 1796 872 vocabula

387 908 484 988 quod
493 905 631 983 attinet,
643 905 769 968 multas
787 904 1050 971 terminationes
1069 905 1220 992 integras
1237 909 1384 973 servarit
1398 910 1577 975 Salustius.
1598 911 1659 976 clr.
1672 911 1800 979 Cami-

385 1031 463 1090 cus,
485 1012 649 1077 Tharros
658 1013 702 1074 H.
714 1012 782 1076 inc.
803 1014 852 1088 48.
865 1015 922 1096 49“;
946 1012 1183 1079 Calchedona
1196 1015 1239 1082 H.
1253 1018 1282 1090 4.
1303 1033 1347 1078 ιι.
1368 1017 1515 1082 Persen.
1530 1017 1578 1080 ib.
1591 1017 1796 1084 Catabath-

387 1138 473 1185 mon
492 1120 523 1182 J.
552 1141 598 1201 ²7·
618 1140 664 1199 ¹9·
684 1115 889 1203 Aethiopas
912 1119 1031 1201 ib.*19.
1058 1121 1237 1186 nomadas
1260 1121 1309 1186 ib.
1336 1143 1384 1204 17·
1404 1122 1508 1207 (cod.
1531 1123 1624 1208 Par.)
1637 1123 1797 1208 Antipo-

387 1225 454 1290 das
474 1227 518 1288 H.
542 1223 610 1288 inc.
636 1225 703 1303 ι64.
720 1226 982 1291 Samothracas
1004 1227 1038 1288 h.
1062 1245 1092 1306 4.
1114 1249 1162 1289 ιι.
1184 1223 1387 1313 Phileron,
1415 1230 1580 1294 Thereon
1597 1249 1675 1316 gen.
1697 1231 1747 1314 pl.
1760 1231 1793 1294 J.

390 1351 438 1412 ¹9·
476 1333 518 1393 In
537 1331 615 1394 aliis
636 1351 656 1394 a
682 1328 809 1396 Graecis
836 1332 1001 1398 discessit.
1023 1332 1084 1396 clr.
1114 1335 1159 1396 Η.
1189 1337 1217 1398 5.
1249 1357 1295 1397 ιο.
1317 1331 1485 1401 Minonis
1502 1337 1568 1419 (ita
1588 1336 1795 1422 corrigend.)

387 1455 452 1522 pro
469 1437 721 1502 GrecoMuan
741 1437 889 1517 Minois,
909 1439 1054 1516 Aenus,
1076 1438 1137 1511 etr,
1162 1439 1268 1503 Prisc.
1287 1445 1317 1504 6.
1340 1447 1387 1505 ιδ.
1408 1447 1444 1526 ρ.
1467 1443 1535 1505 ι65.
1562 1443 1623 1503 Ed.
1649 1445 1710 1510 Kr.
1732 1445 1794 1506 sed

388 1542 427 1605 in
446 1543 502 1608 his
522 1563 662 1627 quoque
684 1544 916 1626 antiquiorem
940 1545 1116 1609 scribendi
1141 1545 1311 1611 rationem
1335 1556 1468 1612 secutus
1488 1555 1547 1613 est.
1567 1549 1620 1610 Ita
1639 1547 1794 1630 Cabera‚

385 1637 646 1728 Mauretanea.
663 1653 831 1716 Seleucen
854 1649 979 1737 optimi
1001 1654 1109 1716 Codd.
1129 1653 1314 1732 exhihent3
1334 1653 1406 1717 imo
1431 1673 1476 1718 ne
1501 1653 1628 1718 Grecis
1651 1653 1793 1735 quidem

385 1755 496 1820 literis
510 1775 541 1844 y
561 1766 592 1820 et
607 1757 659 1839 ph
681 1757 719 1821 in
744 1746 900 1822 barbaris
922 1766 956 1822 et
972 1759 1106 1822 Latinis
1123 1759 1266 1823 vocibus
1286 1779 1367 1822 usus
1385 1777 1456 1824 esse
1473 1758 1635 1837 videtur,
1656 1751 1735 1822 nam
1756 1754 1794 1822 in

386 1862 491 1922 Codd.
506 1863 670 1926 Parisinis
689 1858 868 1952 sufacem,
901 1873 935 1929 et
957 1864 996 1928 in
1016 1864 1182 1931 Vaticano
1200 1883 1231 1931 a.
1257 1862 1454 1956 triumfas,
1472 1867 1578 1932 Sulla
1600 1866 1637 1929 in
1659 1871 1794 1951 optimo

388 1987 527 2049 quoque
545 1968 653 2045 libro,
678 1969 842 2054 scriptum
862 1980 922 2035 cst.
964 1975 1083 2054 Neque
1099 1970 1201 2035 aliter
1218 1971 1366 2054 antiqui,
1387 1971 1450 2054 qui
1472 1968 1583 2036 Suria
1602 1992 1667 2057 pro
1685 1969 1794 2061 Syria

387 2072 559 2140 Burrlrus
576 2095 640 2159 pro
662 2076 810 2164 Pyrrho
833 2077 1005 2141 dixerunt.
1023 2073 1175 2167 faselus
1196 2077 1285 2142 enim
1307 2077 1414 2164 vulgo
1434 2096 1498 2163 pro
1514 2077 1690 2162 phaselus
1705 2078 1794 2164 legi·

388 2190 454 2244 tur.
477 2183 591 2268 Quare
614 2183 708 2246 haud
729 2181 836 2246 dubie
851 2179 994 2247 incluta
1010 2182 1047 2246 h.
1061 2201 1091 2261 4.
1109 2201 1155 2250 12.
1183 2184 1387 2269 legendum,
1404 2183 1544 2264 elude,
1556 2205 1674 2248 annon
1688 2184 1793 2248 etiam

387 2285 570 2354 Sibullina
587 2291 624 2352 C.
646 2293 698 2363 45.
730 2291 984 2353 emendandum
999 2287 1054 2351 sit.
1077 2288 1136 2351 cfr.
1158 2291 1285 2355 Orellii
1304 2290 1462 2375 inscript.
1481 2291 1692 2354 Latt.1ndic.
1710 2311 1734 2354 s.
1755 2313 1789 2352 r.
1879 2342 1881 2344 ,

388 2397 555 2460 Praeterea
573 2404 652 2460 sunt
673 2394 807 2478 aliquot
823 2395 1009 2477 vocabula,
1031 2414 1181 2477 quorum
1202 2396 1258 2459 rel
1276 2415 1356 2459 usus
1372 2391 1533 2481 proprius
1552 2397 1718 2474 Salustio,
1736 2397 1791 2461 rel

386 2501 594 2587 significatio
615 2510 744 2566 mutata
760 2511 819 2566 est.
859 2504 911 2565 Ita
933 2499 1121 2590 negotium
1141 2509 1180 2564 ut
1202 2521 1349 2587 graecum
1364 2484 1543 2584 πρᾶγμα
1557 2501 1639 2566 ride
1655 2505 1731 2566 Ind.
1759 2511 1793 2567 et

385 2608 417 2670 Ι.
443 2631 491 2692 7²·
510 2615 703 2692 tempestas
723 2629 787 2694 pro
810 2617 983 2692 tempore;
1005 2603 1214 2689 antiquitas
1229 2608 1254 2670 i.
1275 2628 1306 2670 e.
1327 2627 1408 2669 cura
1431 2606 1499 2669 inc.
1518 2612 1569 2670 δι.
1589 2627 1693 2669 secus
1714 2606 1737 2669 i.
1761 2627 1793 2671 e.

385 2731 483 2778 sexus
498 2735 587 2776 nom.
609 2725 642 2780 et
660 2736 727 2779 acc.
748 2717 791 2782 H.
813 2731 841 2778 ι.
854 2731 904 2791 4ι.
924 2707 1087 2774 satiash.
1103 2713 1133 2774 3.
1151 2727 1198 2771 ιι.
1213 2721 1315 2775 artes
1333 2712 1450 2795 (bona
1472 2711 1529 2776 vel
1544 2711 1660 2796 mala)
1679 2733 1789 2799 graece

383 2793 512 2900 6466065
533 2821 743 2886 substantiva
764 2819 803 2884 in
819 2841 864 2885 or
880 2815 1067 2904 saepissime
1080 2826 1258 2902 usurpata:
1280 2819 1473 2884 consultor
1491 2820 1523 2880 J.
1546 2820 1596 2895 64.
1618 2814 1794 2884 conditor

384 2929 434 3008 89.
442 2924 640 2994 simulator
650 2938 684 2995 et
694 2923 949 2993 dissimulator
958 2927 994 2989 C.
1007 2930 1038 2990 5.
1051 2923 1143 3012 agri,
1156 2923 1310 3010 pecoris,
1325 2923 1411 2987 belli
1421 2925 1547 2990 cultor
1554 2925 1585 2987 J.
1597 2927 1646 3000 54.
1670 2927 1792 2990 mode

384 3040 494 3098 rator
505 3036 538 3097 h.
547 3036 574 3095 1.
588 3033 882 3098 15.suicultorH.
896 3035 923 3107 t.
938 3055 983 3115 ¹9·
1000 3033 1117 3098 victor
1128 3036 1176 3096 63.
1189 3039 1359 3116 repertor
1369 3045 1400 3106 4.
1413 3052 1461 3093 ιι.
1472 3051 1723 3114 nonnunquam
1731 3034 1790 3094 ad·

378 3139 520 3218 jocove:
543 3147 774 3223 contemptor
786 3140 921 3204 animus
932 3142 963 3203 J.
975 3143 1032 3220 643
1054 3139 1170 3204 victor
1181 3137 1358 3201 cxercitua
1367 3138 1398 3201 J.
1408 3139 1457 3202 58.
1466 3137 1529 3201 cfr.
1542 3140 1657 3202 Wern.
1676 3138 1699 3206 l.
1715 3139 1742 3201 1.
1756 3161 1790 3224 p.

385 3267 433 3314 ao.
450 3246 500 3310 ita
510 3247 613 3311 etiam
620 3242 753 3310 mulier
763 3243 903 3311 ancilla
915 3248 945 3309 J.
959 3265 1004 3308 ιι.
1016 3246 1075 3308 cfr.
1084 3248 1177 3309 Serv.
1188 3246 1232 3305 ad
1242 3245 1327 3308 Aen.
1341 3267 1367 3304 ι.
1377 3246 1448 3316 4ι3.
1470 3243 1663 3329 sepiusque
1673 3240 1790 3309 hostis

381 3373 445 3437 pro
456 3349 627 3416 inimicus
638 3353 769 3417 dictum
786 3356 817 3417 J.
840 3376 885 3414 ιο.
897 3354 947 3414 81.
964 3355 1015 3412 85.
1031 3352 1098 3413 Sed
1113 3347 1268 3410 studium
1285 3349 1395 3411 multa
1406 3369 1477 3411 una
1492 3351 1679 3413 verborum
1695 3371 1791 3416 com·

381 3458 544 3543 plexione
561 3457 879 3544 comprehendendi
897 3455 993 3532 iacit,
1013 3451 1101 3516 utin
1109 3452 1308 3516 universum
1316 3452 1441 3537 sepius
1449 3454 1558 3518 multa
1567 3456 1789 3524 substantivis

382 3565 637 3650 exprimat7ubi
648 3566 711 3629 alii
720 3564 833 3630 verbis
842 3570 1000 3626 utuntur:
1021 3582 1053 3624 v.
1064 3561 1130 3627 c..l.
1142 3583 1170 3643 7.
1185 3558 1352 3640 ..quitum
1363 3555 1790 3648 Romanisimperator.-

381 3673 521 3756 Quailli
531 3676 713 3737 descensus
727 3681 800 3741 erat
810 3675 844 3734 C.
857 3674 907 3755 57.
932 3689 1000 3754 qua
1010 3667 1100 3753 regis
1110 3669 1361 3752 adrentusxerat
1371 3667 1403 3729 J.
1416 3671 1466 3748 59.
1486 3666 1582 3748 cujus
1590 3669 1643 3735 rei
1659 3669 1789 3754 species

381 3785 452 3840 erat
461 3778 787 3863 acceptiofrumenti
800 3779 831 3840 Ι.
844 3785 918 3858 aa?
938 3778 1040 3840 Unde
1054 3773 1157 3839 etiam
1168 3771 1312 3849 factum,
1323 3781 1361 3835 ut
1369 3773 1471 3857 plura
1480 3774 1692 3839 substantiva
1704 3773 1789 3840 solis

377 3871 681 3968 propositionibus
702 3887 794 3948 inter
812 3882 1019 3968 sejungeret
1039 3901 1111 3945 uc.
1134 3869 1289 3955 {facinus
1309 3880 1492 3959 contraius
1501 3881 1589 3945 belli
1604 3882 1697 3964 J.91.
1710 3899 1791 3965 pars

379 3991 746 4058 civiumextramoenia
755 3989 794 4053 in
802 3989 954 4053 hostium
963 3985 1183 4072 potestateib.
1194 3985 1416 4051 serviexloco
1425 3990 1467 4051 H.
1477 3987 1545 4050 inc.
1556 3991 1624 4069 167.
1641 3985 1733 4052 fama
1744 3989 1790 4056 dc

379 4098 493 4162 Cassio
504 4100 535 4161 J.
546 4103 605 4174 323
625 4098 720 4162 haud
734 4095 912 4159 absimile:
940 4093 1061 4161 omnia
1080 4092 1269 4157 retinenda
1286 4091 1537 4157 dominationis
1549 4095 1594 4156 H.
1609 4096 1636 4158 Ι.
1649 4101 1698 4160 ι5.
1719 4111 1791 4163 sua

377 4203 503 4286 cuique
519 4207 614 4268 sedes
630 4205 831 4288 ibid.auper
847 4209 941 4287 terga
955 4200 1065 4287 gladii
1080 4209 1114 4264 et
1132 4208 1227 4263 scuta
1242 4200 1274 4262 Ι.
1282 4215 1332 4281 94.
1346 4198 1575 4284 possessiones
1588 4219 1629 4265 er
1640 4199 1742 4264 bonis
1749 4201 1788 4264 Ιι.

377 4329 405 4374 ι.
420 4312 488 4374 15.t
504 4309 762 4396 quodetipsum
775 4310 932 4376 Graecum
942 4315 1008 4386 est,
1027 4306 1500 4394 quippeuhitotaesententiae
1508 4307 1787 4394 articulopropo·
