4050 5009
376 390 444 444 112

370 560 452 638 tari,
475 578 588 642 neque
609 562 728 638 atteri,
757 558 806 623 ita
825 565 864 622 ut
892 578 1020 623 norum
1044 557 1178 623 bellum
1211 558 1357 646 integris
1381 559 1516 627 viribus
1551 568 1628 651 geri
1659 582 1782 654 posset.

369 672 459 732 Nam
475 665 581 729 minis
603 684 742 747 quoque
763 672 797 729 et
813 673 943 729 terrore
963 663 1098 727 Arsacis
1123 663 1277 726 animum
1298 685 1514 733 commovere
1525 672 1616 738 velle
1633 676 1780 743 ridetur.

365 774 439 853 jam
460 772 680 835 manifestum
700 778 765 855 est,
785 771 991 856 Tigranem,
1010 771 1042 834 si
1065 790 1107 835 eo
1128 770 1222 834 bello
1239 772 1396 855 superior
1419 773 1642 865 discessisset,
1663 784 1781 849 Arsaci

368 879 504 943 bellum
523 878 702 940 illaturum
727 875 846 956 fuisse;
876 886 995 941 contra
1024 876 1054 941 si
1076 874 1186 938 victus
1213 873 1351 961 fuisset,
1371 880 1548 948 Romanos
1566 886 1682 968 potius
1703 908 1782 976 reg·

368 1005 453 1050 num
465 986 673 1052 Parthorum
682 1005 786 1067 quam
799 984 1014 1067 Armeniam,
1027 982 1150 1066 procul
1168 988 1356 1060 remotam,
1370 983 1466 1049 hello
1484 986 1589 1055 fuisse
1598 992 1779 1075 petituros.

371 1090 425 1155 ad
443 1089 664 1156 occidentem
684 1087 924 1180 pergentibus
949 1088 1009 1153 cfr.
1032 1086 1156 1155 Justin.
1176 1092 1226 1168 39.
1247 1088 1285 1150 ir
1312 1089 1411 1163 ,lam
1433 1092 1526 1155 enim
1546 1092 1685 1160 fortuna
1706 1101 1780 1163 Ro·

370 1216 474 1261 mana
499 1197 676 1281 porrigere
695 1216 731 1262 se
758 1199 802 1259 ad
822 1195 1019 1268 Orientalia
1036 1212 1160 1280 regna,
1188 1212 1261 1256 non
1286 1201 1448 1259 contenta
1474 1197 1582 1265 ltaliae
1605 1202 1779 1283 terminis,

370 1311 546 1388 coeperat.⁹
563 1304 648 1367 Sine
660 1304 793 1385 putria
818 1308 854 1365 et
870 1299 1098 1383 parentibus.
1120 1305 1156 1362 et
1179 1298 1218 1360 in
1236 1301 1351 1365 vati.
1372 1301 1555 1383 omissum3
1579 1316 1679 1373 recte.
1699 1328 1778 1394 pes-
1800 1282 1802 1287 Ι

297 1394 306 1415 '
368 1410 454 1473 sime
472 1409 623 1472 Curtius:
644 1428 707 1470 nec
729 1408 936 1491 imperantes
950 1427 1015 1472 nec
1034 1411 1193 1491 parentes
1210 1404 1315 1470 fuisse
1334 1406 1373 1469 in
1394 1405 1460 1470 ista
1476 1409 1626 1475 colluvie
1641 1412 1777 1499 innuit,

368 1514 393 1579 i.
412 1535 441 1580 e.
464 1514 569 1579 fuisse
596 1513 677 1576 illos
702 1512 777 1576 sine
797 1512 1007 1596 republica.»
1029 1511 1132 1575 unice
1154 1530 1236 1575 vera
1261 1511 1372 1576 altera
1396 1513 1646 1597 interpretandi
1671 1520 1777 1599 ratio,

369 1640 474 1703 quam
491 1620 554 1685 ille
569 1618 706 1705 rejecit,
726 1618 857 1683 scilicet
876 1618 1037 1681 homines
1057 1616 1158 1694 istos,
1179 1616 1242 1700 qui
1258 1639 1300 1682 ex
1315 1620 1386 1683 suis
1406 1620 1543 1685 sedibus
1556 1622 1698 1711 profugi
1721 1626 1777 1691 vel

370 1727 502 1792 exsules
523 1730 668 1789 Romam
685 1732 936 1801 convenerant,
965 1724 1111 1787 obscuro
1129 1730 1164 1787 et
1182 1722 1305 1787 infimo
1325 1725 1404 1791 loco
1425 1736 1517 1791 ortos
1537 1747 1624 1811 essca
1651 1730 1778 1795 Seneca

368 1830 430 1914 Ep.
455 1834 522 1894 108.
542 1832 629 1893 Anci
654 1838 751 1913 pater
777 1830 906 1891 nullus.
932 1829 1052 1892 Horat.
1071 1828 1171 1892 Satin
1199 1850 1226 1889 r.
1255 1832 1285 1893 6.
1319 1851 1374 1893 ror
1408 1833 1535 1898 mrdtos
1565 1854 1653 1919 saepe
1683 1837 1777 1900 viros

367 1935 475 1999 nullis
492 1934 679 2013 majoribus
698 1942 802 1995 ortos.
822 1934 950 1995 Contra
968 1933 1105 1998 nobiles
1122 1942 1155 1998 et
1176 1934 1438 2024 patriciidicti,
1458 1938 1518 2021 qui
1531 1948 1662 2022 patrem
1684 1942 1777 2007 ciere

367 2050 542 2124 poterant3
556 2042 632 2115 ,sed
651 2038 798 2124 plebejis
816 2037 1016 2103 hominibus
1042 2048 1180 2125 gentem
1201 2061 1273 2108 esse
1299 2044 1482 2127 negabant.
1520 2041 1594 2107 nisi
1621 2053 1776 2128 partum

365 2146 500 2211 habere
519 2151 594 2214 Vat.
614 2168 641 2210 r.
668 2182 711 2199 -
733 2147 792 2210 sed
822 2144 1001 2211 Ciaceonii
1027 2147 1223 2227 conjectura
1249 2156 1401 2233 raptum
1427 2150 1483 2214 vel
1516 2159 1635 2233 contra
1656 2171 1775 2221 omnes

366 2253 475 2317 Codd.
496 2254 686 2318 retinenda.
698 2259 803 2336 peste
816 2251 995 2348 conditos.
1007 2250 1108 2337 pesti
1121 2254 1261 2319 fuerunt
1280 2256 1344 2336 qui
1358 2259 1595 2341 emendarent,
1616 2267 1654 2321 ut
1671 2257 1776 2322 dictio

367 2359 442 2426 fere
463 2364 582 2426 eadem
600 2369 685 2425 esset
701 2369 741 2423 ut
759 2360 869 2423 infra:
885 2361 1089 2444 perdundae
1101 2357 1270 2443 pecuniae
1287 2360 1476 2448 genitum»
1495 2358 1641 2427 conditi
1654 2361 1778 2447 populi

367 2466 532 2535 dicuntur
549 2475 588 2529 ut
615 2465 801 2550 collegium
821 2464 892 2527 Liv.
919 2468 946 2528 5.
968 2468 1018 2529 52.
1039 2469 1231 2529 Romanam
1255 2464 1404 2530 condere
1420 2474 1558 2551 gentem
1583 2466 1677 2554 Virg.
1691 2469 1775 2533 Aen.

369 2572 618 2646 1.³3;Justin.
643 2591 673 2639 a.
695 2573 730 2636 6:
753 2590 860 2656 genus
884 2573 1077 2637 hominum.
1093 2566 1330 2655 potentisque
1356 2568 1429 2639 vlt.
1458 2592 1486 2634 1.
1501 2588 1546 2652 ·2;
1575 2571 1777 2638 excindant

366 2678 443 2741 vat.
459 2696 488 2742 t·
510 2675 641 2760 optime
658 2676 719 2741 cfr.
735 2678 818 2743 Aen.
834 2700 865 2763 9.
883 2683 957 2761 137:
979 2674 1083 2743 trahi
1100 2677 1123 2740 i.
1136 2698 1165 2744 e.
1183 2676 1291 2761 diripi
1305 2678 1383 2740 Tac.
1400 2677 1484 2739 Ann.
1497 2678 1545 2739 15.
1562 2696 1588 2736 1.
1609 2676 1776 2741 Seleucia

366 2780 535 2846 Seleucea
557 2784 631 2848 Vct.
655 2804 682 2845 1.
699 2786 793 2849 haud
814 2786 921 2850 dubie
936 2786 1151 2871 significatur
1164 2786 1309 2875 Magna
1324 2783 1397 2848 sive
1417 2780 1611 2867 Babylonia
1626 2781 1735 2865 dicta,
1755 2802 1778 2845 a

365 2887 509 2954 Seleuco
525 2888 685 2954 Nicatore
702 2892 859 2972 condita,
880 2897 925 2958 ad
945 2893 1079 2981 Tigrim
1099 2892 1262 2981 fluvium,
1273 2899 1392 2956 contra
1404 2889 1670 2973 Ctesiphontem.
1685 2888 1775 2951 Plin.

365 2996 394 3062 6.
416 3017 444 3059 c.
468 2998 523 3057 26:
545 2998 589 3057 dc
607 2997 686 3061 aliis
705 2998 857 3078 ejusdem
870 3001 1022 3067 nominis
1034 3000 1181 3068 urbibus
1199 2999 1261 3068 cfr.
1285 2999 1427 3064 Plini.
1453 3015 1501 3061 aa.
1524 3006 1557 3061 et
1579 3000 1634 3059 23:
1657 2990 1776 3084 incly-

365 3098 415 3162 tis
435 3102 511 3165 Vat.
530 3121 556 3161 r.
569 3098 697 3189 justos
718 3102 884 3171 dominos
902 3108 1047 3172 colunt.
1068 3106 1454 3173 csr.Freinsh.ad1··1or.
1478 3120 1506 3169 a.
1531 3119 1632 3179 10.4;
1652 3100 1776 3163 Justin.

365 3205 416 3272 ³8.
438 3207 468 3267 3.
491 3206 588 3270 Grut.
608 3210 652 3271 ad
667 3209 740 3274 Liv.
764 3219 816 3289 45.
836 3232 895 3294 29:
917 3213 985 3273 Cic.
1004 3214 1050 3270 ad
1068 3212 1168 3270 Attic.
1186 3229 1215 3285 7.
1232 3232 1261 3285 7.
1287 3202 1453 3269 Persidis
1470 3222 1542 3265 non
1560 3202 1776 3284 provinciam

364 3330 441 3393 quae
459 3313 599 3398 proprie
618 3316 687 3379 hoc
707 3319 848 3380 nomine
868 3310 1120 3395 appellabatur,
1141 3307 1338 3391 intelligere
1359 3306 1510 3386 videtur,
1534 3306 1593 3367 sed
1612 3302 1798 3397 Persidis·

365 3436 429 3502 pro
454 3418 593 3483 Persice
608 3418 727 3498 dixit,
757 3419 852 3502 quod
880 3411 990 3489 major
1020 3412 1150 3475 Persici
1176 3410 1317 3496 imperii
1339 3428 1418 3494 pars
1447 3409 1581 3483 Media,
1609 3410 1774 3495 Elymais,

364 3522 558 3608 babylonie
578 3533 612 3587 et
629 3523 761 3587 Bactria
777 3516 913 3583 Parthis
929 3516 1080 3596 subjecta
1099 3515 1174 3581 fuit.
1195 3520 1319 3582 eodem
1341 3516 1446 3579 modo
1466 3515 1560 3579 Mela
1579 3524 1613 3581 et
1631 3518 1775 3583 Plinius.
1807 3564 1816 3580 .

444 3634 544 3699 -ι3,.-
565 3624 681 3693 Curio
708 3619 1028 3705 Vulcanaliorum.
1049 3624 1117 3686 hoc
1145 3631 1179 3687 et
1205 3638 1351 3705 sequens
1369 3618 1601 3707 fragmentum
1628 3625 1673 3686 ad
1694 3643 1776 3687 ean·

366 3734 446 3800 dem
478 3755 551 3799 rem
581 3734 755 3817 pertinere
778 3731 838 3795 rix
866 3738 930 3814 est,
959 3732 1055 3811 quod
1081 3728 1232 3812 dubites,
1262 3727 1302 3789 in
1330 3722 1518 3791 secundum
1547 3727 1676 3790 librum
1702 3730 1774 3792 haec

366 3839 542 3901 transtulit
552 3840 655 3905 Dehr.
678 3855 791 3918 neque
812 3834 913 3899 facile
930 3839 1072 3913 doceas,
1097 3835 1272 3917 quomodo
1291 3834 1364 3897 haec
1384 3834 1431 3898 1v
1451 3832 1543 3898 libro
1567 3850 1776 3898 commemo·

362 3942 435 4007 rari
449 3944 640 4026 potuerint,
661 3961 740 4004 cum
756 3948 834 4025 post
850 3940 1037 4006 Curionem
1057 3942 1106 4003 M.
1119 3939 1284 4002 Lucullus
1306 3938 1546 4001 Macedoniam
1560 3936 1776 4018 provinciam

312 4036 321 4045 ’
365 4050 574 4127 obtinuerit;
604 4047 699 4127 cujus
720 4066 775 4111 res
804 4056 905 4133 gestae
928 4048 995 4111 hoc
1026 4047 1104 4110 loco
1136 4050 1231 4108 erant
1262 4046 1470 4108 enarrandae.
1491 4064 1522 4105 v.
1548 4060 1652 4127 supra
1672 4066 1707 4127 p.
1725 4047 1774 4106 ³2.

363 4159 464 4218 ·rti.-
483 4148 669 4221 Dissidere
684 4161 747 4219 etc.
775 4151 954 4218 discordiae
980 4151 1073 4216 inter
1093 4150 1291 4235 Spartacum
1315 4150 1536 4232 reliquosque
1550 4147 1776 4234 fugitivorum

365 4260 468 4353 duces
492 4262 548 4329 his
575 4258 690 4325 verbis
717 4258 908 4351 significari
937 4258 1109 4328 videntur.
1140 4258 1263 4322 eodem
1294 4254 1468 4345 pertinere
1492 4254 1630 4357 videtur
1652 4254 1694 4318 fr.
1727 4274 1774 4335 ις.
