4050 5009
375 392 426 473 ps

373 568 437 633 Or.
457 564 502 627 11.
525 564 576 626 6ο.
593 565 628 627 ct
647 578 707 643 703
727 580 773 625 ree
797 551 891 643 quid
913 562 958 627 de
986 560 1055 626 hoc
1073 559 1224 627 formula
1241 561 1302 630 clr.
1324 563 1424 631 catil.
1448 586 1476 633 c.
1506 568 1559 659 sp
1580 574 1615 634 et
1641 569 1723 637 Gaes.
1748 574 1785 641 Β.

374 673 450 739 civ.
465 672 493 737 1.
510 684 549 750 43
577 675 612 733 et
631 668 780 753 interpp.
797 670 842 731 ad
860 669 953 732 hunc
975 669 1104 735 locum.

335 844 339 851 ,
456 810 475 829 -
483 793 557 839 no.-
572 771 641 841 Uti
651 772 879 857 Lepidusetc.
889 775 956 839 hoc
966 783 1104 839 senatus
1116 776 1310 840 consultum
1322 776 1514 861 paulopost
1521 777 1626 845 Sullas
1637 764 1784 847 mortem

372 882 504 947 factum
517 902 589 947 esse
600 880 757 960 videtur,
771 901 850 944 cum
865 889 1003 946 senatus
1016 882 1172 947 consules
1189 883 1232 945 ab
1242 882 1345 946 armis
1355 882 1527 950 abstinere
1536 906 1635 970 posse
1650 882 1784 953 diffide·

376 997 512 1055 ret-21·
520 984 799 1078 segnior,rseque
809 982 1225 1079 minusgravis-curc13
1235 985 1355 1079 segnis
1364 1009 1444 1053 cura
1453 990 1661 1075 diciturquae
1668 991 1784 1060 minus

372 1095 597 1162 vehemensct
607 1095 693 1158 acris
703 1103 769 1174 est3
783 1095 942 1180 opposita
952 1104 1003 1159 est
1010 1118 1102 1160 cura
1113 1095 1316 1162 instantior
1323 1099 1401 1161 Tse.
1409 1098 1499 1161 Anu.
1506 1114 1535 1166 π.
1548 1102 1699 1163 56.·s·r.-
1708 1096 1783 1165 ob-

373 1195 538 1268 riam‘ire
550 1204 623 1267 haec
635 1202 839 1267 Debrossius
850 1206 894 1265 ad
904 1203 1067 1266 ultimum
1080 1201 1306 1287 fugitivorum
1320 1205 1481 1289 proelium
1490 1204 1634 1271 refert‘·
1642 1218 1691 1283 ²4·
1699 1200 1782 1270 -St'c

374 1330 458 1375 vero
467 1318 729 1392 -competere
738 1309 764 1373 i.
778 1330 807 1374 e.
818 1308 932 1373 Nonio
947 1309 1143 1393 interprete,
1158 1304 1485 1395 cons'tantervnlere‚
1495 1321 1689 1395 compotem
1702 1327 1783 1390 esset

372 1413 434 1479 cir.
454 1415 527 1478 Liv.
545 1434 595 1480 ca.
615 1418 645 1479 5.
663 1414 725 1491 ‘sut
743 1414 802 1479 rix
823 1418 867 1478 ad
889 1434 984 1479 arma
1004 1416 1173 1501 capienda
1200 1420 1407 1497 competeret
1423 1412 1597 1499 animust
1623 1415 1684 1479 cir.
1702 1419 1783 1480 Tac.

370 1520 460 1588 Hist.
481 1537 510 1582 2.
529 1522 585 1600 503
605 1526 636 1586 ³.
653 1527 692 1603 73
696 1543 712 1601 ,·
733 1523 764 1584 3.
785 1524 844 1602 463
878 1522 941 1603 qui
962 1532 1079 1608 aperte
1096 1518 1282 1585 Salustium
1304 1518 1457 1583 imitatus
1480 1526 1548 1600 θείς
1580 1518 1706 1585 similis
1731 1528 1784 1599 est

369 1626 459 1689 alius
471 1627 614 1691 Salustii
629 1626 726 1692 locus
737 1626 858 1714 fragm.
871 1628 939 1692 inc.
953 1631 1010 1710 593
1032 1622 1244 1710 Septimium
1259 1646 1374 1708 neque
1386 1620 1510 1690 anemo
1521 1646 1637 1708 neque
1650 1621 1782 1715 lingua

367 1729 463 1795 sotis
480 1742 696 1817 compotem.
723 1735 788 1797 ubi
810 1734 914 1799 lectio
937 1733 1058 1797 variat.
1081 1731 1141 1795 cfr.
1165 1734 1290 1794 Donat.
1307 1733 1352 1793 ad
1375 1731 1509 1794 Terent.
1531 1732 1678 1815 Adelph.
1697 1735 1728 1795 ³.
1752 1754 1782 1797 s.

370 1852 428 1918 143
449 1841 574 1920 quodsi
594 1846 797 1920 competere
814 1852 895 1903 vera
912 1847 963 1903 est
980 1837 1085 1902 lectio
1099 1858 1171 1900 non
1190 1836 1338 1900 dubium
1357 1855 1430 1903 esse
1449 1836 1587 1901 videtur
1602 1836 1691 1918 quin
1706 1836 1781 1901 haec

255 2023 266 2033 .
286 1955 288 1964 “
367 1944 436 2007 duo
452 1944 645 2028 fragmenta
658 1963 723 2026 pro
737 1963 809 2007 uno
828 1944 898 2006 sint
915 1945 1087 2008 habenda.
1117 1946 1160 2007 de
1177 1962 1261 2006 voce
1277 1948 1479 2027 competere
1499 1941 1560 2005 cfr.
1585 1939 1779 2027 Schulting.

366 2051 413 2115 sd
431 2048 549 2113 Senec.
568 2051 595 2110 Ι.
616 2050 778 2113 controv.
793 2052 886 2115 VIII.
901 2041 1032 2136 p.'1a·1;
1055 2056 1090 2115 et
1104 2048 1258 2114 Periaon.
1274 2050 1321 2110 ad
1334 2048 1447 2111 Sanct.
1460 2049 1517 2114 1v.
1539 2044 1686 2116 Minerv.
1705 2066 1734 2109 c.
1747 2060 1781 2121 4.

351 2174 441 2229 ¹voc.
461 2148 541 2217 iter.
562 2155 620 2218 scd
644 2154 792 2221 meliora
816 2155 972 2226 Coelius:
1004 2162 1193 2239 «competo
1216 2162 1266 2219 est
1286 2174 1307 2216 a
1327 2175 1410 2217 cum
1431 2160 1465 2217 et
1478 2157 1566 2235 peto
1586 2154 1622 2221 h.
1641 2172 1671 2218 e.
1692 2168 1737 2231 ,ιο
1759 2134 1781 2215 a

366 2262 455 2344 pede
474 2266 640 2342 notatque
664 2256 873 2346 convenire,
901 2262 1016 2325 simul
1034 2256 1090 2323 ire
1116 2262 1211 2343 quod
1232 2262 1398 2324 nostrates
1427 2258 1564 2322 dicunt:
1588 2254 1778 2347 mitgehen,

333 2410 337 2416 .
365 2366 488 2444 Itaque
504 2377 595 2428 recte
615 2366 781 2431 dicimus:
814 2366 967 2449 animus,
989 2367 1101 2443 auris,
1122 2367 1243 2449 lingna
1265 2362 1446 2448 competit,
1470 2367 1611 2446 quando
1632 2364 1699 2429 ista
1716 2382 1778 2428 no·

364 2468 421 2535 bis
448 2472 674 2557 respondent,
694 2479 775 2554 apta
795 2478 901 2551 sunt,
931 2468 1161 2553 conveniunt,
1188 2473 1362 2543 constant,
1389 2474 1429 2530 ut
1452 2468 1581 2534 Seneca
1608 2470 1676 2536 l.l.
1706 2488 1778 2535 uon

365 2578 504 2643 animus
526 2598 598 2640 non
617 2576 739 2659 lingua
760 2579 936 2651 coustant3
956 2570 1017 2635 Sil.
1038 2594 1067 2635 1.
1094 2589 1171 2653 ²¹43
1191 2574 1281 2639 Suet.
1296 2573 1382 2659 Aug.
1399 2577 1499 2636 cicc
1520 2575 1686 2657 competit
1706 2582 1779 2640 sni-

366 2699 463 2757 mus3
497 2685 558 2747 sed
583 2679 686 2757 sicuti
708 2677 828 2742 Livius
854 2683 946 2742 recte
968 2676 1069 2742 dicit:
1091 2679 1243 2742 Romani
1265 2696 1310 2742 ne
1329 2676 1469 2741 auribus
1499 2677 1642 2760 quidem
1676 2684 1782 2762 atque

366 2765 477 2858 oculis
500 2786 593 2852 setis.
606 2792 763 2850 constare
786 2789 966 2868 poterant:
993 2781 1043 2847 sic
1071 2782 1239 2849 Salustius
1260 2780 1414 2871 auribus
1442 2790 1645 2867 competere
1666 2791 1781 2868 atque

364 2888 513 2982 lingua,
533 2897 629 2976 quod
646 2902 784 2959 strenue
793 2890 973 2957 aemulatus
989 2896 1041 2956 est
1056 2888 1204 2957 Tacitus.
1225 2892 1278 2954 Ita
1297 2907 1422 2976 nempe
1434 2890 1588 2955 studium
1606 2893 1727 2977 flagret
1744 2897 1780 2956 et

364 2999 480 3061 studio
503 3002 630 3077 flagr03
656 3007 737 3059 setas
757 3008 938 3082 provecta,
967 3004 1067 3063 atate
1094 3004 1291 3083 provectum
1318 2994 1408 3060 facta
1434 2997 1649 3083 claruerunt,
1679 2995 1778 3061 factis

365 3096 491 3163 claruit
508 3098 588 3160 vide
608 3100 653 3161 ad
682 3100 781 3164 Catil.
807 3122 836 3168 c.
858 3103 990 3168 XLVII·
1012 3124 1046 3168 n.
1064 3114 1123 3185 ας»
1155 3107 1260 3179 -,25.-
1279 3102 1449 3166 Prudens
1471 3098 1652 3185 omnium,
1672 3101 1778 3165 etiam

363 3204 434 3270 hoc
453 3205 498 3267 ad
514 3203 684 3289 Lepidum
698 3217 851 3293 spectare
866 3206 1003 3283 judicat
1022 3206 1165 3263 Debrcs.
1187 3201 1250 3261 ubi
1269 3207 1423 3279 senatus,
1444 3202 1629 3284 compertis
1649 3202 1777 3287 Lepidi

365 3309 531 3391 consiliis,
541 3333 620 3376 eum
634 3333 676 3375 ex
685 3312 811 3372 itincre
821 3309 862 3366 in
877 3300 1029 3362 Galliam
1046 3308 1203 3384 suscepto
1217 3300 1256 3362 in
1274 3299 1397 3364 urbem
1409 3303 1453 3365 ad
1464 3302 1605 3366 comitia
1612 3306 1776 3376 habenda

363 3418 547 3483 revocavit,
565 3448 585 3465 .
594 3414 643 3475 26.
651 3444 671 3459 -
685 3404 854 3489 operibus
860 3395 1041 3487 perfectis
1054 3438 1097 3455 -
1104 3400 1289 3495 prosectis
1302 3409 1398 3487 quod
1410 3407 1516 3493 vulgo
1526 3406 1664 3497 legitur,
1672 3430 1774 3481 sensu

365 3529 466 3611 optet.
485 3512 695 3598 Serdicam,
715 3510 839 3576 urbem
856 3508 896 3574 in
914 3506 1036 3573 lIoesia
1056 3509 1155 3575 sitam
1179 3510 1238 3575 hic
1253 3510 1519 3600 intelligendum
1540 3534 1613 3583 esse
1629 3521 1774 3589 nebrot.
1820 3595 1829 3601 ,

364 3628 491 3692 statuit.
510 3646 618 3707 -c7.-
637 3614 843 3686 Domitium
853 3618 1114 3705 proconsulem
1126 3624 1189 3683 etc.
1201 3618 1268 3684 hoc
1283 3620 1327 3683 ad
1340 3619 1471 3684 bellum
1483 3622 1719 3689 Sertorianum
1738 3634 1773 3692 ct

364 3728 508 3809 quidem
525 3734 572 3791 sd
592 3729 772 3794 Metellum
786 3726 955 3813 pertinet,
982 3722 1047 3805 qui
1066 3724 1211 3790 Sertorii
1232 3725 1364 3791 artibus
1381 3724 1557 3816 fatigatus,
1576 3731 1771 3797 Domitium

365 3830 587 3897 adauxilium
599 3833 664 3898 sihi
678 3834 860 3898 ferendum
878 3830 1101 3913 invitarent,-
1114 3832 1195 3899 vide
1213 3852 1314 3920 supra
1326 3853 1404 3921 pag.
1424 3836 1453 3899 5.
1472 3854 1522 3917 sq.
1542 3837 1640 3899 -28.·
1658 3837 1770 3903 Sanc-

365 3945 426 4002 tus
445 3932 557 4001 aliter
570 3945 607 4001 et
629 3934 776 4031 ingenio
796 3932 947 4002 validus.
967 3938 1085 4004 Catuli·
1101 3939 1282 4025 ingenium
1300 3941 1356 4006 his
1373 3941 1488 4008 verbis
1507 3942 1654 4007 describi
1671 3952 1770 4030 putat

362 4045 469 4114 Dehr.
488 4046 555 4111 Sed
568 4044 661 4110 idem
675 4047 768 4108 hunc
784 4042 903 4107 locum
916 4043 1020 4109 etiam
1039 4046 1079 4111 in
1098 4046 1203 4111 Marii
1219 4054 1253 4112 et
1264 4049 1368 4115 Sullae
1381 4044 1576 4114 inimicitiis
1591 4048 1769 4115 illustran-

353 4154 419 4221 'dis
440 4151 592 4220 adhibet.
611 4170 713 4231 ·²9··
729 4168 821 4237 gem
839 4169 929 4217 roro
952 4154 1196 4243 egressofinir
1215 4173 1318 4239 suos,
1338 4158 1433 4239 quod
1447 4154 1486 4218 in
1505 4154 1632 4221 multas
1649 4166 1768 4244 gentes

363 4256 526 4328 tuncne
539 4256 651 4336 eadit,
668 4255 773 4322 Debr.
793 4258 840 4321 ad
858 4256 1013 4326 'l'hrsciae
1027 4266 1145 4345 gentes
1157 4260 1398 4329 describendas
1407 4262 1580 4347 pertinere
1593 4262 1766 4349 opinatur,
