4050 5009
527 347 607 446 Ιπόο

497 572 501 579 -
534 535 667 622 tavere.
692 572 741 587 -
767 530 798 601 3.
825 527 933 600 Unus
954 522 1125 613 constitit
1154 523 1195 599 in
1215 551 1303 629 agro
1323 526 1494 614 Lucano,
1519 548 1658 629 gnarus
1680 519 1774 611 loci,
1800 513 1916 595 nomi·

532 672 583 723 ne
597 646 790 755 Publipor.
804 694 852 709 -
879 656 913 741 4.
937 646 1039 722 Male
1062 646 1137 720 iam
1158 665 1346 722 assuetum
1366 648 1415 723 ad
1434 674 1562 723 omnes
1581 646 1635 723 vis
1655 642 1918 721 controversia·

530 796 630 853 rum
652 816 703 833 -
718 771 762 847 b.
777 770 1053 873 Coniuratione
1066 770 1219 845 claudit.
1232 814 1282 828 -
1299 774 1331 845 6.
1358 771 1477 869 Quasi
1495 798 1566 875 par
1591 770 1633 845 in
1658 768 1799 876 oppido
1823 764 1918 842 sesti·

529 894 639 970 natio
651 910 689 969 et
710 892 842 999 ingens
861 912 981 969 tenor
1000 908 1102 983 erat,
1132 920 1181 969 ne
1198 920 1243 969 ex
1260 894 1376 973 latere
1394 922 1491 971 nova
1509 886 1751 969 munimenta
1768 890 1919 968 madore

528 1016 831 1093 infirmarentur:
849 1045 941 1093 nam
958 1016 1100 1093 moenia
1111 1016 1241 1120 oppidi
1260 1017 1495 1123 stagnabant,
1506 1018 1810 1094 redundantibus
1823 1018 1918 1091 cloa-

527 1141 580 1216 cis
596 1141 752 1218 advorso
772 1157 865 1218 aestu
886 1142 1070 1217 maris...
1096 1164 1127 1238 7.
1137 1139 1255 1241 Equis
1270 1155 1309 1214 et
1321 1142 1433 1215 armis
1452 1140 1649 1217 decoribus
1667 1142 1801 1219 cultus.
1813 1138 1862 1198 ’-
1886 1144 1916 1213 8.

524 1242 734 1341 Dedecores
760 1265 953 1369 inultique
977 1281 1078 1369 terga
1097 1259 1147 1336 ab
1167 1257 1340 1337 hostibus
1361 1264 1611 1340 caedebantur.
1635 1310 1684 1324 -
1717 1290 1751 1365 9.
1778 1268 1915 1342 Contra

524 1378 592 1483 ille
610 1380 708 1455 calvi
726 1396 830 1456 ratus
850 1381 1105 1485 quaeritantis,
1121 1412 1218 1460 num
1238 1387 1386 1462 somnio
1403 1378 1697 1491 'portenderetur
1716 1388 1917 1466 thesaurus

524 1551 575 1612 ,-
601 1530 653 1579 ιο.
663 1508 773 1579 Parte
793 1523 1035 1610 consumpta,
1049 1508 1197 1612 reliqua
1213 1508 1437 1585 cadaverum
1458 1512 1506 1587 ad
1520 1512 1813 1589 diuturnitatem
1833 1536 1918 1589 usus

521 1625 708 1703 sallerent

869 1699 1035 1827 Epistola
1063 1678 1124 1805 cn.
1153 1734 1322 1832 Pompeii
1337 1733 1390 1810 ad
1408 1756 1577 1811 senatum.

625 1898 677 1945 11.
702 1872 740 1947 Si
763 1872 941 1950 advorsus
959 1900 1022 1951 vos
1044 1877 1284 1981 patriamque
1301 1897 1340 1956 et
1357 1880 1443 1957 deos
1465 1880 1619 1988 penates
1639 1902 1695 1961 tot
1715 1887 1861 1964 labores
1880 1903 1916 1964 et

520 1993 690 2096 pericula
717 1996 972 2101 suscepissem,
1006 2001 1180 2101 quotiens
1206 2030 1226 2076 a
1254 2003 1377 2107 prima
1408 2006 1663 2085 adulescentia
1688 2006 1810 2087 ductu
1832 2038 1914 2087 meo
1989 2096 1990 2103 ἵ

518 2119 776 2197 scelestissumi
795 2119 916 2197 hostes
937 2120 1010 2196 fusi
1039 2139 1075 2197 et
1099 2123 1203 2199 vobis
1232 2125 1332 2201 salus
1353 2129 1508 2229 quaesita
1527 2148 1606 2207 est:
1634 2133 1733 2209 nihil
1752 2136 1913 2241 amplius

519 2240 563 2318 in
582 2245 774 2320 absentem
792 2270 854 2320 me
870 2246 1114 2334 statuissetis,
1137 2274 1254 2351 quam
1274 2248 1406 2325 adhuc
1428 2252 1554 2357 agitis,
1580 2259 1706 2333 Patres
1726 2262 1913 2365 conscrip-

519 2365 562 2455 ti,
592 2392 708 2472 quem
735 2386 868 2445 contra
893 2385 1042 2445 aetatem
1059 2362 1271 2473 proiectum
1292 2372 1342 2448 ad
1363 2374 1508 2451 bellum
1526 2379 1799 2475 saevissumum,
1825 2411 1911 2459 cum

408 2564 410 2566 ,
516 2486 683 2565 exercitu
704 2508 860 2596 optume
878 2492 1030 2580 merito,
1054 2510 1247 2596 quantum
1267 2513 1321 2571 est
1340 2497 1381 2573 in
1399 2500 1521 2592 vobis,
1546 2501 1663 2593 same,
1688 2504 1907 2584 miserruma

515 2612 691 2687 omnium
706 2629 846 2704 morte,
871 2613 1090 2690 confecistis.
1141 2618 1221 2691 Hac
1240 2618 1280 2692 in
1298 2643 1363 2723 spe
1381 2624 1546 2725 populus
1563 2627 1756 2705 Romanus
1775 2632 1909 2709 liberos

512 2759 600 2809 <suos
617 2736 666 2809 ad
677 2734 821 2811 bellum
835 2736 957 2812 misit?
973 2734 1057 2813 haec
1073 2756 1163 2813 sunt
1172 2743 1328 2844 praemia
1346 2771 1416 2848 pro
1432 2746 1649 2827 volneribus
1660 2770 1699 2827 et
1711 2756 1846 2833 totiens
1859 2758 1906 2833 ob

516 2856 792 2962 rempublicam
803 2861 887 2936 fuso
899 2862 1101 2966 sanguine?
1120 2863 1233 2939 sessus
1253 2866 1458 2945 scribundo
1474 2873 1747 2981 mittundoque
1762 2881 1905 2993 legatos,

514 2984 637 3057 omnis
659 3010 745 3088 opes
758 3002 801 3060 et
811 3011 891 3089 spes
912 2986 1076 3090 privatas
1095 3012 1195 3061 meas
1217 2993 1450 3096 consumpsi:
1472 3024 1595 3099 quum
1607 2998 1905 3082 interimavobis

512 3100 582 3209 per
597 3107 807 3182 triennium
825 3108 888 3183 vix
903 3132 1056 3184 annuus
1072 3126 1244 3213 sumptus
1264 3112 1376 3191 datus
1395 3133 1456 3191 est
1484 3122 1555 3195 Per
1571 3123 1658 3199 deos
1676 3126 1902 3221 immortalis,

512 3245 645 3304 utrum
664 3230 819 3305 censetis
843 3256 904 3305 me
923 3230 1043 3307 vicem
1056 3232 1179 3307 aerarii
1196 3252 1392 3337 praestare,
1419 3267 1468 3317 an
1489 3246 1697 3324 exercitum
1722 3253 1804 3330 sine
1823 3254 1898 3331 fru-

509 3369 639 3428 mento
659 3368 697 3428 et
711 3352 900 3457 stipendio
919 3352 1062 3430 habere
1077 3360 1208 3457 posse?
1233 3359 1410 3461 equidem
1424 3364 1552 3442 'fateor
1575 3397 1635 3446 me
1663 3372 1714 3448 ad
1734 3374 1807 3453 hoc
1828 3380 1899 3455 bel·
1989 3364 1990 3435 ἕ

508 3459 594 3550 lum
610 3476 752 3550 maiore
772 3475 899 3590 studio
923 3504 1042 3580 quam
1061 3479 1218 3556 consilio
1233 3484 1447 3585 profectum
1467 3520 1475 3561 ε
1500 3492 1644 3597 qnippe
1656 3498 1729 3599 qui
1750 3504 1898 3579 nomine

508 3595 623 3671 modo
647 3596 801 3701 imperii
820 3625 841 3673 a
864 3600 970 3675 vobis
993 3616 1169 3705 accepto,
1189 3603 1322 3682 diebus
1337 3610 1589 3719 quadraginta
1613 3623 1821 3704 exercitum
1836 3656 1895 3734 pa-

508 3720 588 3795 ravi
611 3716 804 3823 hostisque
829 3722 878 3795 in
903 3723 1110 3800 cervicibus
1139 3726 1218 3803 iam
1251 3730 1371 3807 Italiae
1404 3753 1552 3839 agentes
1588 3740 1637 3818 ab
1662 3744 1827 3852 Alpibus
1858 3754 1893 3827 in

505 3843 732 3947 Hispaniam
759 3847 954 3922 summoti.
1003 3850 1074 3922 Per
1100 3873 1160 3924 sas
1177 3850 1255 3927 iter
1276 3853 1387 3931 aliud
1411 3874 1526 3962 atque
1550 3862 1893 3964 Hannibal,'nobis

508 4040 1888 4147 emmanu&ass-tias,12,261.-5.id.10,t,ts9.-s.tt0n.2,

510 4146 626 4217 554-
645 4168 674 4227 7·
686 4156 719 4206 01
733 4146 762 4207 3·
783 4145 828 4203 Pl'·
845 4145 883 4217 6,
899 4166 933 4225 9⁹
949 4146 1117 4229 ²5⁰f²90
1137 4150 1179 4210 ld·
1194 4150 1230 4225 Β»
1252 4153 1302 4226 tl,
1318 4154 1386 4227 ⁴¹5·
1407 4158 1486 4223 ΝΘΕ·
1502 4186 1534 4239 1,
1549 4186 1598 4229 ²0·
1620 4173 1731 4255 reliqua
1741 4174 1826 4241 habel
1834 4181 1888 4242 En·

507 4249 740 4353 tychesparssss,
758 4248 1103 4329 quemamodum.
1118 4254 1415 4343 querebamus-
1433 4286 1479 4334 ro.
1490 4266 1575 4335 Pn'sc.
1590 4295 1643 4352 m,
1654 4298 1690 4359 9,
1708 4284 1765 4355 514

1769 4308 1885 4347 0-111
