4050 5009
1133 710 1178 762 IN

808 867 859 943 Μ.
883 866 1152 942 TULLIUM
1177 866 1525 943 CICERONEM

701 1069 1656 1163 DECL'AMAT‘IO·

890 1263 1134 1341 ssuusr1o
1162 1263 1437 1327 ausaausa.

432 1587 444 1627 ¹
510 1562 687 1639 Graviter
706 1564 753 1651 et'
763 1560 900 1667 iniquo
921 1561 1052 1640 ani-mo
1064 1562 1271 1640 ¹maledicta
1293 1581 1359 1641 tua
1377 1576 1545 1668 paterer,
1569 1562 1619 1639 M.
1639 1560 1766 1656 Tulli,
1780 1560 1811 1641 si
1824 1576 1857 1639 te

457 1688 593 1763 scirem
609 1686 751 1762 iudicio
771 1686 888 1791 magis
905 1712 1023 1789 quam
1040 1687 1175 1764 morbo
1195 1688 1333 1779 animi,
1358 1687 1429 1765 ista
1448 1686 1662 1793 petulantia
1677 1688 1748 1763 uti.
1789 1684 1856 1763 Sed

456 1835 548 1885 cum
564 1810 607 1885 in
622 1824 658 1886 te
676 1836 801 1913 neque
812 1808 972 1884 modum
989 1836 1115 1913 neque
1132 1809 1354 1887 modestiam
1369 1811 1492 1886 ullam
1505 1810 1787 1901 animadverto,
1805 1835 1857 1886 re-

454 1933 649 2039 spondebo
672 1935 766 2007 tibi:
791 1933 866 2023 uti,
878 1932 909 2008 si
922 1960 1041 2036 quam
1059 1932 1328 2008 maledicundo
1346 1934 1582 2038 voluptatem
1600 1934 1750 2038 cepisti,
1777 1961 1856 2010 eam

455 2059 555 2134 male
576 2057 777 2133 audiundo
800 2056 959 2132 amittas.
992 2056 1069 2130 Ubi
1082 2058 1242 2159 querar?
1264 2081 1358 2159 quos
1377 2056 1604 2160 implorem?
1623 2042 1751 2163 paties
1770 2084 1856 2133 con·

453 2183 596 2286 scripti,
606 2181 724 2286 diripi
736 2179 1013 2283 rempublicam
1025 2196 1141 2283 atque
1150 2179 1412 2255 audacissumo
1423 2182 1563 2284 cuique
1579 2208 1654 2257 esse
1665 2178 1855 2286 perfidiae?

453 2305 560 2410 apud
576 2304 765 2409 populum
777 2305 1007 2392 Romanum,
1028 2303 1096 2405 qui
1119 2303 1171 2376 ita
1191 2302 1456 2405 largitionibus
1479 2322 1682 2411 corruptus
1702 2324 1777 2397 est,
1801 2306 1853 2381 uti

451 2455 491 2505 se
510 2430 589 2532 ipse
612 2454 657 2503 ac
676 2426 850 2502 fortunas
867 2452 953 2501 suas
971 2424 1115 2501 venalis
1141 2423 1309 2499 habeat?
1334 2452 1385 2499 an
1404 2426 1508 2531 apud
1525 2453 1607 2519 ros,
1627 2446 1755 2533 patres
1771 2457 1855 2506 con·
1938 2450 1939 2455 ’

451 2552 603 2656 scripti,
616 2576 784 2655 quorum
801 2550 1006 2624 auctoritas
1025 2538 1256 2652 turpissumo
1275 2547 1415 2651 cuique
1432 2565 1470 2624 et
1484 2550 1782 2629 sceleratissumo
1801 2554 1854 2628 lu·

452 2676 602 2785 dibriol
619 2674 690 2749 ubi
701 2674 752 2747 M.
765 2672 915 2748 'lullius
929 2673 1041 2778 leges,
1061 2671 1202 2748 iudicia
1210 2672 1354 2775 populi
1367 2673 1529 2748 Romani
1544 2674 1731 2767 defendit,
1745 2694 1854 2781 atque

453 2800 497 2875 in
522 2796 598 2873 hoc
618 2796 755 2873 ordine
779 2795 833 2869 ita
851 2796 1093 2885 moderatur,
1119 2795 1226 2898 quasi
1241 2821 1342 2869 unus
1358 2794 1528 2900 reliquus
1545 2824 1592 2873 ex
1609 2797 1756 2877 familia
1786 2800 1852 2875 viri

453 2920 682 3010 clarissumi,
707 2918 894 3022 Scipionis
910 2917 1101 3008 Africani,
1125 2944 1170 2993 ae
1187 2943 1267 2993 non
1282 2917 1644 3021 reptitius‚accitus,
1663 2950 1708 2999 ac
1725 2923 1851 3029 paullo

452 3062 543 3126 ante
565 3043 700 3118 insitus
714 3040 808 3117 huic
830 3042 919 3117 urbi
947 3042 1046 3117 civis.
1070 3044 1130 3117 An
1150 3064 1255 3131 vero,
1269 3041 1318 3113 M
1334 3040 1461 3131 Tulli,
1473 3041 1590 3134 sacta,
1603 3072 1647 3120 ac
1669 3046 1772 3129 dicta
1791 3064 1850 3122 tua

452 3171 612 3246 obscura
633 3170 747 3242 sunt?
773 3193 824 3240 an
846 3193 926 3241 non
952 3166 1004 3239 ita
1028 3192 1050 3239 a
1071 3163 1235 3267 pueritia
1259 3163 1400 3253 vixisti,
1424 3166 1482 3239 uti
1506 3166 1607 3241 nihil
1627 3169 1849 3274 flagitiosum

451 3293 603 3399 corpori
624 3305 691 3365 tuo
713 3306 882 3393 putares,
910 3287 1016 3390 quod
1039 3286 1148 3361 alteri
1178 3283 1442 3363 collibuisset?
1477 3290 1628 3367 Scilicet
1653 3294 1764 3371 istam
1786 3296 1842 3369 im·

452 3421 690 3494 moderatam
712 3412 970 3514 eloquentiam
997 3410 1103 3513 apud
1122 3410 1172 3484 Μ.
1195 3410 1370 3484 Pisonem
1391 3438 1471 3485 non
1493 3414 1688 3517 pudicitiae
1710 3419 1845 3493 iactura

450 3534 712 3645 perdidicistil
750 3542 885 3637 Itaque
912 3536 1085 3609 minume
1106 3530 1328 3606 mirandum
1348 3548 1419 3623 est,
1444 3536 1550 3637 quod
1567 3564 1652 3618 eam
1673 3540 1845 3647 flagitiose

492 3758 566 3839 Cap.
582 3781 607 3817 1.
619 3759 679 3817 'ista
685 3753 850 3836 petulantia
858 3753 934 3812 cod.
943 3751 1164 3831 Oudendorle,
1175 3771 1262 3832 quem
1272 3752 1392 3811 Havete.
1400 3754 1508 3814 laudat.
1516 3761 1605 3839 vulgo
1617 3760 1720 3821 ordine
1729 3762 1842 3823 inverso.

448 3886 506 3928 esse
516 3864 656 3945 perfidiae
674 3863 770 3921 laesam
786 3858 865 3922 Laid.
882 3860 902 3921 l.
922 3866 950 3917 st
968 3876 999 3917 se
1019 3855 1076 3935 ipsc
1093 3856 1280 3932 acfortonos
1299 3852 1375 3918 God.
1396 3854 1459 3916 Bas.
1480 3856 1577 3927 Guelf.
1593 3885 1620 3943 7.
1650 3865 1695 3923 uti
1711 3884 1767 3926 sese
1775 3866 1842 3942 sor·

450 3960 590 4048 latrasque
601 3986 668 4027 sttcs
688 3966 798 4045 Popma
813 3982 847 4021 ex
863 3980 1005 4042 consensu
1023 3962 1112 4019 trium
1126 3957 1222 4022 codd.
1244 3978 1300 4018 sese
1312 3960 1502 4034 ncsortuuas
1521 3968 1620 4047 vulgo.
1642 3976 1681 4027 est
1699 3970 1759 4031 lad.
1774 3968 1840 4027 God.

450 4074 590 4137 Oudend.
612 4069 739 4131 ludsbrio
765 4067 802 4127 sit
829 4064 891 4123 Bas.
919 4062 1109 4144 quamobrem
1131 4072 1171 4121 est
1193 4062 1297 4127 delevi.
1323 4064 1402 4142 qsaod
1424 4066 1621 4130 elacaticollib.
1641 4072 1702 4133 Bas.
1721 4072 1797 4134 hid.
1816 4093 1839 4131 ς,

449 4181 579 4241 Gudian.
599 4177 683 4236 Rem.
706 4175 764 4231 iuc.
785 4168 881 4228 Guell'.
903 4175 955 4226 aut
969 4167 1078 4227 scilicet
1098 4165 1187 4225 iidem
1205 4165 1282 4225 libri.
1302 4186 1343 4227 cn
1356 4166 1525 4231 scitante.
1545 4185 1573 4235 et
1589 4177 1703 4237 Veneta
1715 4178 1799 4238 Editt.
1817 4174 1840 4235 si

448 4284 603 4362 eamflag.
621 4281 721 4360 vulgo.
742 4276 822 4354 qood
841 4272 918 4332 God.
936 4293 964 4335 c.
980 4272 1062 4330 Leid.
1088 4269 1184 4335 Guell.
1206 4270 1290 4331 nem.
1310 4272 1399 4333 Editt.
1421 4285 1536 4337 veteres.
1566 4280 1618 4359 qai
1630 4302 1695 4345 eam
1712 4282 1836 4345 lead,-
