4050 5009
1541 415 1611 509 287

257 628 332 672 rare
358 605 390 672 J.
413 611 461 672 85.
483 615 532 691 98.
559 607 583 670 i.
613 627 642 670 e.
671 609 807 670 studere
837 617 872 673 0.
893 607 944 668 5ι.
973 603 1057 687 quid
1085 615 1117 671 J.
1141 611 1190 668 5ι.
1219 607 1365 690 gratiam
1396 604 1565 670 conviviis
1587 625 1616 686 4.

257 732 339 796 opes
359 725 399 779 Η.
419 715 445 776 1.
468 733 514 792 ¹9·
540 711 730 796 potentiam
753 714 803 782 86.
833 709 985 797 gloriam
1003 722 1040 776 0.
1065 731 1091 773 ι.
1121 709 1242 772 dolum
1263 705 1294 773 J.
1317 731 1366 790 70.
1389 731 1516 774 norum
1537 729 1619 775 con·

169 825 173 838 '
257 818 374 880 tilium
395 819 442 884 ib.
469 837 621 899 querere
643 817 681 880 ln
702 816 783 896 aliq.
806 829 857 890 4ο.
878 815 969 878 taluc
989 815 1131 895 quatita
1152 823 1203 877 est
1230 825 1271 881 H.
1292 817 1352 876 111.
1377 839 1424 877 ιι.
1452 816 1620 898 quesitio·

255 939 359 986 nimae
380 922 490 1005 epulae
511 923 554 983 11.
575 937 624 996 4ι.
644 920 725 982 satis
746 918 926 999 quaesitum
949 917 1087 980 nomini
1108 917 1279 997 majorum
1298 921 1325 980 I.
1350 923 1397 980 ι5.
1421 923 1469 988 85.
1492 917 1620 1002 quoeri·

258 1033 356 1089 tores
381 1027 590 1110 rogabantur
616 1035 647 1088 J.
668 1039 718 1096 4ο.
747 1039 868 1100 quanto
891 1031 930 1085 Η.
951 1021 1009 1082 111.
1033 1042 1079 1082 ιι.
1111 1030 1145 1084 et
1163 1027 1221 1087 ΠΙ.
1248 1045 1297 1086 ιι.
1330 1023 1484 1104 quoettio
1514 1025 1620 1110 agitat

255 1130 407 1211 aliquem
434 1141 466 1195 J.
495 1131 546 1204 54.
576 1129 722 1190 exercita
750 1143 867 1209 aspere
895 1127 945 1198 4⁰·
975 1146 1094 1211 graves
1119 1129 1246 1193 habita
1275 1139 1355 1191 sunt
1385 1135 1434 1192 8ι.
1476 1130 1621 1208 injustae

257 1233 376 1298 fecisse
397 1233 445 1296 ib.
468 1239 643 1314 quoertum
665 1249 807 1316 corpore
826 1230 937 1294 faeere
960 1242 994 1298 0.
1016 1246 1062 1306 ι4.
1084 1234 1230 1313 quaettui
1250 1233 1387 1297 deditus
1409 1237 1457 1300 ι8.
1478 1238 1620 1316 modum

256 1337 368 1400 facere
391 1350 437 1411 ι4.
458 1335 576 1400 omnia
596 1344 675 1398 runt
693 1347 725 1403 J.
741 1337 792 1398 31.
814 1355 924 1416 quum
944 1336 1102 1400 ludibrio
1123 1337 1259 1402 fueritis
1281 1339 1326 1402 ib.
1348 1359 1451 1420 quam
1472 1339 1618 1421 quisque

256 1441 402 1524 pessime
418 1451 486 1504 tam
506 1441 652 1504 maxime
668 1449 759 1503 tutus
780 1439 827 1503 ib.
847 1439 1023 1504 verissime
1042 1448 1165 1524 potero
1177 1453 1212 1508 0.
1226 1458 1256 1519 4.
1277 1452 1356 1526 poet
1375 1443 1451 1507 dier
1462 1479 1505 1496 -
1517 1463 1620 1525 quam

256 1557 289 1612 J.
311 1549 361 1626 76.
382 1565 484 1628 quam
504 1565 661 1608 maxume
682 1546 786 1630 longa
808 1557 844 1612 0.
867 1561 894 1610 t.
916 1564 946 1624 9.
967 1565 1012 1608 m.
1034 1545 1208 1612 manifesti
1228 1566 1279 1623 4ι.
1301 1548 1410 1632 magia
1429 1569 1462 1629 q.
1488 1569 1536 1610 ιο.
1556 1565 1621 1629 po-

257 1651 325 1713 tius
346 1671 379 1731 q.
406 1662 439 1715 J.
463 1673 488 1712 ι.
521 1671 554 1734 q.
575 1653 669 1730 quod
691 1661 726 1714 c.
748 1665 780 1725 4.
810 1649 912 1714 nobie
934 1671 967 1732 q.
988 1648 1062 1712 illis
1083 1649 1193 1728 major
1212 1651 1313 1734 copia
1333 1654 1383 1714 58.
1413 1669 1484 1712 ιιοιι
1505 1649 1620 1712 minut

256 1772 359 1835 quam
381 1754 411 1816 si
430 1764 461 1836 J.
487 1773 534 1816 ιο.
557 1755 609 1816 nil
631 1753 746 1816 minut
766 1773 870 1837 quam
895 1757 940 1826 ι4.
962 1753 1076 1816 ubivis
1097 1754 1205 1817 tutius
1224 1775 1330 1836 quam
1350 1754 1399 1817 ib.

219 1857 439 1940 Quanquam
451 1861 501 1940 (c.
515 1859 704 1941 subjunot.)
715 1871 746 1926 J.
756 1861 785 1922 5.
798 1863 848 1923 88.
862 1879 939 1922 cum
952 1857 1021 1920 ind.
1038 1874 1084 1935 ι4.
1100 1879 1147 1939 ι7.
1159 1859 1208 1920 55.
1219 1861 1268 1932 64.
1280 1859 1331 1920 85.
1347 1873 1397 1934 44.
1416 1878 1451 1938 q.
1459 1859 1622 1920 advorsus
1723 1906 1726 1913 .

257 1967 308 2038 45.
331 1961 493 2042 quamvis
513 1973 551 2028 Η.
576 1967 632 2026 111'.
655 1985 704 2025 ιι.
727 1965 873 2044 quando
892 1975 926 2029 J.
950 1984 1018 2026 ιοι.
1043 1982 1112 2024 ιιο.
1134 1967 1160 2024 1.
1184 1984 1234 2047 ι9.
1262 1969 1442 2045 quantum
1462 1969 1620 2026 -tanto

177 2139 183 2146 ‚
219 2085 223 2092 ’
257 2075 290 2131 J.
313 2067 361 2126 85.
394 2065 664 2148 importunitatis
684 2067 813 2129 habent
833 2071 883 2128 8ι.
914 2065 953 2127 in
972 2066 1070 2128 robis
1090 2075 1140 2126 est
1168 2077 1208 2129 Η.
1229 2069 1288 2125 111.
1312 2085 1360 2124 ιι.
1396 2066 1434 2125 in
1454 2086 1488 2145 q.
1509 2068 1561 2130 85.
1587 2083 1621 2145 9.

259 2167 392 2230 intenta
411 2180 444 2233 J.
454 2186 505 2244 4ο.
525 2167 742 2248 incredibile,
763 2175 930 2248 quantum
950 2168 1049 2230 brevi
1070 2166 1214 2230 creverit
1228 2177 1264 2231 0.
1279 2189 1309 2247 7.
1329 2175 1433 2250 tanta,
1453 2177 1621 2247 quantum

259 2377 374 2440 studio
394 2388 427 2443 J.
452 2399 478 2440 ι.
509 2397 624 2460 quare
648 2397 776 2440 vanum
803 2376 964 2458 equidem
987 2378 1035 2438 5ι.
1062 2394 1169 2455 quare
1188 2373 1298 2460 igitur
1324 2387 1363 2442 Η.
1380 2376 1409 2438 1.
1434 2380 1480 2438 ι5.
1516 2373 1624 2459 quati

258 2487 398 2547 venenis
424 2481 558 2548 imbuta
586 2493 622 2549 0.
647 2504 693 2544 ιι.
723 2482 923 2565 quasivero
945 2483 1015 2547 sint
1036 2485 1085 2545 5ι.
1106 2481 1253 2566 perinde
1272 2505 1306 2564 q.
1327 2481 1397 2546 sint
1414 2492 1447 2548 J·
1470 2484 1500 2555 4.
1520 2482 1621 2564 quasi

258 2589 401 2651 navium
430 2587 555 2653 carine}
583 2593 730 2652 sunt18.
762 2611 796 2672 q.
817 2593 926 2652 duum
955 2587 1109 2652 millium
1131 2587 1317 2664 intervallo
1339 2591 1389 2652 5ο.
1413 2587 1623 2650 vitabundus

260 2695 309 2755 58.
341 2713 382 2756 ex
405 2711 447 2756 eo
467 2694 583 2758 medio
602 2696 700 2776 quasi
720 2698 769 2770 48.
798 2694 961 2780 prasidio
982 2695 1097 2778 quusi*
1112 2693 1219 2758 duum
1239 2693 1391 2758 millium
1410 2702 1554 2779 occupat
1572 2709 1622 2768 4ο.

260 2817 294 2875 q.
315 2803 535 2856 contemnant
555 2800 605 2857 85.
628 2809 668 2859 Η.
689 2802 715 2856 Ι.
741 2821 788 2876 ι9.
811 2819 880 2875 que
897 2809 1090 2876 potensque
1109 2808 1143 2858 ct
1163 2801 1275 2860 clame
1291 2810 1325 2862 J.
1346 2819 1372 2858 ι.
1387 2801 1436 2878 89.
1454 2802 1503 2877 87.
1527 2798 1628 2877 quiet

231 2979 235 2986 .
263 2895 428 2958 diuturna
449 2901 482 2956 c.
496 2899 546 2956 31.
568 2907 602 2959 et
621 2895 732 2958 otium
752 2891 795 2956 H.
815 2900 842 2956 1.
867 2897 915 2957 ι5.
939 2897 1047 2957 turbae
1069 2914 1188 2980 oppos.
1209 2897 1257 2959 ib.
1271 2920 1316 2979 ι9.
1340 2893 1466 2978 quieta
1486 2917 1623 2962 movere

264 3009 300 3066 c.
335 3020 383 3060 ιι.
415 2996 550 3061 familia
576 2993 608 3065 J.
633 3000 680 3071 ι4.
712 3017 765 3060 res
799 3001 866 3059 105.
899 3017 986 3080 resp.
1013 2993 1104 3063 lit.
1128 3020 1175 3082 19.
1208 2996 1362 3080 quietem
1392 2999 1466 3082 pati
1495 3011 1529 3066 J·
1552 3023 1620 3066 ror.

262 3103 374 3186 quieti
402 3111 535 3187 tempus
564 3106 751 3167 concedere
771 3105 821 3165 6ι.
849 3123 882 3184 q.
912 3109 948 3166 ot
965 3101 1046 3165 ctio·
1060 3106 1245 3168 advorsum
1265 3107 1315 3167 66.
1350 3125 1463 3184 neque
1491 3105 1624 3192 vigiliis

260 3227 373 3290 neque
393 3208 568 3290 quietibus
595 3207 708 3271 sedari
727 3216 862 3292 poterat
881 3207 1018 3270 animus
1038 3208 1195 3292 impurus
1215 3221 1249 3274 0.
1273 3210 1320 3270 ι5.
1349 3209 1467 3293 potior
1486 3211 1622 3294 pericu-

261 3317 340 3379 loru
354 3315 495 3378 libertas
516 3313 634 3395 quieto
655 3312 796 3377 servitio
819 3323 857 3378 Η.
879 3317 904 3374 1.
929 3313 976 3374 ι5.
998 3333 1031 3394 q.
1053 3313 1211 3378 Numida
1230 3325 1262 3380 J.
1284 3332 1334 3397 49.
1355 3313 1492 3394 quietus
1514 3314 1624 3377 aciem
1657 3394 1659 3397 Ι

263 3427 404 3484 exornat
422 3423 472 3484 5ι.
487 3418 667 3498 quiescere
687 3418 725 3480 in
745 3417 834 3481 lecto
846 3439 892 3500 7⁰·
915 3414 1002 3499 quin
1019 3424 1049 3482 0
1067 3439 1114 3483 ιο.
1137 3438 1208 3483 ιιοιι
1229 3417 1296 3482 fuit
1317 3417 1517 3501 consilium,
1538 3418 1624 3499 quin
1650 3487 1653 3492 ,

267 3526 319 3590 58.
343 3523 402 3589 cfr.
424 3533 465 3589 H.
487 3525 513 3585 1.
537 3543 586 3602 ¹9·
607 3521 672 3585 bie.
694 3541 765 3585 non
786 3523 871 3604 quin
891 3539 1036 3612 possem,
1056 3527 1116 3586 sed
1131 3536 1166 3590 0.
1185 3529 1233 3590 55.
1250 3519 1293 3588 Η.
1307 3527 1333 3586 1.
1351 3529 1397 3589 ι5.
1419 3521 1500 3605 quit
1521 3509 1558 3589 c‘.
1571 3541 1621 3593 ιο.

265 3637 297 3693 J·
319 3645 349 3703 4.
372 3635 402 3690 8.
426 3629 475 3688 8ο.
499 3625 607 3707 quiet
628 3623 708 3707 quis
729 3633 764 3690 C.
786 3630 835 3702 44.
855 3627 902 3702 48.
918 3627 968 3706 57.
983 3631 1031 3705 89.
1054 3623 1141 3706 quia
1160 3637 1194 3692 J.
1218 3649 1243 3687 ι.
1265 3639 1302 3692 0.
1325 3630 1372 3688 ι8.
1395 3629 1485 3707 quid
1505 3631 1552 3690 ι8.
1573 3630 1623 3705 46.

266 3747 318 3812 47.
338 3725 535 3814 quidquam
555 3751 621 3795 om.
642 3742 675 3796 J.
699 3749 745 3793 ιι.
768 3727 945 3813 quispiam
967 3733 1018 3806 45.
1040 3725 1190 3812 qunque
1210 3741 1249 3796 0.
1270 3734 1299 3793 5.
1322 3727 1437 3814 quivit
1456 3753 1504 3814 ι7.
1526 3753 1553 3814 7.
1574 3735 1624 3813 57.

268 3847 305 3915 J.
322 3839 370 3900 58.
394 3839 444 3918 75.
468 3839 512 3898 ι8.
537 3855 609 3916 quo
633 3837 680 3908 ι4.
703 3835 875 3917 quoniam
897 3841 947 3898 8ι.
970 3855 1041 3916 quo
1061 3855 1165 3899 —eo
1187 3839 1235 3911 54.
1256 3847 1292 3902 0.
1315 3859 1342 3901 ι.
1362 3857 1434 3900 ιιοιι
1454 3860 1541 3920 quo,
1562 3840 1623 3901 sed
1701 3861 1704 3866 ·

270 3945 320 4015 84.
342 3961 412 4022 quo
433 3940 569 4004 tacit-ius
588 3950 621 4005 J.
645 3958 712 4003 ιοι.
736 3960 880 4022 quoquc
903 3941 1007 4003 modo
1028 3943 1079 4003 8ο.
1102 3943 1227 4023 quoad
1243 3957 1292 4018 4ι.
1315 3963 1384 4006 ιιο.
1406 3944 1507 4025 quod
1523 3955 1556 4007 0
1577 3945 1627 4013 4ο.

137 4036 142 4044 ’
270 4062 320 4125 49.
340 4070 370 4128 9.
392 4057 425 4113 J.
448 4049 476 4111 5.
498 4063 546 4108 ιι.
567 4049 616 4111 8ι.
639 4057 674 4111 0.
698 4049 746 4108 ι8.
781 4047 876 4126 quod
895 4045 1029 4107 utinum
1048 4056 1081 4111 J.
1108 4063 1155 4123 ι4.
1185 4067 1325 4130 quoque
1345 4048 1369 4110 i.
1389 4066 1419 4110 e.
1441 4055 1475 4112 et
1494 4061 1565 4126 quo
1585 4053 1622 4108 0.

222 4161 249 4182 ·’
272 4155 320 4214 ι5.
343 4147 472 4234 quippe
492 4161 528 4220 0.
553 4171 602 4217 ιι.
628 4153 674 4213 ι8.
693 4160 725 4216 J.
744 4151 796 4225 48.
817 4151 866 4214 85.
889 4152 937 4214 56.
960 4153 1009 4220 86.
1031 4171 1081 4232 9ο.
