4050 5009
413 362 487 435 ²9⁰

293 538 299 543 ·
414 516 558 622 puduit
577 518 728 622 palam,
749 516 856 594 vobis
874 516 1142 608 audientibus,
1164 517 1397 593 adulterium
1418 512 1619 593 confiteri?
1641 509 1759 611 Quod
1778 509 1809 585 si

297 723 303 732 ,
414 641 488 718 tibi
507 668 579 745 pro
604 669 675 719 me
686 639 787 717 nihil
807 626 1040 744 respondere
1055 640 1270 730 voluissem,
1293 640 1358 715 sed
1381 638 1481 723 illud
1498 636 1710 713 censorium
1729 633 1811 707 elo·

412 765 519 869 gium
536 767 607 866 Ap.
624 748 776 841 Claudii
788 778 827 837 et
845 767 886 837 L
902 762 1065 855 Pisonis,
1084 764 1415 866 integerrimorum
1425 748 1614 849 virorum,
1627 786 1704 861 quo
1717 781 1811 831 usus

413 904 469 963 est
494 887 655 989 quisque
676 913 831 975 eorum,
851 914 922 989 pro
942 887 1025 991 lege
1043 888 1174 990 palam
1202 886 1384 961 universis
1417 884 1643 959 recitarem:
1676 906 1813 957 nonne

414 1010 484 1087 tibi
499 1010 649 1094 ,viderer
665 1026 823 1085 aeternas
843 1010 1000 1084 inurere
1012 1009 1198 1099 maculas,
1224 1034 1317 1109 quas
1336 1008 1482 1109 reliqua
1502 1007 1577 1083 vita
1596 1022 1662 1083 tim
1679 1007 1813 1081 eluere

412 1161 494 1211 nen
513 1133 652 1237 possiti
685 1135 815 1233 Neque
829 1149 914 1236 post
935 1132 1049 1207 illum
1065 1132 1254 1207 delectum
1276 1148 1430 1207 senatus
1451 1148 1489 1206 te
1504 1158 1691 1233 umquam
1710 1130 1812 1205 vidi·

412 1283 504 1337 mus.
529 1257 609 1331 Nisi
631 1255 729 1331 forte
753 1257 794 1332 in
813 1283 857 1331 ea
884 1276 921 1331 te
939 1273 1063 1332 castra
1081 1256 1298 1345 coniecisti,
1321 1282 1399 1357 quo
1421 1254 1543 1331 omnis
1562 1255 1712 1329 sentina
1739 1254 1815 1329 nei-

410 1380 841 1485 publieteccnfluxerat
880 1383 932 1453 At
955 1379 1057 1454 idem
1081 1379 1279 1468 Salustius,
1304 1379 1373 1481 qui
1397 1379 1440 1453 in
1464 1404 1560 1481 pace
1581 1405 1631 1453 ne
1655 1394 1813 1453 senator

411 1505 570 1607 quidem
593 1517 799 1593 manserat,
824 1518 951 1604 postea
971 1529 1089 1602 quam
1110 1499 1323 1604 respublica
1344 1501 1458 1575 armis
1477 1527 1651 1605 oppressa
1675 1518 1749 1592 est,
1775 1516 1814 1576 et

386 1627 515 1707 ‘idem
532 1628 679 1715 uictor,
698 1626 768 1728 qui
787 1625 930 1709 exsules
950 1607 1117 1712 reduxit,
1143 1624 1186 1697 in
1202 1640 1376 1699 senatum
1398 1640 1483 1725 post
1502 1640 1735 1725 qrrmsturam
1759 1639 1816 1698 est

412 1749 617 1827 reductus·
648 1749 776 1844 Quem
800 1745 987 1826 honorem
1010 1747 1068 1821 ita
1092 1746 1217 1849 gessit,
1242 1763 1288 1821 ut
1314 1744 1414 1821 nihil
1440 1747 1481 1820 in
1502 1774 1546 1822 eo
1568 1774 1650 1823 non
1675 1746 1815 1821 venale

413 1871 621 1963 babuerit,
643 1872 755 1949 utrius
786 1870 924 1972 aliquis
952 1886 1102 1972 emptor
1130 1868 1255 1945 fuerit
1300 1874 1357 1943 Ita
1378 1869 1495 1973 igitur
1518 1870 1610 1973 egit,
1634 1886 1680 1947 ut
1708 1868 1814 1945 nihil

412 2022 493 2073 non
508 2022 672 2099 aequum
685 2021 730 2069 ac
749 2020 884 2071 verum
903 1992 1075 2083 duxerit,
1100 1994 1205 2095 quod
1231 1994 1305 2095 ipsi
1326 1993 1448 2067 facere
1470 1992 1721 2069 collibuisset:
1748 2021 1816 2069 ne-

410 2145 487 2222 que
509 2118 621 2194 aliter
638 2117 802 2206 vexavit,
826 2143 871 2191 ac
891 2116 1040 2205 debuit,
1064 2117 1095 2190 si
1116 2116 1202 2218 quis
1218 2115 1355 2219 proedae
1369 2115 1454 2189 loco
1471 2118 1672 2219 accepisset
1691 2118 1815 2221 magi-

410 2260 580 2320 stratum
612 2244 768 2319 Peracta
796 2254 1012 2341 quaestura,
1029 2254 1274 2341 posteaquam
1291 2264 1426 2343 magna
1447 2238 1608 2343 pignora
1630 2241 1682 2315 eis
1701 2242 1816 2317 dedc-

411 2382 490 2456 rat,
522 2390 613 2442 oum
634 2363 775 2465 quibus
800 2360 1052 2442 similitudine
1075 2361 1160 2434 vitae
1180 2386 1219 2435 se
1244 2361 1519 2451 coniunxerat,
1542 2389 1643 2438 unus
1664 2365 1744 2441 iam
1769 2392 1814 2441 ex

411 2489 480 2564 illo
501 2513 610 2592 grege
631 2486 841 2563 videbatur.
886 2484 979 2559 Eius
1007 2484 1111 2559 euim
1141 2483 1258 2585 partis
1281 2485 1474 2587 exemplar
1500 2502 1581 2560 erat
1604 2486 1812 2578 Salustius,

412 2638 491 2713 quo
510 2626 700 2712 tanquam
716 2610 758 2682 in
774 2608 898 2683 imam·
911 2606 1129 2709 voraginem
1150 2620 1270 2681 coetus
1292 2609 1395 2682 omni
1401 2634 1469 2681 um
1491 2608 1672 2685 vitiorum
1690 2638 1814 2689 exces—

410 2758 534 2809 seras:
566 2728 757 2833 quidquid
783 2728 1088 2831 impudicorum,
1111 2728 1314 2816 cillonum,
1339 2730 1636 2831 parricidarum,
1661 2735 1813 2810 sacrile-

412 2881 566 2959 gorum,
591 2852 810 2928 debitomm
832 2851 965 2925 fuitin
985 2852 1097 2925 urbe:
1121 2852 1362 2954 municipiis,
1387 2851 1573 2946 coloniis,
1589 2858 1700 2932 Italia
1723 2875 1813 2947 tota,

411 2978 514 3051 sicut
534 2977 583 3051 in·
601 2974 730 3063 iretis,
754 2974 1016 3065 subsederant,
1042 2973 1214 3049 nominis·
1233 2974 1375 3077 perditi-
1396 3002 1441 3051 ac
1466 2978 1672 3070 notissimi,
1698 2981 1809 3057 nulla

414 3099 455 3173 in
479 3115 589 3202 parte
606 3097 736 3173 castris
755 3095 836 3200 apti
860 3154 879 3187 ,‚
896 3096 1141 3175 nisilicentia
1165 3096 1346 3173 vitiorum
1377 3113 1416 3173 et
1443 3101 1656 3203 cupiditate
1682 3130 1811 3179 rerum

385 3247 624 3322 7n0rarum.
659 3222 710 3294 Aa
725 3234 852 3320 postea
878 3244 997 3321 quam
1009 3234 1149 3322 praetor
1170 3218 1290 3295 sactus
1311 3236 1393 3309 est,
1407 3222 1573 3299 modeste
1592 3250 1631 3301 se
1652 3228 1762 3331 gessit
1774 3242 1810 3301 et

412 3344 656 3419 abstinenter.
707 3342 844 3415 Nonne
863 3341 916 3414 ita
935 3340 1173 3444 provinciam
1188 3342 1364 3429 vastavit,
1388 3359 1434 3417 ut
1451 3336 1694 3452 nihil'neque
1713 3348 1808 3455 passi

411 3466 630 3567 sistatque
661 3463 920 3566 exspectarint·
944 3465 1093 3567 gravius
1125 3464 1167 3538 in
1194 3463 1295 3539 bello
1319 3466 1418 3540 socii·
1435 3470 1578 3561 nostri,
1607 3500 1727 3573 quam
1749 3499 1808 3548 ex-

411 3588 516 3693 perti
527 3602 620 3663 sunt
641 3586 683 3661 in
703 3611 819 3688 paca,
841 3583 915 3661 boc
934 3585 1103 3661 Africam
1120 3586 1338 3663 interiorem
1355 3590 1578 3671 obtinento?
1602 3596 1707 3671 unde
1726 3614 1805 3671 tan·

410 3806 493 3872 leid.
506 3829 533 3868 c.
554 3806 674 3888 Popma.
694 3806 869 3867 eut‘da‘ctum
887 3805 1123 3888 Btssdl'opma.
1143 3828 1226 3886 quem
1245 3830 1307 3871 nou
1318 3814 1456 3893 pudtteril
1468 3813 1531 3875 Bas.
1550 3814 1605 3875 tibi
1609 3838 1666 3896 pro
1678 3837 1725 3879 mc
1736 3814 1808 3879 utut

412 3910 475 3970 Bas.
494 3912 613 3974 laide.
633 3931 671 3971 uc
689 3911 731 3969 id.
745 3910 808 3971 Sel.
829 3912 891 3970 Bas.
913 3912 956 3969 itu
968 3914 1044 3993 egit,
1070 3913 1174 3990 (igilur
1193 3917 1310 3994 omisso)
1325 3915 1386 3980 Bas.
1397 3916 1477 3976 leid.
1492 3939 1519 3978 c.
1539 3927 1580 3979 cst
1593 3922 1730 3984 metus
1747 3920 1804 3981 Bas.

414 4012 495 4080 Oud.
506 4016 614 4091 fucere
628 4013 759 4073 collibuit
778 4014 840 4073 Bas.
871 4034 951 4092 mag.
966 4006 1105 4094 scorpius
1124 4016 1186 4081 Bas.
1205 4030 1268 4078 crat
1294 4020 1416 4100 campi.
1437 4020 1498 4086 Bas.
1519 4022 1600 4082 Laid.
1620 4047 1647 4085 c.
1668 4036 1803 4106 tunquam

412 4116 539 4177 inmani
558 4116 702 4197 waginc
721 4118 773 4178 Ac.
794 4117 958 4176 tantam-in
977 4120 1069 4177 uarum
1088 4140 1118 4181 u.
1140 4120 1219 4185 Gnd.
1239 4121 1301 4183 Bas.
1321 4124 1402 4184 Leid.
1414 4146 1494 4186 e.-
1516 4123 1590 4207 Cup.
1607 4151 1635 4209 7.
1657 4150 1695 4191 uc
1710 4139 1803 4211 posteo

413 4242 502 4300 quam
518 4232 640 4304 praetor
658 4230 702 4283 cst
710 4223 815 4299 suoru
833 4222 897 4286 uu
921 4224 1041 4303 maim
1055 4224 1087 4285 iu
1103 4224 1176 4288 bello
1195 4225 1257 4289 Bu.
1276 4226 1357 4289 Laid.
1369 4250 1396 4292 c.
1408 4230 1515 4307 fuerat
1537 4230 1639 4295 Cesar
1657 4234 1720 4298 Bar.
1739 4231 1801 4297 :att
