4050 5009
282 421 293 432 ,
362 365 433 445 382

246 584 248 587 ·
354 561 460 624 virtuti
478 589 498 606 -
516 558 550 619 in
568 559 643 622 eive
661 559 794 622 facinora
812 588 832 607 -
849 556 1041 620 exedifiestas
1057 589 1073 602 -
1092 552 1220 616 nisibis
1243 559 1296 637 qui
1316 554 1419 619 fidere
1436 587 1456 604 ·
1479 559 1571 618 marie
1592 569 1766 642 canuam,-

353 662 594 730 tiresmnliebria
603 665 669 748 pati
681 663 829 747 -eempni
839 697 856 710 -
866 664 1060 744 consumptui
1070 694 1083 711 ·
1096 672 1157 723 erat
1169 663 1348 722 facillimum
1361 663 1464 724 iaetu·
1483 661 1667 746 flagitiorum
1676 675 1765 748 atque

354 771 523 832 sucinorum
543 805 554 818 ·
578 773 641 832 alea
671 791 764 830 manu
784 779 886 832 ventre
905 789 1000 853 ganeo
1019 789 1096 852 pene
1118 801 1138 817 ·
1159 771 1290 830 alienum
1314 789 1343 830 es
1368 767 1451 831 -bii
1476 770 1612 832 Catilinae
1633 774 1765 854 proximi

353 878 513 938 familiares
531 888 641 941 erant-
654 896 673 936 a
686 880 803 957 eulpa·
822 877 975 941 cotidiano
992 911 1008 924 -
1029 876 1185 937 inlecebris
1203 909 1219 922 -
1237 885 1332 936 seorta
1345 874 1519 958 prebebat·
1537 880 1671 961 sumptui
1686 881 1765 940 -ita

354 985 554 1044 estimarent·
571 1003 661 1064 qusm
684 984 826 1064 cuiquam
835 982 868 1043 id
885 992 1073 1064 compertum
1088 984 1192 1043 iuret·
1214 982 1317 1045 nobile
1338 986 1445 1046 fecerat
1464 1017 1476 1032 ·
1496 983 1635 1046 edultum
1654 995 1764 1046 etate.-

354 1088 445 1149 suisse
462 1107 551 1150 causa
566 1119 586 1137 -
605 1085 664 1149 diis
683 1090 831 1170 impurus,
843 1087 1019 1151 homiuibus
1033 1090 1156 1152 iniestns
1171 1123 1187 1136 -
1207 1091 1234 1150 ei
1247 1091 1386 1172 exanguis
1397 1122 1414 1138 ·
1435 1100 1631 1172 torpescerent
1646 1123 1659 1140 ·
1675 1092 1764 1152 euciis

352 1193 456 1254 amieis
467 1227 485 1240 -
504 1204 653 1275 oportuna
666 1225 686 1243 ·
705 1195 890 1261 neeeseitudo
901 1227 921 1245 ·
938 1196 976 1258 Et
994 1197 1059 1258 istie
1073 1227 1092 1244 ·
1117 1217 1149 1278 p.
1165 1199 1276 1258 servius
1291 1199 1366 1258 silbe
1375 1236 1387 1272 ,
1406 1197 1480 1256 aerei
1493 1197 1593 1272 iilius,
1611 1228 1630 1245 ·
1655 1199 1736 1258 lecea
1749 1229 1765 1244 ·

354 1300 407 1381 qui
430 1297 578 1382 ignobiles
599 1299 684 1361 demi
708 1321 743 1362 ae
770 1301 888 1363 nubiles
910 1314 996 1363 erant
1021 1333 1041 1349 -
1065 1301 1256 1383 dspnationis
1277 1333 1295 1349 -
1321 1309 1406 1382 cujus
1429 1322 1500 1384 opes
1519 1303 1607 1362 illum
1626 1299 1766 1362 dieebant

354 1415 460 1471 eontra
475 1437 495 1456 ·
508 1403 556 1465 De
580 1401 796 1484 conjuratione
826 1405 966 1470 Cutiliae
992 1405 1332 1492 (initiueep.18.bue
1361 1409 1453 1468 literis
1479 1406 1643 1488 majoribus
1667 1407 1764 1470 rubris

354 1511 485 1596 mesta)
509 1547 526 1560 ·
543 1515 713 1596 nequiverit
732 1536 775 1577 m.
795 1506 845 1599 pr.
867 1523 912 1580 ut.
936 1513 1109 1576 adulescens
1125 1545 1142 1561 -
1167 1513 1345 1595 optinendas
1362 1549 1379 1561 -
1400 1513 1528 1576 Romam
1553 1545 1572 1564 ·
1588 1515 1762 1576 inimicum·

355 1637 414 1698 que
432 1617 491 1679 Gn.
509 1615 653 1701 Pompeio
677 1655 694 1667 -
723 1621 772 1682 his
797 1625 863 1704 piso
879 1653 909 1714 ¹-
940 1622 975 1684 in
1011 1623 1168 1704 provincia
1189 1653 1201 1670 ·
1223 1629 1354 1708 spectata
1375 1619 1452 1680 foret
1478 1616 1556 1678 mibi
1583 1653 1600 1666 -
1626 1617 1765 1680 domins-

346 1720 399 1800 'tio
427 1747 540 1808 magnae
560 1760 577 1773 -
598 1729 702 1790 multis
728 1749 785 1813 ego
810 1724 925 1812 magnis
951 1725 1171 1808 tempestatibus
1197 1756 1217 1773 ·
1243 1735 1361 1784 nosmet
1391 1725 1478 1802 ipsus,
1495 1757 1509 1772 ·
1528 1722 1603 1784 boui
1621 1721 1728 1784 militis
1745 1757 1765 1772 -

353 1830 408 1894 nbi
426 1835 534 1894 volunt
549 1864 569 1881 -
585 1835 745 1914 patiemini
764 1837 822 1898 viri
844 1865 864 1882 ·
885 1836 919 1894 in
933 1851 1027 1892 manu
1046 1844 1089 1892 eat
1111 1863 1130 1876 ·
1152 1827 1309 1910 ingenium
1339 1837 1383 1888 est
1406 1859 1425 1874 ·
1454 1829 1587 1888 alienum
1617 1850 1647 1890 es
1675 1859 1693 1876 ·
1719 1827 1764 1890 En

352 1936 407 1997 iila
427 1937 481 1997 illa
502 1967 522 1984 ·
541 1939 642 1998 omnis
663 1937 825 1998 victoribus
839 1971 857 1984 -
875 1939 1007 1998 utemini
1037 1937 1061 2014 (i
1072 1956 1140 2016 sup.
1154 1931 1223 2014 lin.)
1237 1967 1254 1980 -
1272 1933 1391 1994 animus
1413 1933 1491 1994 tattit
1514 1967 1530 1980 -
1561 1935 1656 2018 magis
1676 1955 1728 1996 vos
1746 1967 1765 1983 -

355 2043 455 2124 quieta
476 2039 515 2101 tt.
535 2041 572 2100 ii.
594 2059 711 2102 morere
735 2071 754 2089 ·
774 2043 961 2122 locupletum
982 2070 998 2086 -
1020 2039 1097 2101 Cum
1119 2058 1155 2100 eo
1173 2058 1203 2100 se
1225 2042 1347 2100 consule
1368 2072 1381 2088 ·
1402 2038 1530 2100 adiceret
1543 2070 1562 2086 ··
1586 2041 1764 2120 sollempni·

353 2151 411 2209 bue
433 2180 451 2193 -
474 2146 585 2208 dieitur
609 2149 759 2227 aperuisse
776 2177 795 2194 ·
821 2148 935 2208 eonseii
954 2180 975 2196 ·
1002 2157 1034 2208 et
1061 2147 1120 2208 alia
1151 2148 1248 2206 multa
1273 2155 1411 2228 praeterea
1434 2179 1451 2191 -
1477 2165 1542 2227 que
1576 2145 1731 2227 quomodo
1748 2178 1764 2191 -

353 2262 505 2333 sumptam
530 2263 637 2314 mutuo
657 2253 711 2331 (m.
738 2252 809 2332 see.)
840 2252 1009 2316 dissentiret
1033 2287 1049 2301 ·
1087 2253 1205 2314 eonsuli
1228 2254 1337 2314 iecerat
1360 2283 1377 2298 -
1395 2250 1543 2314 insomnis
1565 2283 1582 2296 -
1612 2253 1765 2332 intempe-
1867 2328 1868 2332 Ἰ

354 2367 429 2418 atate
454 2359 553 2418 nectis
574 2389 594 2406 ·
617 2368 770 2438 paraverat
792 2391 812 2408 -
842 2361 922 2422 nulli
949 2379 1051 2423 earum
1078 2378 1178 2420 rerum
1203 2358 1321 2420 consuli
1348 2391 1364 2404 -
1393 2359 1443 2418 50.
1477 2355 1512 2416 L.
1540 2357 1648 2418 servius
1677 2375 1766 2416 sena·

354 2471 403 2523 ter
423 2492 443 2510 ·
462 2463 556 2523 mirei.
578 2461 704 2546 Utrique
722 2497 739 2514 -
757 2465 898 2545 (sestertia
921 2469 1059 2544 eentum)
1077 2469 1138 2528 haee
1156 2483 1236 2526 erasa
1253 2499 1269 2512 -
1290 2464 1423 2526 sestertia
1440 2482 1530 2524 erum
1553 2484 1594 2522 m.
1613 2482 1672 2524 aee.
1696 2481 1766 2524 eor-

354 2566 428 2628 rexit
443 2599 462 2616 ·
479 2566 610 2631 dueents
622 2570 736 2631 milia-
762 2592 862 2653 neque
884 2575 955 2634 luen
975 2575 1119 2654 eniquam
1137 2569 1341 2634 hominitatis
1362 2568 1479 2631 eredere
1494 2600 1514 2616 -
1533 2569 1728 2650 interrogatae
1746 2589 1764 2626 a

353 2671 446 2736 Lucio
459 2678 552 2756 paulu
568 2707 587 2722 ·
607 2674 647 2732 sd
660 2674 830 2732 simulanda
839 2678 943 2734 omniu
963 2705 981 2720 -
1005 2679 1156 2754 postulare
1167 2675 1302 2753 patribus
1315 2675 1407 2754 erepit
1429 2707 1445 2720 -
1467 2676 1648 2755 restinguam
1667 2673 1764 2753 -ipse

352 2797 453 2838 seeum
467 2813 487 2828 -
500 2787 659 2861 optumum
682 2777 763 2838 iaetu
778 2809 798 2826 ··
816 2779 952 2859 plerique
970 2779 1073 2858 patriae
1094 2777 1145 2836 sed
1168 2780 1365 2838 omneaiama
1388 2777 1480 2838 -aed
1504 2797 1567 2838 non
1587 2778 1764 2874 imperium,
1808 2862 1814 2874 Ι

354 2902 429 2944 non.
448 2887 574 2946 salutem
593 2906 635 2946 m.
652 2903 709 2945 see.
739 2881 855 2945 eddidit
873 2913 892 2930 ·
910 2903 974 2942 non
996 2884 1067 2963 quia
1089 2915 1105 2929 -
1125 2881 1318 2964 nominibus,
1350 2903 1385 2944 ex
1402 2902 1508 2964 posses.
1529 2913 1549 2930 -
1568 2884 1680 2943 solvere
1700 2901 1763 2941 nen

352 3009 471 3069 possem
490 3020 508 3037 ·
528 2989 646 3048 reatino
666 3020 686 3036 -
709 2998 813 3065 praeter
833 3014 850 3027 ·
870 2987 1106 3070 condempnatos
1128 3017 1143 3028 -
1167 2987 1217 3048 eui
1237 2987 1275 3046 sd
1297 3003 1434 3048 oceasum
1457 3019 1476 3038 -
1497 2987 1624 3049 diremit
1643 3022 1661 3035 -
1674 2998 1763 3068 atque

235 3133 243 3142 ‚
353 3096 399 3153 uti
412 3092 493 3153 tabes
504 3117 522 3134 -
540 3109 668 3172 preeepe
680 3099 745 3150 eret
755 3089 795 3148 de
811 3091 917 3152 multia
931 3125 949 3140 ·
966 3091 1015 3173 39
1025 3096 1144 3152 animus
1156 3105 1301 3155 strueret
1312 3125 1332 3142 -
1344 3093 1501 3177 gabinium
1515 3094 1638 3156 aeeerait
1650 3127 1667 3142 ·
1677 3113 1765 3176 grae·

250 3286 252 3289 v
354 3217 407 3260 esu
428 3197 559 3257 starem
576 3227 597 3244 -
621 3206 749 3275 optumo
770 3198 885 3257 eunsnli
906 3229 926 3246 -
955 3200 1021 3279 ipse
1045 3198 1208 3261 vultureiua
1231 3200 1331 3260 literae
1347 3199 1390 3260 ad
1408 3199 1571 3260 Catilinam
1592 3199 1724 3266 mandat.
1745 3231 1763 3248 ·

352 3302 417 3377 Qui
426 3303 484 3363 sim
495 3336 512 3356 ψ
524 3302 638 3364 mulsia
648 3333 668 3348 ·
686 3301 835 3364 Permittit
843 3304 903 3363 iilis
913 3300 1076 3364 homines·
1090 3302 1243 3369 obsidunt.
1257 3336 1274 3349 -
1287 3303 1633 3386 intellegens-dubitans
1643 3339 1660 3350 -
1670 3325 1733 3364 nun
1747 3339 1763 3352 -

242 3452 246 3459 »
354 3411 437 3469 velut
449 3428 484 3468 ex
496 3407 654 3468 acerbitate
670 3416 771 3487 erepta
786 3442 801 3453 -
820 3407 923 3467 orabat
945 3411 979 3468 in
994 3409 1149 3468 andaciam
1166 3441 1182 3454 -
1201 3407 1240 3468 ab
1257 3408 1348 3483 odio,
1367 3411 1509 3493 agretia,
1531 3411 1574 3470 ira
1585 3421 1673 3492 atque
1684 3411 1764 3469 ami-

355 3513 427 3572 eitia
446 3494 596 3586 ·'iniids‚
615 3511 734 3575 adserta
754 3543 773 3561 -
801 3514 1018 3596 eertaginenses
1039 3545 1055 3560 -
1077 3515 1111 3574 in
1132 3515 1200 3574 ilios
1222 3521 1320 3594 jure·
1341 3515 1439 3594 patrio
1457 3515 1552 3578 sevior
1569 3516 1628 3577 init
1644 3548 1661 3563 ·
1683 3495 1763 3576 esm-

301 3701 304 3705 Ἰ
357 3634 416 3695 que
434 3617 609 3679 modestiam
625 3650 644 3668 -
660 3621 818 3700 presertim
836 3619 1026 3702 diligentiu-
1051 3622 1123 3681 item
1143 3622 1182 3680 de
1200 3617 1327 3698 eundep.
1345 3649 1364 3666 ·
1383 3619 1504 3680 exilium
1525 3623 1659 3701 permitti
1684 3650 1699 3665 ·
1729 3639 1762 3680 ex

355 3717 444 3778 rebus
461 3722 801 3808 demestieis-ignsres.
823 3745 851 3784 e.
869 3725 918 3784 52.
941 3725 1122 3808 perjudicet
1145 3745 1203 3786 rer.
1223 3723 1334 3805 eapit—
1353 3725 1475 3788 exitium
1507 3727 1599 3788 ritae·
1628 3730 1661 3786 in
1689 3723 1764 3784 Gai-

355 3825 440 3886 lism·
471 3842 572 3886 vorem
601 3851 643 3889 sn.
670 3851 730 3891 ese.
762 3829 942 3892 emendarit.
971 3832 1004 3891 in
1039 3829 1171 3892 Gellium
1197 3831 1410 3912 transalpinam
1438 3862 1457 3878 ·
1483 3831 1608 3892 excitent
1637 3832 1763 3912 nequie-

355 3947 446 4013 qneut
473 3926 591 3994 horum
613 3961 633 3980 -
655 3933 715 3993 iiiia
733 3952 947 4017 supervacuum
967 3949 1011 3999 est
1030 3969 1046 3984 ·
1069 3936 1284 4021 aggrediamini
1303 3963 1320 3984 -
1346 3933 1385 3996 ab
1401 3934 1503 3997 destm
1530 3955 1618 4016 rupes
1635 3955 1764 4019 asperu-

353 4039 392 4100 ed
417 4059 452 4102 ea
473 4049 568 4105 ωιτη
584 4038 706 4104 risendi.
