4050 5009
1592 426 1640 499 23

749 626 881 701 Oratio
905 623 958 697 M.
983 623 1123 695 Licinii.

319 762 398 821 Diss.
418 758 475 817 luit
492 750 680 833 docendique
699 784 715 797 ·
734 751 813 810 exuti
832 782 849 795 ·
866 747 1013 809 vobismet
1031 746 1102 825 ipsis
1127 774 1143 789 -
1169 742 1242 800 illuc
1255 756 1359 798 omncs
1379 768 1396 783 -
1421 734 1459 795 ad
1478 754 1531 795 ros
1550 735 1641 816 pleri-

244 878 337 939 qne·
358 860 409 917 An
431 851 502 911 dub.
521 848 591 909 hab.
615 868 689 906 num
708 846 824 905 allicere
843 876 862 891 -
888 854 969 902 ortus
987 851 1031 900 est
1049 874 1065 886 -
1096 840 1231 897 animum
1260 834 1406 894 advertere
1433 864 1449 879 ··
1480 830 1586 892 deinde
1605 850 1643 891 ne

244 974 300 1012 nos
320 987 336 999 -
356 951 425 1010 trib.
440 946 538 1027 plebei
557 978 573 991 -
592 943 675 1002 labos
694 977 710 987 -
735 953 765 1001 et
779 941 879 1023 ignavi
897 938 1023 1019 quisque
1044 934 1216 995 tenuissima
1240 932 1472 1013 perfrustrantur
1492 963 1509 975 -
1534 928 1644 989 delini·
1736 968 1741 973 -

244 1059 348 1108 menta
365 1080 382 1092 -
402 1043 525 1124 Pompei
540 1075 556 1088 -
577 1059 636 1121 qua
657 1059 720 1098 non
739 1040 813 1118 glor.

671 1202 737 1297 Ep.
767 1198 858 1271 Caci
879 1196 1037 1292 Pompei
1060 1192 1112 1267 ad
1135 1194 1215 1269 Seu.
1244 1296 1253 1319 ι

327 1342 442 1403 Penatis
459 1376 477 1389 -
495 1341 587 1400 Italiae
601 1340 715 1419 agentis
733 1371 749 1383 -
772 1339 964 1397 lacettaneam
976 1332 1116 1414 indigetis
1131 1368 1147 1380 -
1166 1334 1249 1393 nouis
1261 1331 1408 1393 militibus
1427 1364 1443 1379 ·
1462 1330 1611 1393 snbstiuni
1631 1366 1647 1381 -

245 1438 361 1499 llnmen
379 1439 508 1499 Durium
526 1471 543 1483 -
563 1456 618 1517 pro
643 1435 736 1515 queis.

790 1580 857 1677 Ep.
882 1576 1091 1651 Mitridatis.

327 1720 443 1782 Deinde
457 1718 540 1803 quod
551 1720 706 1801 quesitum
726 1751 742 1763 -
761 1717 957 1777 scelestissimi
973 1716 1087 1796 egregia
1100 1746 1116 1761 -
1133 1710 1416 1795 Carthaginensibus
1436 1746 1452 1761 ·
1472 1716 1566 1775 lracto
1577 1711 1649 1775 Pbi·

246 1822 333 1899 lippo
347 1818 490 1877 Antinous
510 1850 526 1862 -
545 1816 625 1896 apud
634 1815 845 1873 Samotrsciam
856 1812 918 1894 (m.
928 1811 992 1893 pr.)
1015 1844 1031 1856 -
1043 1808 1478 1891 prodiderunt-posthabitum
1489 1812 1649 1871 custodiae-

246 1917 329 1976 filius
341 1915 418 1995 Nysa
437 1947 453 1960 -
472 1912 585 1993 regredi
604 1922 727 1971 conatus
746 1944 763 1957 ·
783 1911 870 1968 arctis
889 1911 963 1969 locis
981 1941 997 1956 -
1018 1908 1164 1969 militibus
1181 1910 1287 1989 proctd
1304 1928 1321 1967 a
1339 1906 1446 1984 domo,
1460 1928 1550 1990 parvo
1562 1907 1650 1969 labo-

247 2028 280 2069 re
299 2044 316 2057 -
336 2031 405 2072 cnm
420 2030 518 2091 neque
532 2010 649 2070 uincere
667 2042 684 2055 -
703 2008 902 2091 potentisque.

745 2171 812 2269 Ep.
836 2169 870 2243 1.
890 2168 943 2242 nd
968 2168 1162 2243 Caesmem

328 2307 366 2368 Id
393 2330 429 2370 co
446 2312 544 2371 evenit
562 2344 579 2357 -
601 2328 627 2369 a.
650 2308 781 2367 immane
799 2308 913 2369 dictum
934 2319 977 2368 est
995 2342 1013 2355 -
1031 2306 1226 2367 discesserunt
1245 2338 1261 2353 ·
1289 2308 1317 2365 3.
1338 2304 1420 2387 qnod
1440 2308 1545 2386 optim.
1570 2308 1651 2368 lactu

246 2407 288 2467 sit
308 2440 326 2451 ·
344 2406 372 2477 i.
395 2407 506 2467 oblivio
526 2406 674 2466 interfecit
692 2438 709 2450 -
728 2406 917 2485 parentisque
936 2439 953 2451 -
971 2404 1124 2484 attingerit
1143 2435 1162 2449 -
1183 2402 1210 2460 5.
1232 2420 1328 2482 quaeso
1342 2402 1525 2461 considerare
1543 2438 1559 2450 -
1579 2405 1652 2464 ciris
1675 2424 1679 2431 ’

247 2523 319 2561 cnm
333 2502 445 2563 civibus
464 2538 481 2549 -
500 2502 638 2582 exanguis
657 2504 702 2559 rel
723 2501 887 2559 concordiae
906 2534 922 2546 -
941 2503 985 2561 rel
1003 2498 1155 2557 discordiae
1175 2532 1191 2544 -
1210 2518 1266 2577 pro
1279 2497 1411 2557 secordia
1426 2500 1568 2559 extiment
1581 2533 1597 2547 -
1616 2502 1649 2560 in

246 2600 322 2658 ciris
341 2633 357 2643 -
375 2598 522 2660 veteribus
541 2598 694 2677 conquirit
713 2629 730 2641 -
749 2596 776 2655 6.
791 2616 829 2654 ne
848 2598 904 2655 istu
923 2631 940 2643 ·
959 2616 1062 2677 pravas
1080 2596 1149 2653 artis
1169 2626 1186 2639 -
1211 2614 1314 2674 pacem
1330 2604 1359 2653 et
1373 2595 1563 2656 concordiam
1584 2630 1600 2641 -
1622 2620 1651 2678 7.

246 2693 350 2773 plebes
370 2728 386 2741 -
405 2716 493 2754 usum
507 2706 596 2775 atque
608 2694 735 2753 dedecus
754 2726 771 2739 -
790 2695 948 2773 omnisque
959 2695 1084 2754 victores
1105 2724 1122 2738 ·
1139 2692 1185 2751 uti
1198 2688 1296 2752 adhuc
1314 2722 1330 2737 ·
1349 2692 1419 2771 stip.
1434 2692 1543 2753 sacient
1561 2726 1578 2739 -
1596 2692 1652 2754 do-

248 2810 316 2849 mos
333 2801 512 2853 reverterunt
530 2824 547 2837 ·
566 2811 636 2851 cum
654 2789 733 2850 edita
751 2800 870 2871 pectore
891 2791 996 2851 euolat.

882 2954 950 3049 Ep.
975 2898 1033 3023 It

330 3071 494 3155 Cognitum
517 3071 671 3135 habuerim
693 3109 709 3121 -
727 3072 835 3155 dignit.
854 3072 957 3133 haberi
977 3108 994 3120 -
1014 3078 1098 3151 cujus
1117 3073 1160 3131 rei
1181 3070 1267 3132 lubet
1286 3104 1302 3119 -
1321 3091 1418 3152 neque
1443 3092 1477 3133 ex
1498 3072 1617 3133 lortnna
1636 3106 1652 3121 ·

246 3168 354 3229 defessi
370 3181 442 3229 sunt
459 3207 476 3217 -
499 3191 525 3230 a.
543 3170 668 3253 indigna
684 3173 791 3231 uirtute
807 3182 856 3230 tna
876 3172 987 3251 cogitas
1007 3202 1024 3216 -
1045 3171 1127 3249 queri
1145 3170 1305 3249 quicquam
1324 3170 1453 3229 audeant
1466 3204 1482 3216 -
1503 3174 1531 3231 ὅ.
1545 3172 1578 3229 ἰιι
1591 3189 1652 3230 ser-

243 3265 374 3323 vitutem
393 3299 410 3309 -
429 3269 546 3326 tametsi
566 3277 652 3326 antea
670 3300 687 3313 -
700 3267 801 3326 lubet:
822 3268 990 3326 innocentis
1009 3300 1026 3311 -
1045 3263 1202 3325 secordia·
1222 3278 1250 3337 a.
1265 3266 1298 3323 L.
1312 3266 1395 3324 Sulla
1414 3300 1430 3312 -
1448 3268 1539 3345 partis
1556 3285 1622 3325 suas
1635 3300 1652 3312 ·

243 3359 411 3419 AHercule
427 3360 573 3421 Catonem
593 3398 609 3409 -
629 3384 693 3423 non
711 3367 818 3437 luctus,
835 3364 960 3444 gemitus
967 3403 977 3436 ,
996 3364 1146 3437 virorum,
1170 3364 1328 3421 mulierum
1349 3396 1365 3409 -
1386 3363 1602 3423 malefaciundo
1623 3376 1653 3423 et

245 3455 384 3515 dicundo
402 3490 421 3503 -
445 3458 472 3516 5.
493 3460 526 3516 in
545 3461 634 3519 armis
653 3471 706 3518 aut
720 3462 753 3518 in
773 3461 880 3517 militia
892 3460 988 3517 -artis
1007 3460 1141 3537 vitasque
1155 3492 1171 3503 -
1185 3458 1286 3538 plebes
1310 3458 1338 3517 6.
1360 3480 1421 3540 quo
1442 3480 1506 3519 mea
1523 3479 1567 3519 rcs
1584 3481 1652 3542 age-

245 3562 301 3610 tur
319 3586 335 3597 -
354 3553 489 3612 secordise
506 3588 524 3601 -
542 3566 675 3613 auctores
696 3557 818 3614 luerunt
857 3588 874 3601 ·
914 3578 942 3636 7.
962 3553 1040 3613 host.
1064 3555 1129 3615 adr.
1149 3553 1313 3635 deprimere
1332 3590 1349 3601 -
1365 3568 1503 3615 renovata
1522 3556 1606 3635 plebs
1634 3588 1653 3604 -

246 3649 343 3706 anim.
364 3661 494 3709 exerccto
513 3685 530 3695 -
549 3664 601 3710 aut
618 3652 789 3711 substuleris
808 3684 825 3696 -
844 3670 889 3709 res
903 3653 1007 3710 referet
1026 3686 1042 3696 -
1061 3638 1235 3710 succumbat
1255 3672 1315 3709 uria
1334 3652 1452 3711 ardua·
1471 3652 1555 3712 lubet
1566 3687 1583 3699 -
1601 3660 1653 3731 ju-

245 3743 364 3803 dicium
381 3748 417 3804 fit
435 3781 452 3792 -
471 3748 500 3806 8.
520 3746 601 3805 hand
621 3746 697 3805 mihi
712 3746 837 3805 absurde
867 3780 884 3790 -
913 3746 1041 3807 Graccus
1060 3782 1077 3795 -
1097 3752 1201 3827 Itaque
1224 3761 1391 3828 coaequatur
1420 3784 1436 3796 -
1462 3752 1568 3809 inertia
1588 3762 1654 3809 stu-

243 3859 308 3921 por
325 3874 341 3885 -
365 3842 512 3901 10.Nunc
531 3846 674 3921 quoniam
694 3877 710 3888 -
730 3845 809 3902 civit.
824 3853 853 3901 et
865 3844 1000 3901 nationes
1022 3877 1037 3887 -
1058 3844 1141 3922 plebs
1160 3878 1177 3889 -
1196 3847 1287 3925 patris
1305 3880 1321 3892 -
1338 3859 1442 3907 contra
1458 3845 1551 3907 hostis
1570 3868 1653 3907 -so-

244 3935 352 3994 cordia
371 3972 387 3983 -
406 3941 546 4018 pleraque
564 3940 665 3997 insilia
684 3941 762 3997 -ita
783 3941 816 3999 in
835 3943 952 4000 occulto
973 3974 989 3985 -
1008 3940 1135 4000 dubium
1154 3953 1197 4001 est
1218 3978 1234 3988 -
1262 3964 1336 4023 resp.
1352 3943 1502 4021 adjutctur
1521 3978 1537 3989 ·
1556 3962 1653 4008 aecor·

244 4030 332 4089 diam
351 4064 368 4076 -
390 4033 536 4091 insomnis
555 4069 571 4079 -
590 4034 683 4093 bonas
700 4037 771 4096 artis
790 4070 806 4081 ·
826 4039 989 4117 pergentis
1010 4039 1109 4097 omnis
1130 4073 1146 4085 -
1166 4026 1323 4098 utilissima
1340 4042 1429 4099 lactu.

244 4194 253 4201 ’
349 4200 549 4275 Ex'Codd.
572 4202 784 4288 Vaticanis,
810 4205 877 4306 qui
904 4206 1095 4311 integrum
1125 4211 1330 4285 Catilinam
1359 4226 1398 4285 et
1421 4209 1651 4315 Jugurtham

243 4313 469 4407 continent,
493 4342 557 4393 sex
575 4318 748 4437 meliores
767 4322 981 4398 accuratius
994 4324 1206 4403 examinavi
1220 4342 1258 4405 et
1275 4326 1453 4405 lectiones
1469 4343 1651 4432 praestan-
