4050 5009
1577 406 1628 481 63

216 604 366 700 publica
382 630 442 674 res
456 604 506 674 sit
520 604 645 675 Vettio.
665 626 694 669 a.
715 622 886 671 exerrare
900 598 1394 687 librariorumsatisvulgato,
1414 599 1509 665 idem
1524 598 1633 669 libers
1743 609 1751 622 ·

213 740 293 804 poa
309 724 346 781 et
362 710 566 801 composita
585 706 856 803 intelliguntur.
879 706 1041 799 intelligi
1064 727 1136 772 non
1163 714 1296 771 tantum
1314 714 1366 773 est
1390 704 1533 792 haberi,
1554 728 1636 771 nam

216 820 438 889 hauddubie
467 818 577 900 major
603 838 683 905 pars
711 818 826 904 plebis
845 820 922 904 Jroc
948 836 1066 883 errore
1103 814 1300 899 tenebatur,
1328 816 1389 879 sed
1407 814 1484 877 ’hoc
1510 814 1635 897 querit

180 978 189 991 .
218 936 356 1006 orator,
374 948 461 991 num
476 948 516 991 re
533 924 738 1013 diligentius
757 922 950 989 examinata
970 931 1007 987 at
1035 940 1222 1007 perpensa,
1240 922 1315 985 hac
1341 923 1459 985 eadem
1484 940 1557 985 esse
1573 921 1634 1001 ju·

218 1034 367 1099 dioaturi
381 1032 476 1099 sint?
496 1032 545 1095 ita
565 1052 620 1116 ep.
637 1030 731 1095 Plin.
745 1030 791 1092 H.
812 1032 852 1097 N.
880 1030 929 1091 28.
947 1045 978 1105 4.
998 1026 1261 1102 saluberrimum
1287 1026 1504 1113 intelligitur.
1528 1036 1563 1091 et
1584 1028 1635 1093 ³⁵.

220 1160 273 1220 ¹⁰5
295 1161 336 1205 ea
349 1159 404 1205 res
420 1136 612 1203 ‘concitavit
635 1133 796 1199 Rhodios
816 1134 861 1197 ad
880 1132 1153 1219 intelligendum
1168 1131 1348 1198 artificem.
1363 1130 1636 1199 turbamenturn

218 1244 348 1309 iterum
370 1266 426 1329 ap.
445 1242 606 1306 Tacitum
624 1240 773 1305 occurrit
794 1240 882 1303 Hist.
898 1240 925 1303 1.
946 1242 1007 1318 ³23
1029 1259 1176 1322 quaque
1194 1238 1264 1303 alia
1284 1240 1499 1303 turbamenta
1517 1238 1636 1325 vulgi;

220 1356 372 1414 ceterum
384 1348 531 1411 multum
541 1345 707 1429 ponderis
721 1344 761 1409 in
777 1345 832 1411 his
849 1344 1092 1439 substantivis,
1110 1341 1410 1429 incitamentum,
1427 1344 1637 1410 dehonesta-

219 1460 398 1535 mentum,
425 1450 682 1515 irritamentum
709 1459 773 1515 etc.
800 1471 907 1535 quare
938 1455 1095 1515 adamata
1126 1459 1207 1515 sunt
1239 1450 1400 1515 Salustio.
1429 1448 1638 1533 exitia-quae

219 1557 362 1625 exitium
378 1551 544 1637 afferunt,
572 1556 719 1641 pluralis
747 1556 853 1622 etiam
872 1558 965 1643 apud
984 1556 1185 1622 Ciceronem
1206 1576 1271 1641 pro
1289 1557 1473 1623 Milonea.
1489 1567 1524 1623 et
1541 1558 1636 1645 virg.
1749 1552 1757 1571 ’

218 1664 341 1746 Aean.
349 1670 404 1742 23,
419 1659 755 1767 suimetsanguinis
768 1663 930 1728 mercede
941 1658 1493 1731 circumveniundam-summa
1501 1672 1637 1730 senten

219 1774 276 1836 tia
297 1769 349 1835 vis
371 1780 474 1854 atque
502 1770 710 1855 acrimonia,
737 1790 814 1852 quae
842 1769 1060 1855 ‘Iiruoydidis
1084 1739 1332 1855 ἕνθνμημτθν
1358 1772 1539 1849 admonet,
1568 1769 1636 1833 hoc

220 1876 316 1943 enim
332 1876 438 1941 inest.
465 1878 615 1964 populus
641 1880 819 1943 Romanus
839 1878 972 1941 nullam
990 1898 1056 1964 pro
1079 1877 1240 1943 libertate
1257 1877 1382 1941 amissa
1400 1875 1526 1961 accipit
1545 1894 1636 1941 mer-

220 1985 355 2068 cedem,
382 1986 443 2049 sed
469 1983 612 2070 insuper
647 2004 711 2069 pro
745 1985 967 2049 dominorum
989 1984 1138 2070 imperio
1160 1982 1367 2070 sanguinem
1391 1976 1552 2049 effundit.
1573 1981 1636 2046 cir.

218 2091 298 2151 Tac.
313 2088 426 2173 Agris.
441 2094 492 2153 30.
511 2091 711 2165 ,Britannia
722 2092 920 2156 servitutem
936 2111 1032 2155 suam
1040 2090 1198 2173 quotidie
1213 2090 1315 2171 emit,
1329 2089 1487 2171 quotidie
1499 2092 1638 2172 pascit)

220 2186 390 2274 privatas
409 2210 492 2270 opes
501 2190 651 2277 secere,
671 2196 779 2255 dictio
797 2196 945 2257 salustio
964 2196 1125 2276 propria,
1145 2202 1286 2254 auctore
1301 2194 1439 2253 Seneca.
1457 2194 1543 2271 Epp.
1567 2201 1637 2262 114.

224 2294 286 2377 qui
297 2300 454 2383 argento
470 2288 779 2383 exercitumfecit
797 2299 830 2355 et
840 2288 981 2379 sugam
1001 2288 1141 2356 nostris
1152 2288 1283 2375 fecere
1295 2292 1424 2353 laudat.
1441 2290 1501 2353 cir.
1514 2290 1637 2371 Vellei.

224 2420 336 2481 a.109.
356 2399 679 2463 Tac.Annal.6.13.
701 2398 771 2461 Cic.
786 2398 825 2460 in
841 2400 938 2462 Verr.
949 2398 992 2459 11.
1011 2399 1051 2475 63
1069 2416 1134 2479 pro
1151 2394 1287 2459 Casina
1305 2414 1354 2457 ιι.
1370 2397 1445 2459 haec'
1457 2411 1498 2461 er
1516 2399 1636 2463 Graeco

222 2524 393 2593 expressa3
414 2512 564 2570 ceterum
584 2504 623 2568 in
649 2503 785 2569 duobus
810 2500 987 2569 Vaticanis
1012 2498 1067 2564 ad
1083 2494 1346 2583 rempublicam
1372 2508 1441 2565 etc.
1460 2523 1564 2584 quem
1582 2522 1637 2567 er·

221 2632 449 2698 roremsupra
464 2610 675 2691 notavimus3
689 2618 853 2695 preterea
871 2606 979 2675 Vatis.
999 2631 1028 2672 1.
1050 2602 1637 2697 benejusantibus-dr's’is.-du·

222 2740 298 2785 cem
315 2726 352 2783 et
365 2726 554 2784 auctorem
575 2713 788 2801 sequimini,
808 2714 959 2780 formula
971 2712 1181 2779 evocationis
1191 2713 1229 2777 in
1240 2736 1278 2779 re
1290 2714 1423 2799 trepida
1433 2717 1637 2801 repentino·

222 2843 291 2905 que
302 2826 463 2907 tumultu,
481 2824 617 2887 consuli
632 2823 704 2889 fere
717 2823 879 2908 propriae
899 2825 992 2886 Cort.
1003 2819 1063 2884 cir.
1076 2821 1151 2886 Liv.
1166 2824 1311 2887 XXXIV.
1324 2824 1382 2897 253
1404 2822 1640 2906 etinterprett.

224 2932 271 2991 ad
293 2928 364 2993 Cic.
381 2938 459 3011 post
476 2930 590 2993 Redit.
609 2928 647 2990 in
675 2930 753 2991 Sen.
775 2918 802 2988 c}
830 2948 860 3005 9.
879 2936 913 2987 et
936 2926 1087 2985 Brissou.
1105 2927 1149 2981 de
1171 2926 1284 2982 Form.
1306 2923 1350 2982 11.
1374 2944 1409 3003 p.
1430 2939 1507 3001 2¹43
1535 2928 1641 2987 ηε..

234 3032 339 3094 Tunc
357 3049 438 3093 vero
458 3037 493 3089 et
509 3026 620 3109 posci
640 3032 707 3087 etc.
737 3028 842 3085 Recte
861 3023 963 3084 Debr.
981 3021 1169 3107 judicavit,
1191 3025 1259 3088 hoc
1278 3026 1323 3087 ad
1342 3026 1475 3091 bellum
1498 3027 1600 3094 civile
1619 3049 1641 3093 a

95 3181 102 3194 .
226 3132 360 3217 Lepido
380 3139 539 3218 paratum
558 3128 743 3213 pertinere.
760 3148 870 3208 -17.-
890 3121 1089 3193 Curionem
1108 3125 1272 3211 quaesivit
1289 3139 1351 3194 etc.
1371 3133 1643 3202 adulescentior

227 3247 264 3306 et
283 3260 308 3304 a
324 3233 462 3323 populi
484 3230 676 3325 suffragiis
702 3230 845 3323 integer
872 3230 912 3295 in
939 3230 1049 3295 veteri
1074 3231 1246 3298 Prisciani
1266 3237 1454 3320 exemplari
1473 3240 1641 3324 scriptum

228 3366 318 3428 esse,
334 3344 427 3411 testis
439 3352 489 3408 est
507 3344 667 3421 colenus,
687 3334 879 3431 suffragiis
892 3336 1035 3429 integer
1050 3342 1168 3404 Douza
1188 3341 1350 3427 explicat,
1368 3342 1453 3426 ..qui
1467 3344 1641 3408 honorum

229 3452 333 3518 adid
356 3460 489 3536 tempus
517 3448 697 3535 petitionis
719 3468 853 3533 expers,
873 3468 935 3532 per
958 3446 1178 3511 immaturam
1204 3457 1340 3513 aetatem
1363 3450 1645 3535 prensationibus
1718 3506 1722 3513 ,

229 3557 381 3645 publicis
400 3556 642 3622 abstinuerat.”
669 3556 736 3619 Sed
756 3555 848 3619 idem
872 3554 1142 3638 sequentianno
1166 3556 1287 3619 consul
1309 3555 1394 3634 futu
1416 3558 1543 3623 rectius
1561 3558 1640 3625 alii:

232 3667 389 3729 nondum
405 3672 559 3746 expertus
582 3663 643 3728 cfr.
663 3662 734 3726 Cic.
753 3667 793 3726 N.
810 3664 853 3725 D.
864 3667 895 3727 3.
915 3666 945 3725 3.
968 3663 1089 3725 rudem
1108 3682 1164 3724 me
1178 3660 1387 3745 discipulum
1412 3674 1445 3729 et
1465 3666 1639 3752 integrum

232 3771 360 3855 accipe.
384 3764 546 3852 quoesivit
563 3768 623 3832 cir.
640 3770 726 3835 Fest.
742 3788 768 3830 s.
782 3789 814 3831 v.
836 3788 976 3851 quoeso:
1006 3786 1143 3848 ..quaeso
1168 3777 1206 3830 ut
1225 3768 1319 3833 idem
1338 3770 1524 3859 significat,
1545 3775 1639 3859 quod

233 3897 336 3963 rogo,
357 3875 405 3939 ita
420 3892 569 3957 quaesere
585 3875 727 3959 ponitur
741 3876 834 3959 apud
850 3874 1010 3955 antiquos
1021 3894 1084 3957 pro
1096 3885 1280 3956 quarere.»
1290 3878 1357 3942 Sed
1370 3880 1560 3965 perfectum
1573 3884 1639 3947 hac

234 3982 488 4067 significatione
510 4000 581 4043 non
601 3980 776 4066 usitatum,
794 3982 861 4044 hoc
875 3981 1105 4067 fragmentum
1119 3981 1338 4047 referendum
1357 3996 1407 4049 est
1431 3990 1475 4051 ad
1498 3984 1639 4051 comitia

237 4087 446 4172 consularia,
465 4086 649 4171 inquibus
667 4090 876 4155 Mamercum
894 4096 1037 4172 propter
1053 4087 1284 4173 suspicionem
1298 4091 1448 4157 avaritia
1467 4093 1640 4174 repulsam

235 4194 372 4269 tulisse,
393 4215 495 4279 supra
514 4192 740 4285 memoratum
762 4206 822 4262 est.
842 4194 963 4281 Curio,
989 4194 1052 4279 qui
1072 4216 1165 4261 anno
1184 4207 1263 4283 post
1283 4198 1402 4263 consul
1425 4205 1556 4259 creatus
1573 4201 1642 4281 est,

237 4300 342 4389 Appii
352 4302 489 4367 Claudii
506 4302 699 4393 interregis,
714 4307 832 4392 credo,
851 4302 1012 4390 precihus
1027 4314 1202 4389 permotus
1217 4313 1340 4389 sponte
1356 4302 1526 4387 petitione
1537 4297 1665 4369 desti-i
