4050 5009
1604 421 1680 497 ²¹9

309 595 342 664 J.
356 608 407 675 ιγ.
427 593 549 659 darent
568 609 709 678 operam
730 593 821 658 Coss.
843 610 888 659 ne
907 591 943 656 G.
960 607 1008 678 ²9·
1030 591 1201 658 delectum
1213 577 1372 653 'imunt
1392 591 1443 654 3ο.
1464 607 1493 652 a
1514 585 1675 662 norma

311 699 361 773 dt.
382 699 432 761 6ι.
452 700 497 762 H.
517 697 586 763 inc.
608 719 655 784 ¹7·
678 699 890 765 consulares
910 699 944 760 C.
968 701 1018 762 ai.
1039 701 1090 762 33.
1111 718 1139 762 c.
1160 695 1347 782 imperium
1368 696 1419 760 63.
1438 697 1675 762 consulatum

309 811 426 888 petere
448 806 497 867 ι6.
518 805 684 868 mandare
703 803 817 868 alicui.
833 808 883 867 ι3.
904 811 934 868 J.
958 811 1006 888 73.
1038 823 1157 890 gerere
1177 805 1229 868 33.
1255 807 1415 886 appetere
1435 802 1486 868 63.
1507 802 1676 869 nobilitas

309 907 401 974 inter
418 929 456 974 se
474 930 538 995 per
557 929 698 974 manum
726 907 831 972 tradit
860 909 945 970 ibid.
972 929 1000 971 c.
1028 929 1070 972 er
1088 909 1189 974 victis
1209 907 1322 994 spolia
1348 927 1468 992 erpere
1488 909 1539 987 84.
1559 927 1602 973 ex
1620 927 1675 972 ra-

307 1013 404 1099 pinis
422 1015 570 1100 adipisci
581 1017 625 1078 Η.
642 1016 669 1078 1.
686 1035 734 1094 ¹9·
754 1031 774 1076 a
793 1010 969 1097 principio
990 1031 1083 1076 cons.
1095 1013 1151 1076 sui
1169 1015 1205 1074 c.
1218 1037 1266 1077 ιο.
1287 1012 1409 1099 ingens
1428 1013 1556 1098 cupido
1577 1015 1608 1081 3.
1622 1015 1674 1077 63.

269 1115 467 1184 Consulere
485 1140 602 1206 regno,
613 1123 646 1182 3.
671 1119 718 1192 rt.
750 1119 794 1182 de
814 1117 964 1203 negotiis
983 1117 1224 1182 communibus
1247 1123 1315 1184 105.
1336 1123 1380 1183 de
1402 1139 1508 1184 uxore
1527 1121 1575 1204 93
1604 1118 1674 1185 eibi

308 1223 456 1306 quisque
476 1245 541 1308 pro
562 1223 789 1320 moribustitl.
823 1222 914 1286 male
935 1223 969 1284 C.
993 1227 1044 1285 51.
1070 1223 1271 1307 reipublice
1285 1223 1386 1303 jnxta
1404 1243 1445 1289 ac
1464 1225 1533 1288 sibi
1553 1229 1603 1305 37.
1630 1227 1678 1290 dc

308 1329 459 1394 Rhodiis
480 1335 530 1398 tr.
565 1329 721 1394 consulto
753 1345 840 1412 opus
870 1335 927 1391 est.
958 1349 985 1392 ι.
1020 1330 1217 1393 consultum
1237 1330 1407 1396 ambobus
1424 1329 1517 1396 velle
1546 1331 1578 1394 3.
1604 1347 1673 1396 ιιι.

306 1439 443 1499 senatus
463 1435 639 1500 consultus
659 1441 712 1498 est
739 1441 787 1498 ιι.
811 1436 859 1497 35.
889 1452 914 1496 ι.
935 1435 979 1496 dc
998 1435 1188 1518 provinciis
1207 1457 1238 1499 e.
1258 1439 1310 1500 6ι.
1331 1456 1357 1500 ι.
1378 1438 1423 1502 de
1442 1434 1571 1502 foedere
1590 1455 1673 1502 oon-

305 1538 418 1604 sulere
436 1545 487 1621 39.
507 1559 615 1603 manu
636 1540 816 1604 consulere
837 1539 1009 1603 militibus
1030 1545 1081 1622 98.
1102 1541 1264 1624 privatim
1286 1542 1376 1606 mibi
1396 1543 1441 1604 H.
1462 1543 1523 1609 111.
1547 1563 1594 1606 ιι.
1624 1529 1676 1606 sii

305 1643 345 1706 bi
365 1665 542 1731 regnoque
569 1646 600 1708 J.
622 1645 669 1708 63.
699 1645 837 1731 gravius
857 1643 896 1708 in
916 1665 995 1709 eum
1019 1652 1066 1711 ι3.
1098 1647 1261 1732 dignitati
1282 1647 1393 1734 magis
1411 1667 1516 1730 qnam
1535 1645 1598 1714 ira
1618 1649 1670 1715 33.

305 1749 441 1814 animus
467 1751 507 1817 in
535 1751 747 1816 consulendo
767 1749 860 1815 liber
886 1751 925 1814 c.
947 1753 997 1816 3ι.
1028 1752 1242 1818 consultore
1262 1752 1463 1838 reipublicae
1484 1756 1514 1817 6.
1541 1753 1585 1817 de
1609 1768 1671 1818 're-

303 1855 369 1919 bus
386 1855 504 1922 dubiis
524 1857 574 1920 62.
605 1855 645 1920 in
666 1856 820 1920 medium
839 1858 883 1920 Η.
906 1858 961 1923 tv.
987 1860 1034 1926 16.
1067 1860 1224 1924 consulta
1251 1868 1286 1924 et
1305 1859 1489 1925 decretal.
1514 1879 1561 1929 ιι.
1595 1877 1670 1922 non

303 1959 392 2026 bene
402 1961 560 2028 consulta
572 1983 622 2042 9ι.
634 1962 791 2026 consulta
807 1961 924 2027 omnia
938 1985 1017 2028 cum
1029 1963 1095 2028 illo
1106 1965 1241 2051 integra
1254 1965 1383 2030 babere
1400 1965 1469 2028 ιο8.
1483 1963 1574 2028 facta
1586 1984 1670 2028 con·

299 2067 457 2148 cultaque
488 2067 533 2128 Η.
564 2069 626 2128 ΙΙΙ.
660 2073 709 2130 3ι.
740 2066 1075 2150 consultationibus
1100 2071 1326 2154 prolatandis.
1354 2072 1525 2134 consulto
1553 2069 1670 2133 lenius

302 2187 404 2254 agere
422 2177 451 2234 J.
465 2173 514 2232 60.
537 2189 566 2232 c.
589 2169 680 2232 trabi
701 2173 744 2232 ab
766 2171 972 2256 imperatore
994 2177 1043 2245 tit.
1066 2177 1259 2238 consultor
1277 2163 1370 2236 idem
1390 2179 1424 2235 et
1444 2171 1558 2234 socius
1575 2170 1669 2254 peri·
1698 2197 1701 2203 ·

302 2273 375 2336 culi
396 2275 444 2338 83.
467 2293 597 2338 norum
617 2275 848 2340 consultorem
868 2276 1067 2362 exspectatis
1086 2279 1130 2338 H.
1152 2279 1212 2344 111.
1234 2294 1284 2339 ιι.
1305 2294 1411 2360 prava
1430 2273 1569 2358 incepta
1585 2293 1668 2338 oon·

301 2379 491 2444 cultoribus
511 2399 610 2446 noxa
629 2399 701 2446 esse
721 2383 764 2446 Η.
777 2383 804 2446 I.
818 2403 865 2465 ¹9·
886 2383 1052 2468 cupidine
1071 2389 1174 2465 atque
1194 2381 1262 2458 ira,
1283 2380 1441 2466 pessimis
1460 2378 1667 2445 comultcri·
1719 2461 1725 2468 ⁴

298 2481 363 2548 bns
384 2488 434 2560 64.
454 2485 569 2550 fautor
588 2485 833 2571 consultorque
853 2488 922 2552 sibi
944 2487 1035 2552 adsit
1058 2495 1125 2554 roi.

259 2587 497 2680 Consumere,
518 2611 638 2676 rapere
658 2596 696 2658 c.
721 2610 768 2658 ιι.
791 2613 878 2677 quos
898 2595 1039 2658 fortuna
1057 2571 1203 2659 bdti'n.
1223 2596 1251 2656 Ι.
1271 2594 1319 2659 ι3.
1340 2611 1423 2677 opes
1442 2598 1477 2656 et
1495 2608 1573 2677 spes
1591 2589 1666 2674 pri·
1801 2619 1804 2626 ·

296 2706 411 2778 ratas,
430 2698 535 2762 fidem
550 2700 610 2762 111.
631 2719 677 2763 ιι.
698 2701 808 2764 multa
827 2701 984 2766 oratione
1004 2710 1183 2766 consumta
1201 2701 1233 2765 J.
1250 2701 1301 2764 ι3.
1322 2698 1442 2764 multis
1459 2697 1583 2764 dicbus
1602 2714 1666 2782 per

298 2801 552 2867 dubitationem
572 2823 600 2868 c.
621 2806 671 2865 6ι.
692 2805 812 2866 multis
832 2807 954 2868 diebus
974 2813 1007 2868 et
1027 2806 1208 2869 laboribus
1226 2811 1278 2884 93.

261 2905 456 2970 Contactu.
485 2904 627 2968 licentia
654 2907 822 2970 scelerum
847 2907 948 2986 quasi
973 2907 1086 2994 rabies
1105 2910 1149 2968 ad
1170 2906 1323 2988 integros
1345 2922 1373 2966 e.
1392 2905 1552 2990 procedit
1569 2905 1615 2971 Η.
1636 2905 1663 2970 1.

302 3005 543 3098 19.rontagio
564 3007 664 3089 quasi
682 3007 881 3093 pestilentia
901 3009 1036 3071 invasit.
1058 3011 1094 3070 c.
1121 3029 1169 3072 ιο.

259 3116 474 3182 contemtor
486 3112 624 3178 animus
638 3114 670 3176 J.
686 3115 737 3188 64.
757 3131 860 3196 quam
875 3111 1080 3178 formidatus
1099 3123 1149 3178 est
1168 3121 1239 3179 tarn
1259 3119 1498 3178 contemnetur
1510 3114 1595 3181 Η.Ι.
1611 3117 1660 3179 si.

257 3221 486 3290 Contendere
516 3239 594 3283 oum
623 3218 816 3299 majoribus
845 3219 1019 3304 probitate
1046 3228 1078 3284 3.
1099 3236 1130 3296 t.
1162 3243 1193 3284 c.
1213 3218 1412 3307 legionibus
1431 3239 1537 3303 parva
1555 3216 1662 3282 manu

258 3349 261 3362 ¹
296 3332 330 3391 0.
348 3327 399 3390 33.
423 3325 516 3392 dolia
534 3333 638 3408 atque
656 3323 806 3390 fallaciis
829 3347 874 3389 ιι.
904 3324 943 3388 in
965 3333 1071 3390 castra
1091 3329 1142 3392 36.
1163 3346 1268 3408 quam
1289 3323 1458 3390 maxumis
1477 3323 1661 3391 itineribus

294 3434 340 3496 H.
360 3434 418 3496 IV.
443 3455 491 3496 ιι.
523 3427 712 3497 contentio
739 3438 770 3495 3.
793 3433 821 3498 3.
850 3451 892 3520 en
912 3451 973 3496 sua
993 3435 1216 3502 contentione
1236 3431 1361 3497 seditio
1383 3430 1535 3495 oriretur
1554 3431 1588 3492 G
1607 3431 1658 3504 bt.

297 3536 531 3602 contentionis
549 3541 673 3603 modus
695 3544 769 3602 erat
790 3539 838 3619 ⁵9·
1294 3526 1297 3533 ’

258 3644 453 3711 conterere
472 3645 603 3707 bonum
624 3645 735 3709 otium
754 3646 790 3706 C.
811 3658 841 3719 t.

257 3747 450 3816 Conticuit
469 3749 622 3814 animum
644 3771 665 3815 a
684 3749 844 3814 lubidine
863 3750 895 3811 3.
913 3749 960 3812 ι5.
980 3739 1210 3812 continentia
1231 3741 1378 3810 libidini
1394 3747 1552 3832 opposita
1571 3749 1607 3818 G.
1626 3771 1655 3814 ι.

251 3841 258 3852 ’
295 3849 517 3923 continuare
544 3855 646 3921 binas
669 3863 729 3920 aut
759 3853 907 3940 amplius
936 3857 1059 3918 domus
1076 3854 1126 3938 ⁸tl.
1154 3869 1204 3922 ιο.
1230 3851 1465 3939 magistratum
1494 3855 1656 3921 niteban-

293 3971 350 4026 tur
368 3969 398 4027 3.
418 3968 470 4044 37.
1524 4013 1534 4026 .

256 4066 399 4133 Contra
419 4069 562 4156 (prop.)
585 4073 741 4132 naturam
761 4071 798 4134 C.
820 4093 848 4134 ι.
877 4065 1062 4153 imperium
1084 4071 1132 4132 ia.
1153 4065 1329 4151 inceptum
1348 4083 1449 4130 suurn
1467 4063 1653 4130 venissest

297 4175 346 4238 ι3.
368 4173 527 4239 timorem
549 4173 659 4239 animi
682 4197 729 4238 ιο.
750 4184 868 4240 contra
888 4173 1034 4254 injurias
1053 4172 1178 4236 armati
1194 4172 1279 4238 eatis
1289 4177 1340 4237 3ι.
1359 4179 1479 4236 contra
1499 4165 1654 4251 pericula

293 4287 328 4346 et
354 4279 497 4346 insidias
523 4279 738 4370 firmissimus
767 4283 817 4347 ι8.
847 4280 907 4347 cfr.
928 4284 979 4346 80.
1015 4301 1043 4344 c.
1065 4282 1170 4346 decus
1189 4278 1321 4365 regium
1342 4282 1394 4343 33.
1414 4297 1464 4358 7²·
1494 4294 1523 4338 c.
1540 4269 1598 4350 jus
1618 4277 1653 4338 et

1328 4389 1353 4436 ιι
