4050 5009
1548 385 1596 474 55

200 628 284 676 rum
300 627 548 706 magnacum
570 599 767 707 diligentia
792 596 977 686 consecti,
1002 596 1144 699 quibos
1162 623 1207 670 ea
1233 595 1496 685 illustrantur,
1519 619 1608 696 quus

199 718 239 791 in
265 719 587 794 commentatione
613 718 661 792 de
691 717 921 818 scriptorum
947 715 1119 788 oratione
1152 713 1319 815 exposita
1343 729 1452 805 sunt;
1484 712 1536 785 ita
1557 725 1604 785 ut

199 859 326 908 omnes
354 859 461 908 voces
487 851 602 935 atque
623 833 806 907 dictiones
826 830 1020 934 scriptori,
1042 855 1158 932 quem
1182 845 1343 919 tractas,
1369 827 1541 932 proprias
1562 826 1605 902 in

198 946 323 1022 iudice
344 965 519 1022 accurate
541 948 698 1053 digestas
719 947 898 1021 invenias.

295 1062 596 1138 Grammaticam
626 1061 978 1165 interpretationem
1010 1057 1190 1134 historica
1219 1062 1403 1162 seqnitur.
1448 1061 1505 1133 Ea
1525 1083 1607 1136 non

195 1177 319 1252 solum
339 1178 388 1252 ad
408 1177 623 1267 historiam,
648 1205 733 1280 quae
752 1178 906 1281 proprie
927 1177 1087 1264 dicitur,
1102 1175 1298 1250 referenda
1320 1191 1396 1263 est,
1409 1174 1474 1250 sed
1492 1174 1608 1248 etiam

196 1294 245 1367 ad
265 1293 486 1368 fabularum
497 1295 778 1368 enarrationem
805 1291 1125 1395 (mythologiam)
1147 1308 1328 1394 praeterea
1349 1290 1397 1365 ad
1418 1288 1512 1393 juris
1534 1316 1608 1394 pu·

194 1407 286 1482 blici
310 1409 525 1510 privatique
548 1409 643 1514 leges
671 1424 708 1482 et
732 1407 930 1496 instituta,
962 1408 1017 1482 rei
1041 1406 1217 1479 militaris
1248 1407 1452 1493 rationem,
1477 1431 1607 1482 rerum

194 1522 439 1626 publicarum
459 1523 621 1597 formam
642 1540 856 1624 ceterasque
879 1537 975 1596 artes
1006 1523 1196 1625 pertinet,
1219 1547 1345 1624 quaea
1370 1521 1513 1595 Graecis
1532 1523 1606 1596 Ro·

194 1639 392 1740 manisque
410 1638 645 1712 colebantur.
683 1641 824 1711 Totum
844 1637 960 1741 igitur
980 1636 1277 1738 antiquitatum,
1303 1663 1389 1738 quae
1410 1637 1610 1727 dicuntur,

195 1753 326 1827 orbem
339 1753 613 1857 complectitur.
649 1739 745 1850 Quae
764 1779 854 1826 cum
876 1769 914 1826 et
934 1753 1027 1826 alias
1050 1779 1072 1826 a
1092 1751 1295 1857 philologis
1316 1753 1504 1828 illustrata
1524 1753 1607 1828 fue·

194 1867 292 1957 rint,
320 1885 403 1942 tum
424 1867 498 1943 hoc
519 1885 687 1971 tempore
714 1868 890 1970 inprimis
910 1865 969 1942 his
996 1867 1132 1941 studiis
1154 1895 1309 1971 operam
1330 1895 1469 1943 navare
1488 1868 1608 1957 dccet,

195 1983 379 2079 Quamvis
398 1984 502 2058 enim
523 2009 652 2058 omues
674 1983 786 2057 officii
803 1999 926 2085 partes
946 1982 1218 2086 interpretibus
1231 1983 1495 2087 suscipiendae,
1513 2001 1552 2059 et
1573 1983 1605 2060 si

196 2099 354 2200 quidem
368 2099 448 2174 lieri
465 2115 600 2203 potest,
626 2098 829 2202 implenda¹
850 2115 960 2187 sunt,
987 2115 1114 2174 tamen
1128 2101 1254 2174 nescio
1272 2125 1322 2173 an
1344 2098 1421 2172 alio
1437 2115 1606 2202 tempore

195 2213 269 2287 alia
294 2243 373 2317 prae
394 2216 523 2290 ceteris
549 2232 709 2288 tractate
731 2230 847 2316 atque
869 2213 1059 2288 illustrare
1079 2217 1290 2290 conveniat.
1314 2217 1411 2288 Nam
1425 2215 1510 2318 jure
1527 2241 1606 2290 me-

195 2329 347 2430 ritoque
368 2334 413 2406 V.
437 2331 490 2405 Cl.
517 2328 707 2416 Niebuhr,
740 2329 787 2403 de
816 2328 1028 2402 multorum
1053 2329 1338 2436 philologorum
1365 2331 1606 2433 peruersitate

194 2461 349 2546 questus
378 2473 452 2520 esse
473 2447 643 2534 videtur,
668 2445 774 2547 quod
801 2443 968 2520 historioe
999 2447 1169 2547 antiquae
1195 2449 1490 2536 enarrationem,
1517 2473 1607 2550 pro·

194 2561 321 2661 priam
337 2561 493 2636 illorum
513 2561 768 2666 provinciam,
784 2561 859 2634 sive
873 2561 1128 2664 neglexerint,
1144 2561 1220 2636 sive
1231 2563 1346 2665 plane
1361 2563 1606 2637 deseruerint.

196 2675 294 2750 Sunt
314 2678 418 2750 enim
438 2673 664 2780 non'pauci,
694 2678 761 2779 qui
784 2676 996 2781 philologos
1013 2677 1169 2751 nonnisi
1201 2695 1401 2780 poetarum
1425 2678 1607 2752 carmini·

195 2790 266 2864 bus
307 2792 601 2894 interpretandis
634 2819 822 2866 summam
859 2791 1012 2866 laudem
1044 2793 1189 2894 assequi
1217 2819 1322 2895 posse
1348 2794 1421 2867 sibi
1456 2821 1609 2897 persua·

195 2905 298 2978 dent.
336 2905 467 3001 Quare
478 2907 614 2980 Tristia
634 2907 763 2982 Ovidii
781 2907 840 2983 vel
857 2909 1004 2982 Senccae
1020 2909 1223 3012 tragoedias
1252 2908 1474 3012 explicuisse
1492 2911 1607 2987 laude

194 3021 347 3124 dignius
369 3021 413 3094 iis
438 3048 512 3096 esse
537 3021 704 3112 videtur,
731 3049 848 3124 quam
877 3048 965 3097 oum
998 3024 1083 3124 quis
1105 3025 1147 3097 in
1175 3025 1298 3098 Taciti
1326 3027 1532 3101 annalibus
1560 3027 1606 3099 il.

194 3135 402 3210 lustrandis
423 3136 679 3211 elaboraverit
712 3139 842 3238 Neque
855 3139 1093 3241 negaverim,
1106 3139 1147 3210 in
1168 3140 1301 3239 quovis
1316 3158 1472 3216 auctore
1488 3141 1606 3243 expli·

195 3252 319 3326 cando
346 3253 441 3325 siros
465 3251 594 3325 doctos
626 3252 673 3326 de
703 3251 820 3327 literis
849 3253 990 3328 Graecis
1014 3270 1130 3355 atque
1159 3255 1303 3326 Latinis
1329 3257 1471 3357 optime
1500 3281 1607 3356 posse

193 3367 350 3455 mereri,
365 3367 429 3440 sed
443 3366 539 3440 mihi
559 3367 716 3468 quidem
734 3369 947 3471 plurimum
967 3396 1090 3473 operte
1105 3387 1220 3471 atque
1238 3370 1354 3442 studii
1376 3372 1416 3442 in
1438 3370 1482 3443 iis
1496 3397 1606 3445 enar-

194 3483 325 3556 randis
346 3484 648 3558 cousumendum
668 3509 742 3558 esse
765 3484 935 3575 videtur,
960 3485 1029 3586 qui
1057 3485 1106 3559 ad
1131 3485 1306 3558 animum
1332 3485 1604 3590 ingeniumque

193 3596 446 3672 excolendum
475 3596 685 3700 plurimum
716 3599 922 3673 conserant.
969 3601 1097 3674 Nolim
1127 3599 1283 3701 quidem
1311 3599 1508 3677 incorum
1531 3631 1604 3678 nu-

192 3739 346 3786 merum
367 3713 515 3802 referri,
543 3713 610 3814 qui
638 3729 822 3814 tanquam
853 3715 1068 3819 paedagogi,
1103 3715 1148 3788 iis
1183 3717 1449 3790 tantummodo
1470 3719 1606 3794 studiis

193 3826 455 3916 delectantur,
480 3855 565 3929 quae
586 3829 776 3930 juventuti
795 3828 905 3902 utilia
929 3855 1003 3903 esse
1027 3830 1181 3917 dicunt,
1207 3847 1245 3903 et
1267 3830 1307 3901 in
1332 3830 1419 3931 ipsis
1432 3831 1607 3909 historia·

193 3969 285 4016 rum
310 3943 416 4016 libris
445 3969 487 4016 ea
514 3944 752 4046 potissimum
782 3944 950 4046 eligunt,
985 3971 1072 4045 quae
1093 3945 1221 4046 pueris
1248 3947 1419 4048 exempla
1446 3947 1496 4021 ad
1521 3950 1606 4025 imi-

195 4054 360 4130 tandum
382 4058 571 4160 proposita
596 4083 668 4132 esse
695 4059 881 4132 videntur.
928 4060 1059 4161 Neque
1080 4060 1163 4134 illos
1186 4087 1332 4149 moror,
1367 4063 1434 4162 qui
1456 4065 1604 4138 abstru-

192 4199 325 4247 sarum
348 4199 475 4244 rerum
498 4173 769 4273 quaestionibus
795 4171 948 4246 nullum
968 4175 1137 4276 pretium
1159 4201 1234 4249 esse
1252 4177 1498 4252 statuendum
1517 4184 1607 4258 rati,
1690 4238 1694 4250 ,

203 4285 280 4362 boc
290 4287 502 4392 postulant,
526 4305 570 4362 ut
590 4288 631 4364 in
651 4288 829 4364 omnibus
845 4287 977 4364 studiis
994 4288 1195 4381 doceatur,
1222 4307 1413 4393 quantum
1429 4291 1605 4372 haecani·
