<?xml version="1.0" encoding="UTF-8"?>
<!DOCTYPE html PUBLIC "-//W3C//DTD XHTML 1.0 Transitional//EN"
    "http://www.w3.org/TR/xhtml1/DTD/xhtml1-transitional.dtd">
<html xmlns="http://www.w3.org/1999/xhtml" xml:lang="en" lang="en">
 <head>
  <title>
</title>
<meta http-equiv="Content-Type" content="text/html;charset=utf-8" />
  <meta name='ocr-system' content='tesseract 3.04.00' />
  <meta name='ocr-capabilities' content='ocr_page ocr_carea ocr_par ocr_line ocrx_word'/>
</head>
<body>
  <div class='ocr_page' id='page_1' title='image "./salustiiquaeexs00sallgoog_0507.png"; bbox 0 0 4050 5009; ppageno 0'>
   <div class='ocr_carea' id='block_1_1' title="bbox 1608 437 1670 594">
    <p class='ocr_par' dir='ltr' id='par_1_1' title="bbox 1608 437 1670 594">
     <span class='ocr_line' id='line_1_1' title="bbox 1608 437 1670 594; baseline 0 -152"><span class='ocrx_word' id='word_1_1' title='bbox 1608 437 1670 594; x_wconf 33' lang='lat'><strong>&#39;⁵9</strong></span> 
     </span>
    </p>
   </div>
   <div class='ocr_carea' id='block_1_2' title="bbox 263 703 1676 3304">
    <p class='ocr_par' dir='ltr' id='par_1_2' title="bbox 263 703 1676 2724">
     <span class='ocr_line' id='line_1_2' title="bbox 267 703 1674 786; baseline 0 -24"><span class='ocrx_word' id='word_1_2' title='bbox 267 707 319 762; x_wconf 83' lang='lat' dir='ltr'><strong>lux</strong></span> <span class='ocrx_word' id='word_1_3' title='bbox 343 703 396 763; x_wconf 87' lang='lat' dir='ltr'><strong>ubi</strong></span> <span class='ocrx_word' id='word_1_4' title='bbox 417 737 433 748; x_wconf 96' lang='lat'>·</span> <span class='ocrx_word' id='word_1_5' title='bbox 453 708 584 765; x_wconf 81' lang='lat' dir='ltr'><strong>tumultu</strong></span> <span class='ocrx_word' id='word_1_6' title='bbox 606 703 765 764; x_wconf 75' lang='lat' dir='ltr'><strong>lornridine</strong></span> <span class='ocrx_word' id='word_1_7' title='bbox 789 715 879 766; x_wconf 82' lang='lat' dir='ltr'><strong>terror</strong></span> <span class='ocrx_word' id='word_1_8' title='bbox 898 737 916 754; x_wconf 90' lang='lat'><em>·</em></span> <span class='ocrx_word' id='word_1_9' title='bbox 946 705 1001 764; x_wconf 85' lang='lat' dir='ltr'><strong>lusi</strong></span> <span class='ocrx_word' id='word_1_10' title='bbox 1026 707 1138 786; x_wconf 65' lang='lat' dir='ltr'><strong>migeti</strong></span> <span class='ocrx_word' id='word_1_11' title='bbox 1161 739 1179 752; x_wconf 84' lang='lat'><strong>·</strong></span> <span class='ocrx_word' id='word_1_12' title='bbox 1197 707 1295 786; x_wconf 86' lang='lat' dir='ltr'><strong>plures</strong></span> <span class='ocrx_word' id='word_1_13' title='bbox 1315 723 1350 763; x_wconf 88' lang='lat' dir='ltr'><strong>ec</strong></span> <span class='ocrx_word' id='word_1_14' title='bbox 1368 703 1474 784; x_wconf 73' lang='lat' dir='ltr'><strong>praelio</strong></span> <span class='ocrx_word' id='word_1_15' title='bbox 1492 716 1592 758; x_wconf 84' lang='lat'><strong>-1⁰0·</strong></span> <span class='ocrx_word' id='word_1_16' title='bbox 1611 715 1674 755; x_wconf 68' lang='grc' dir='ltr'><strong>σα·</strong></span> 
     </span>
     <span class='ocr_line' id='line_1_3' title="bbox 268 793 1674 882; baseline -0.004 -24"><span class='ocrx_word' id='word_1_17' title='bbox 268 811 353 879; x_wconf 87' lang='lat' dir='ltr'><strong>perat</strong></span> <span class='ocrx_word' id='word_1_18' title='bbox 365 799 489 860; x_wconf 87' lang='lat' dir='ltr'><strong>hiberna</strong></span> <span class='ocrx_word' id='word_1_19' title='bbox 505 813 626 882; x_wconf 90' lang='lat' dir='ltr'><strong>propter</strong></span> <span class='ocrx_word' id='word_1_20' title='bbox 643 813 843 862; x_wconf 87' lang='lat' dir='ltr'><strong>commeatum</strong></span> <span class='ocrx_word' id='word_1_21' title='bbox 856 837 871 850; x_wconf 90' lang='lat'><strong>·</strong></span> <span class='ocrx_word' id='word_1_22' title='bbox 891 801 926 862; x_wconf 79' lang='lat' dir='ltr'><strong>l.</strong></span> <span class='ocrx_word' id='word_1_23' title='bbox 939 802 1069 862; x_wconf 87' lang='lat' dir='ltr'><strong>Manlius</strong></span> <span class='ocrx_word' id='word_1_24' title='bbox 1080 801 1280 862; x_wconf 75' lang='lat' dir='ltr'><strong>funditoribus</strong></span> <span class='ocrx_word' id='word_1_25' title='bbox 1295 833 1314 847; x_wconf 90' lang='lat'>-</span> <span class='ocrx_word' id='word_1_26' title='bbox 1330 803 1516 880; x_wconf 76' lang='lat' dir='ltr'><strong>intentusque</strong></span> <span class='ocrx_word' id='word_1_27' title='bbox 1530 793 1639 855; x_wconf 71' lang='lat' dir='ltr'><strong>milites</strong></span> <span class='ocrx_word' id='word_1_28' title='bbox 1658 825 1674 838; x_wconf 92' lang='lat'><strong>·</strong></span> 
     </span>
     <span class='ocr_line' id='line_1_4' title="bbox 268 893 1673 980; baseline -0.004 -25"><span class='ocrx_word' id='word_1_29' title='bbox 268 899 326 956; x_wconf 89' lang='lat' dir='ltr'><strong>iter</strong></span> <span class='ocrx_word' id='word_1_30' title='bbox 339 899 443 956; x_wconf 80' lang='lat' dir='ltr'><strong>faceret</strong></span> <span class='ocrx_word' id='word_1_31' title='bbox 462 933 478 944; x_wconf 92' lang='lat'>-</span> <span class='ocrx_word' id='word_1_32' title='bbox 501 901 614 980; x_wconf 87' lang='lat' dir='ltr'><strong>illoque</strong></span> <span class='ocrx_word' id='word_1_33' title='bbox 629 901 754 980; x_wconf 85' lang='lat' dir='ltr'><strong>aliisque</strong></span> <span class='ocrx_word' id='word_1_34' title='bbox 772 935 788 946; x_wconf 95' lang='lat'>-</span> <span class='ocrx_word' id='word_1_35' title='bbox 802 903 882 960; x_wconf 85' lang='lat' dir='ltr'><strong>malo</strong></span> <span class='ocrx_word' id='word_1_36' title='bbox 901 898 1018 959; x_wconf 84' lang='lat' dir='ltr'><strong>verbere</strong></span> <span class='ocrx_word' id='word_1_37' title='bbox 1034 900 1192 958; x_wconf 84' lang='lat' dir='ltr'><strong>exercitum</strong></span> <span class='ocrx_word' id='word_1_38' title='bbox 1213 931 1230 944; x_wconf 84' lang='lat'><em>-</em></span> <span class='ocrx_word' id='word_1_39' title='bbox 1249 897 1367 974; x_wconf 83' lang='lat' dir='ltr'><strong>ajebant</strong></span> <span class='ocrx_word' id='word_1_40' title='bbox 1384 897 1465 978; x_wconf 88' lang='lat' dir='ltr'><strong>quod</strong></span> <span class='ocrx_word' id='word_1_41' title='bbox 1484 917 1500 954; x_wconf 84' lang='lat' dir='ltr'><strong>a</strong></span> <span class='ocrx_word' id='word_1_42' title='bbox 1519 893 1644 976; x_wconf 88' lang='lat' dir='ltr'><strong>pueritia</strong></span> <span class='ocrx_word' id='word_1_43' title='bbox 1657 923 1673 936; x_wconf 89' lang='lat'>-</span> 
     </span>
     <span class='ocr_line' id='line_1_5' title="bbox 273 990 1673 1080; baseline -0.004 -28"><span class='ocrx_word' id='word_1_44' title='bbox 273 1014 341 1052; x_wconf 92' lang='grc' dir='ltr'><strong>ιοι.</strong></span> <span class='ocrx_word' id='word_1_45' title='bbox 359 993 437 1053; x_wconf 91' lang='lat' dir='ltr'><strong>idem</strong></span> <span class='ocrx_word' id='word_1_46' title='bbox 459 1015 562 1054; x_wconf 89' lang='lat' dir='ltr'><strong>omncs</strong></span> <span class='ocrx_word' id='word_1_47' title='bbox 583 997 681 1080; x_wconf 75' lang='lat' dir='ltr'><strong>signif.</strong></span> <span class='ocrx_word' id='word_1_48' title='bbox 702 1029 718 1042; x_wconf 85' lang='lat'>-</span> <span class='ocrx_word' id='word_1_49' title='bbox 739 998 772 1057; x_wconf 90' lang='lat' dir='ltr'><strong>in</strong></span> <span class='ocrx_word' id='word_1_50' title='bbox 785 995 921 1056; x_wconf 85' lang='lat' dir='ltr'><strong>manibus</strong></span> <span class='ocrx_word' id='word_1_51' title='bbox 934 1007 1076 1056; x_wconf 64' lang='lat' dir='ltr'><strong>renuant</strong></span> <span class='ocrx_word' id='word_1_52' title='bbox 1094 1029 1111 1042; x_wconf 92' lang='lat'>-</span> <span class='ocrx_word' id='word_1_53' title='bbox 1128 993 1188 1054; x_wconf 84' lang='lat' dir='ltr'><strong>hcc</strong></span> <span class='ocrx_word' id='word_1_54' title='bbox 1209 993 1301 1053; x_wconf 89' lang='lat' dir='ltr'><strong>modo</strong></span> <span class='ocrx_word' id='word_1_55' title='bbox 1321 995 1431 1074; x_wconf 79' lang='lat' dir='ltr'><strong>equites</strong></span> <span class='ocrx_word' id='word_1_56' title='bbox 1450 1027 1467 1040; x_wconf 93' lang='lat'><em>-</em></span> <span class='ocrx_word' id='word_1_57' title='bbox 1486 991 1592 1050; x_wconf 81' lang='lat' dir='ltr'><strong>morati</strong></span> <span class='ocrx_word' id='word_1_58' title='bbox 1610 990 1673 1047; x_wconf 84' lang='lat' dir='ltr'><strong>lue-</strong></span> 
     </span>
     <span class='ocr_line' id='line_1_6' title="bbox 267 1086 1674 1174; baseline -0.004 -24"><span class='ocrx_word' id='word_1_59' title='bbox 267 1102 338 1150; x_wconf 84' lang='lat' dir='ltr'><strong>runt</strong></span> <span class='ocrx_word' id='word_1_60' title='bbox 357 1123 376 1138; x_wconf 92' lang='lat'>-</span> <span class='ocrx_word' id='word_1_61' title='bbox 394 1093 507 1170; x_wconf 89' lang='lat' dir='ltr'><strong>primos</strong></span> <span class='ocrx_word' id='word_1_62' title='bbox 523 1093 643 1174; x_wconf 82' lang='lat' dir='ltr'><strong>agebat,</strong></span> <span class='ocrx_word' id='word_1_63' title='bbox 665 1093 746 1174; x_wconf 89' lang='lat' dir='ltr'><strong>quod</strong></span> <span class='ocrx_word' id='word_1_64' title='bbox 764 1129 780 1140; x_wconf 95' lang='lat'>-</span> <span class='ocrx_word' id='word_1_65' title='bbox 800 1093 936 1174; x_wconf 79' lang='lat' dir='ltr'><strong>plurimis</strong></span> <span class='ocrx_word' id='word_1_66' title='bbox 957 1103 1027 1152; x_wconf 83' lang='lat' dir='ltr'><strong>erat.</strong></span> <span class='ocrx_word' id='word_1_67' title='bbox 1047 1090 1162 1152; x_wconf 85' lang='lat' dir='ltr'><strong>Deinde</strong></span> <span class='ocrx_word' id='word_1_68' title='bbox 1182 1123 1199 1136; x_wconf 91' lang='lat'><em>-</em></span> <span class='ocrx_word' id='word_1_69' title='bbox 1215 1111 1307 1170; x_wconf 79' lang='lat' dir='ltr'><strong>quarn</strong></span> <span class='ocrx_word' id='word_1_70' title='bbox 1325 1091 1386 1149; x_wconf 82' lang='lat' dir='ltr'><strong>fide</strong></span> <span class='ocrx_word' id='word_1_71' title='bbox 1405 1099 1548 1150; x_wconf 86' lang='lat' dir='ltr'><strong>terrentur</strong></span> <span class='ocrx_word' id='word_1_72' title='bbox 1561 1121 1577 1133; x_wconf 94' lang='lat'>-</span> <span class='ocrx_word' id='word_1_73' title='bbox 1598 1086 1674 1146; x_wconf 83' lang='lat' dir='ltr'><strong>aeri-</strong></span> 
     </span>
     <span class='ocr_line' id='line_1_7' title="bbox 267 1185 1674 1272; baseline -0.004 -25"><span class='ocrx_word' id='word_1_74' title='bbox 267 1207 303 1247; x_wconf 88' lang='lat' dir='ltr'><strong>us</strong></span> <span class='ocrx_word' id='word_1_75' title='bbox 317 1187 417 1248; x_wconf 81' lang='lat' dir='ltr'>cedere</span> <span class='ocrx_word' id='word_1_76' title='bbox 436 1223 454 1234; x_wconf 91' lang='lat'>-</span> <span class='ocrx_word' id='word_1_77' title='bbox 471 1193 628 1270; x_wconf 88' lang='lat' dir='ltr'><strong>paululum</strong></span> <span class='ocrx_word' id='word_1_78' title='bbox 642 1211 660 1249; x_wconf 86' lang='lat' dir='ltr'><strong>a</strong></span> <span class='ocrx_word' id='word_1_79' title='bbox 676 1193 742 1272; x_wconf 85' lang='lat' dir='ltr'><strong>suga</strong></span> <span class='ocrx_word' id='word_1_80' title='bbox 750 1190 871 1250; x_wconf 83' lang='lat' dir='ltr'><strong>aberant</strong></span> <span class='ocrx_word' id='word_1_81' title='bbox 885 1225 901 1236; x_wconf 95' lang='lat'>-</span> <span class='ocrx_word' id='word_1_82' title='bbox 915 1188 1095 1250; x_wconf 86' lang='lat' dir='ltr'><strong>vitabundus</strong></span> <span class='ocrx_word' id='word_1_83' title='bbox 1110 1189 1209 1267; x_wconf 80' lang='lat' dir='ltr'><strong>erupit</strong></span> <span class='ocrx_word' id='word_1_84' title='bbox 1228 1221 1244 1233; x_wconf 94' lang='lat'>-</span> <span class='ocrx_word' id='word_1_85' title='bbox 1262 1189 1306 1247; x_wconf 90' lang='lat' dir='ltr'><strong>sic</strong></span> <span class='ocrx_word' id='word_1_86' title='bbox 1318 1189 1405 1248; x_wconf 84' lang='lat' dir='ltr'><strong>mulli</strong></span> <span class='ocrx_word' id='word_1_87' title='bbox 1416 1185 1560 1249; x_wconf 80' lang='lat' dir='ltr'><strong>voluerib.</strong></span> <span class='ocrx_word' id='word_1_88' title='bbox 1572 1220 1589 1233; x_wconf 87' lang='lat'>-</span> <span class='ocrx_word' id='word_1_89' title='bbox 1606 1206 1674 1243; x_wconf 81' lang='lat' dir='ltr'><strong>onr-</strong></span> 
     </span>
     <span class='ocr_line' id='line_1_8' title="bbox 268 1284 1675 1368; baseline -0.004 -24"><span class='ocrx_word' id='word_1_90' title='bbox 268 1285 321 1345; x_wconf 82' lang='lat' dir='ltr'><strong>nia</strong></span> <span class='ocrx_word' id='word_1_91' title='bbox 339 1290 415 1360; x_wconf 87' lang='lat' dir='ltr'><strong>loca,</strong></span> <span class='ocrx_word' id='word_1_92' title='bbox 437 1305 496 1368; x_wconf 83' lang='lat' dir='ltr'><strong>qus</strong></span> <span class='ocrx_word' id='word_1_93' title='bbox 508 1289 585 1347; x_wconf 82' lang='lat' dir='ltr'><strong>risus</strong></span> <span class='ocrx_word' id='word_1_94' title='bbox 596 1321 611 1333; x_wconf 94' lang='lat'><em>·</em></span> <span class='ocrx_word' id='word_1_95' title='bbox 637 1307 703 1347; x_wconf 78' lang='lat' dir='ltr'><strong>run.</strong></span> <span class='ocrx_word' id='word_1_96' title='bbox 725 1290 865 1368; x_wconf 87' lang='lat' dir='ltr'><strong>quintum</strong></span> <span class='ocrx_word' id='word_1_97' title='bbox 879 1308 966 1368; x_wconf 90' lang='lat' dir='ltr'><strong>quem</strong></span> <span class='ocrx_word' id='word_1_98' title='bbox 979 1284 1098 1345; x_wconf 84' lang='lat' dir='ltr'><strong>barbari</strong></span> <span class='ocrx_word' id='word_1_99' title='bbox 1116 1317 1136 1332; x_wconf 91' lang='lat'><strong>·</strong></span> <span class='ocrx_word' id='word_1_100' title='bbox 1155 1305 1216 1366; x_wconf 90' lang='lat' dir='ltr'><strong>quo</strong></span> <span class='ocrx_word' id='word_1_101' title='bbox 1229 1285 1383 1367; x_wconf 85' lang='lat' dir='ltr'><strong>ingenium</strong></span> <span class='ocrx_word' id='word_1_102' title='bbox 1400 1295 1453 1344; x_wconf 85' lang='lat' dir='ltr'><strong>aut</strong></span> <span class='ocrx_word' id='word_1_103' title='bbox 1472 1317 1488 1330; x_wconf 87' lang='lat'><strong>·</strong></span> <span class='ocrx_word' id='word_1_104' title='bbox 1508 1285 1606 1343; x_wconf 86' lang='lat' dir='ltr'><strong>leticia</strong></span> <span class='ocrx_word' id='word_1_105' title='bbox 1617 1302 1675 1342; x_wconf 84' lang='lat' dir='ltr'><strong>nc·</strong></span> 
     </span>
     <span class='ocr_line' id='line_1_9' title="bbox 269 1381 1676 1465; baseline -0.001 -25"><span class='ocrx_word' id='word_1_106' title='bbox 269 1381 316 1441; x_wconf 89' lang='lat' dir='ltr'><strong>bis</strong></span> <span class='ocrx_word' id='word_1_107' title='bbox 337 1416 352 1428; x_wconf 95' lang='lat'>-</span> <span class='ocrx_word' id='word_1_108' title='bbox 371 1394 460 1464; x_wconf 88' lang='lat' dir='ltr'><strong>atque</strong></span> <span class='ocrx_word' id='word_1_109' title='bbox 477 1385 729 1445; x_wconf 86' lang='lat' dir='ltr'><strong>sceleratissimum</strong></span> <span class='ocrx_word' id='word_1_110' title='bbox 745 1385 879 1465; x_wconf 78' lang='lat' dir='ltr'><strong>persequi</strong></span> <span class='ocrx_word' id='word_1_111' title='bbox 898 1419 916 1432; x_wconf 88' lang='lat'>-</span> <span class='ocrx_word' id='word_1_112' title='bbox 934 1384 1096 1463; x_wconf 85' lang='lat' dir='ltr'><strong>utiliusque</strong></span> <span class='ocrx_word' id='word_1_113' title='bbox 1114 1383 1171 1442; x_wconf 84' lang='lat' dir='ltr'><strong>rati</strong></span> <span class='ocrx_word' id='word_1_114' title='bbox 1192 1425 1201 1440; x_wconf 91' lang='lat'><strong>.</strong></span> <span class='ocrx_word' id='word_1_115' title='bbox 1221 1430 1230 1448; x_wconf 84' lang='lat'><strong>.</strong></span> <span class='ocrx_word' id='word_1_116' title='bbox 1248 1383 1393 1462; x_wconf 88' lang='lat' dir='ltr'><strong>imperare</strong></span> <span class='ocrx_word' id='word_1_117' title='bbox 1410 1415 1428 1427; x_wconf 91' lang='lat'>-</span> <span class='ocrx_word' id='word_1_118' title='bbox 1447 1382 1517 1460; x_wconf 90' lang='lat' dir='ltr'><strong>quia</strong></span> <span class='ocrx_word' id='word_1_119' title='bbox 1534 1381 1638 1460; x_wconf 85' lang='lat' dir='ltr'><strong>procul</strong></span> <span class='ocrx_word' id='word_1_120' title='bbox 1659 1412 1676 1426; x_wconf 91' lang='lat'><strong>·</strong></span> 
     </span>
     <span class='ocr_line' id='line_1_10' title="bbox 265 1479 1674 1562; baseline -0.003 -24"><span class='ocrx_word' id='word_1_121' title='bbox 265 1479 496 1561; x_wconf 71' lang='lat' dir='ltr'><strong>redimensque</strong></span> <span class='ocrx_word' id='word_1_122' title='bbox 518 1491 634 1562; x_wconf 86' lang='lat' dir='ltr'><strong>tempus</strong></span> <span class='ocrx_word' id='word_1_123' title='bbox 651 1515 667 1528; x_wconf 85' lang='lat'>-</span> <span class='ocrx_word' id='word_1_124' title='bbox 698 1501 781 1540; x_wconf 89' lang='lat' dir='ltr'><strong>nuuc</strong></span> <span class='ocrx_word' id='word_1_125' title='bbox 813 1501 866 1562; x_wconf 91' lang='lat' dir='ltr'><strong>pcr</strong></span> <span class='ocrx_word' id='word_1_126' title='bbox 898 1483 980 1541; x_wconf 82' lang='lat' dir='ltr'><strong>illam</strong></span> <span class='ocrx_word' id='word_1_127' title='bbox 1013 1481 1083 1540; x_wconf 87' lang='lat' dir='ltr'><strong>licet</strong></span> <span class='ocrx_word' id='word_1_128' title='bbox 1111 1513 1129 1524; x_wconf 90' lang='lat'><em>-</em></span> <span class='ocrx_word' id='word_1_129' title='bbox 1144 1482 1297 1559; x_wconf 86' lang='lat' dir='ltr'><strong>multaque</strong></span> <span class='ocrx_word' id='word_1_130' title='bbox 1325 1489 1474 1558; x_wconf 86' lang='lat' dir='ltr'><strong>oportuna</strong></span> <span class='ocrx_word' id='word_1_131' title='bbox 1503 1513 1519 1525; x_wconf 92' lang='lat'><strong>·</strong></span> <span class='ocrx_word' id='word_1_132' title='bbox 1537 1479 1674 1537; x_wconf 78' lang='lat' dir='ltr'><strong>rictum:</strong></span> 
     </span>
     <span class='ocr_line' id='line_1_11' title="bbox 265 1574 1674 1660; baseline -0.004 -23"><span class='ocrx_word' id='word_1_133' title='bbox 265 1577 345 1637; x_wconf 84' lang='lat' dir='ltr'><strong>Nam</strong></span> <span class='ocrx_word' id='word_1_134' title='bbox 366 1611 380 1624; x_wconf 88' lang='lat'><strong>·</strong></span> <span class='ocrx_word' id='word_1_135' title='bbox 402 1576 672 1660; x_wconf 80' lang='lat' dir='ltr'><strong>undeJugurtham</strong></span> <span class='ocrx_word' id='word_1_136' title='bbox 693 1581 843 1658; x_wconf 77' lang='lat' dir='ltr'><strong>expulerat</strong></span> <span class='ocrx_word' id='word_1_137' title='bbox 862 1611 878 1624; x_wconf 93' lang='lat'>-</span> <span class='ocrx_word' id='word_1_138' title='bbox 897 1576 935 1635; x_wconf 82' lang='lat' dir='ltr'><strong>ab</strong></span> <span class='ocrx_word' id='word_1_139' title='bbox 951 1577 1056 1636; x_wconf 82' lang='lat' dir='ltr'><strong>amicis</strong></span> <span class='ocrx_word' id='word_1_140' title='bbox 1076 1577 1162 1634; x_wconf 79' lang='lat' dir='ltr'><strong>sessus</strong></span> <span class='ocrx_word' id='word_1_141' title='bbox 1186 1609 1202 1622; x_wconf 92' lang='lat'>-</span> <span class='ocrx_word' id='word_1_142' title='bbox 1232 1574 1297 1636; x_wconf 75' lang='lat'>103.</span> <span class='ocrx_word' id='word_1_143' title='bbox 1319 1586 1475 1635; x_wconf 78' lang='lat' dir='ltr'><strong>evenerant</strong></span> <span class='ocrx_word' id='word_1_144' title='bbox 1494 1607 1513 1622; x_wconf 93' lang='lat'>-</span> <span class='ocrx_word' id='word_1_145' title='bbox 1533 1594 1567 1634; x_wconf 82' lang='lat' dir='ltr'><strong>ex</strong></span> <span class='ocrx_word' id='word_1_146' title='bbox 1587 1575 1674 1654; x_wconf 89' lang='lat' dir='ltr'><strong>copia</strong></span> 
     </span>
     <span class='ocr_line' id='line_1_12' title="bbox 266 1672 1674 1754; baseline -0.001 -22"><span class='ocrx_word' id='word_1_147' title='bbox 266 1694 405 1736; x_wconf 78' lang='lat' dir='ltr'><strong>necessat.</strong></span> <span class='ocrx_word' id='word_1_148' title='bbox 424 1707 444 1721; x_wconf 92' lang='lat'>-</span> <span class='ocrx_word' id='word_1_149' title='bbox 468 1675 595 1734; x_wconf 84' lang='lat' dir='ltr'><strong>Marium</strong></span> <span class='ocrx_word' id='word_1_150' title='bbox 628 1674 736 1734; x_wconf 84' lang='lat' dir='ltr'><strong>deinde</strong></span> <span class='ocrx_word' id='word_1_151' title='bbox 760 1676 785 1734; x_wconf 86' lang='lat' dir='ltr'><strong>si</strong></span> <span class='ocrx_word' id='word_1_152' title='bbox 816 1707 834 1720; x_wconf 86' lang='lat'>-</span> <span class='ocrx_word' id='word_1_153' title='bbox 860 1675 1007 1754; x_wconf 87' lang='lat' dir='ltr'><strong>permittit</strong></span> <span class='ocrx_word' id='word_1_154' title='bbox 1027 1675 1088 1732; x_wconf 89' lang='lat' dir='ltr'><strong>illis</strong></span> <span class='ocrx_word' id='word_1_155' title='bbox 1108 1673 1266 1752; x_wconf 79' lang='lat' dir='ltr'><strong>-spoliati,</strong></span> <span class='ocrx_word' id='word_1_156' title='bbox 1298 1672 1399 1752; x_wconf 81' lang='lat' dir='ltr'><strong>pavidi</strong></span> <span class='ocrx_word' id='word_1_157' title='bbox 1420 1707 1436 1719; x_wconf 93' lang='lat'><strong>·</strong></span> <span class='ocrx_word' id='word_1_158' title='bbox 1456 1673 1522 1744; x_wconf 69' lang='lat' dir='ltr'><strong>rol.</strong></span> <span class='ocrx_word' id='word_1_159' title='bbox 1553 1673 1674 1754; x_wconf 80' lang='lat' dir='ltr'><strong>negotio</strong></span> 
     </span>
     <span class='ocr_line' id='line_1_13' title="bbox 267 1769 1676 1852; baseline -0.002 -22"><span class='ocrx_word' id='word_1_160' title='bbox 267 1773 422 1846; x_wconf 85' lang='lat' dir='ltr'><strong>conlecte,</strong></span> <span class='ocrx_word' id='word_1_161' title='bbox 444 1793 504 1852; x_wconf 90' lang='lat' dir='ltr'><strong>quo</strong></span> <span class='ocrx_word' id='word_1_162' title='bbox 524 1807 540 1819; x_wconf 92' lang='lat'><strong>·</strong></span> <span class='ocrx_word' id='word_1_163' title='bbox 561 1783 591 1832; x_wconf 86' lang='lat' dir='ltr'><strong>et</strong></span> <span class='ocrx_word' id='word_1_164' title='bbox 612 1772 649 1830; x_wconf 88' lang='lat' dir='ltr'><strong>dc</strong></span> <span class='ocrx_word' id='word_1_165' title='bbox 668 1772 797 1834; x_wconf 77' lang='lat' dir='ltr'><strong>adventu</strong></span> <span class='ocrx_word' id='word_1_166' title='bbox 816 1771 945 1830; x_wconf 82' lang='lat' dir='ltr'><strong>-lactus</strong></span> <span class='ocrx_word' id='word_1_167' title='bbox 968 1781 1011 1829; x_wconf 90' lang='lat' dir='ltr'><strong>est</strong></span> <span class='ocrx_word' id='word_1_168' title='bbox 1025 1804 1042 1816; x_wconf 91' lang='lat'>-</span> <span class='ocrx_word' id='word_1_169' title='bbox 1058 1769 1146 1828; x_wconf 81' lang='lat' dir='ltr'><strong>Rom.</strong></span> <span class='ocrx_word' id='word_1_170' title='bbox 1167 1769 1258 1830; x_wconf 90' lang='lat' dir='ltr'><strong>eundi</strong></span> <span class='ocrx_word' id='word_1_171' title='bbox 1276 1781 1402 1849; x_wconf 84' lang='lat' dir='ltr'><strong>potestas</strong></span> <span class='ocrx_word' id='word_1_172' title='bbox 1422 1773 1459 1830; x_wconf 82' lang='lat' dir='ltr'><strong>fit</strong></span> <span class='ocrx_word' id='word_1_173' title='bbox 1476 1805 1493 1816; x_wconf 94' lang='lat'>-</span> <span class='ocrx_word' id='word_1_174' title='bbox 1513 1771 1676 1850; x_wconf 77' lang='lat' dir='ltr'><strong>impetratis</strong></span> 
     </span>
     <span class='ocr_line' id='line_1_14' title="bbox 264 1866 1675 1949; baseline -0.001 -23"><span class='ocrx_word' id='word_1_175' title='bbox 264 1867 408 1926; x_wconf 87' lang='lat' dir='ltr'><strong>omnibus</strong></span> <span class='ocrx_word' id='word_1_176' title='bbox 425 1867 512 1927; x_wconf 88' lang='lat' dir='ltr'><strong>rebus</strong></span> <span class='ocrx_word' id='word_1_177' title='bbox 531 1903 547 1914; x_wconf 96' lang='lat'>-</span> <span class='ocrx_word' id='word_1_178' title='bbox 565 1870 636 1948; x_wconf 83' lang='lat' dir='ltr'><strong>stip.</strong></span> <span class='ocrx_word' id='word_1_179' title='bbox 661 1869 693 1927; x_wconf 88' lang='lat' dir='ltr'><strong>in</strong></span> <span class='ocrx_word' id='word_1_180' title='bbox 719 1866 847 1928; x_wconf 78' lang='lat' dir='ltr'><strong>Africam</strong></span> <span class='ocrx_word' id='word_1_181' title='bbox 871 1877 1039 1947; x_wconf 72' lang='lat' dir='ltr'><strong>portaverat</strong></span> <span class='ocrx_word' id='word_1_182' title='bbox 1058 1877 1166 1926; x_wconf 88' lang='lat' dir='ltr'><strong>-tunc</strong></span> <span class='ocrx_word' id='word_1_183' title='bbox 1185 1877 1306 1941; x_wconf 87' lang='lat' dir='ltr'><strong>cetera,</strong></span> <span class='ocrx_word' id='word_1_184' title='bbox 1327 1887 1396 1926; x_wconf 90' lang='lat' dir='ltr'><strong>eum</strong></span> <span class='ocrx_word' id='word_1_185' title='bbox 1423 1867 1637 1949; x_wconf 74' lang='lat' dir='ltr'><strong>benignitatem</strong></span> <span class='ocrx_word' id='word_1_186' title='bbox 1657 1899 1675 1912; x_wconf 90' lang='lat'><strong>·</strong></span> 
     </span>
     <span class='ocr_line' id='line_1_15' title="bbox 268 1961 1672 2044; baseline 0 -22"><span class='ocrx_word' id='word_1_187' title='bbox 268 1963 436 2040; x_wconf 80' lang='lat' dir='ltr'><strong>105.eujus</strong></span> <span class='ocrx_word' id='word_1_188' title='bbox 452 1963 595 2024; x_wconf 86' lang='lat' dir='ltr'><strong>arbitratu</strong></span> <span class='ocrx_word' id='word_1_189' title='bbox 616 1965 826 2024; x_wconf 86' lang='lat' dir='ltr'><strong>communibus</strong></span> <span class='ocrx_word' id='word_1_190' title='bbox 844 1998 861 2009; x_wconf 94' lang='lat'>-</span> <span class='ocrx_word' id='word_1_191' title='bbox 874 1965 1009 2042; x_wconf 85' lang='lat' dir='ltr'><strong>equitum</strong></span> <span class='ocrx_word' id='word_1_192' title='bbox 1031 1963 1166 2044; x_wconf 83' lang='lat' dir='ltr'><strong>peditum</strong></span> <span class='ocrx_word' id='word_1_193' title='bbox 1184 1996 1201 2009; x_wconf 92' lang='lat'>-</span> <span class='ocrx_word' id='word_1_194' title='bbox 1219 1961 1270 2023; x_wconf 86' lang='lat' dir='ltr'><strong>sed</strong></span> <span class='ocrx_word' id='word_1_195' title='bbox 1291 1965 1394 2024; x_wconf 85' lang='lat' dir='ltr'><strong>ilincre</strong></span> <span class='ocrx_word' id='word_1_196' title='bbox 1421 1999 1437 2010; x_wconf 91' lang='lat'>-</span> <span class='ocrx_word' id='word_1_197' title='bbox 1453 1967 1672 2044; x_wconf 82' lang='lat' dir='ltr'><strong>exploratemm</strong></span> 
     </span>
     <span class='ocr_line' id='line_1_16' title="bbox 264 2059 1672 2145; baseline -0.001 -26"><span class='ocrx_word' id='word_1_198' title='bbox 264 2062 347 2120; x_wconf 83' lang='lat' dir='ltr'><strong>missi</strong></span> <span class='ocrx_word' id='word_1_199' title='bbox 366 2095 383 2106; x_wconf 92' lang='lat'><em>-</em></span> <span class='ocrx_word' id='word_1_200' title='bbox 406 2061 472 2125; x_wconf 78' lang='lat'><strong>106.</strong></span> <span class='ocrx_word' id='word_1_201' title='bbox 494 2063 539 2120; x_wconf 93' lang='lat' dir='ltr'><strong>illi</strong></span> <span class='ocrx_word' id='word_1_202' title='bbox 557 2062 645 2121; x_wconf 86' lang='lat' dir='ltr'><strong>simul</strong></span> <span class='ocrx_word' id='word_1_203' title='bbox 666 2081 762 2121; x_wconf 84' lang='lat' dir='ltr'><strong>-csse</strong></span> <span class='ocrx_word' id='word_1_204' title='bbox 782 2063 903 2119; x_wconf 89' lang='lat' dir='ltr'><strong>missum</strong></span> <span class='ocrx_word' id='word_1_205' title='bbox 927 2059 1057 2140; x_wconf 89' lang='lat' dir='ltr'><strong>denique</strong></span> <span class='ocrx_word' id='word_1_206' title='bbox 1075 2093 1095 2145; x_wconf 78' lang='lat'><strong>”.</strong></span> <span class='ocrx_word' id='word_1_207' title='bbox 1112 2060 1199 2120; x_wconf 89' lang='lat' dir='ltr'><strong>illum</strong></span> <span class='ocrx_word' id='word_1_208' title='bbox 1218 2071 1338 2142; x_wconf 82' lang='lat' dir='ltr'><strong>etprox.</strong></span> <span class='ocrx_word' id='word_1_209' title='bbox 1359 2093 1379 2109; x_wconf 89' lang='lat'><strong>·</strong></span> <span class='ocrx_word' id='word_1_210' title='bbox 1398 2064 1542 2142; x_wconf 86' lang='lat' dir='ltr'><strong>aspecul.</strong></span> <span class='ocrx_word' id='word_1_211' title='bbox 1564 2095 1581 2107; x_wconf 90' lang='lat'>-</span> <span class='ocrx_word' id='word_1_212' title='bbox 1603 2082 1672 2142; x_wconf 83' lang='lat'><strong>¹⁰7·</strong></span> 
     </span>
     <span class='ocr_line' id='line_1_17' title="bbox 264 2155 1669 2239; baseline 0.001 -24"><span class='ocrx_word' id='word_1_213' title='bbox 264 2156 305 2215; x_wconf 82' lang='lat' dir='ltr'><strong>ab</strong></span> <span class='ocrx_word' id='word_1_214' title='bbox 320 2155 454 2217; x_wconf 84' lang='lat' dir='ltr'><strong>hostibus</strong></span> <span class='ocrx_word' id='word_1_215' title='bbox 472 2167 582 2218; x_wconf 79' lang='lat' dir='ltr'><strong>vertere</strong></span> <span class='ocrx_word' id='word_1_216' title='bbox 601 2191 617 2205; x_wconf 89' lang='lat'>-</span> <span class='ocrx_word' id='word_1_217' title='bbox 638 2178 673 2217; x_wconf 87' lang='lat' dir='ltr'><strong>uc</strong></span> <span class='ocrx_word' id='word_1_218' title='bbox 690 2156 821 2239; x_wconf 78' lang='lat' dir='ltr'><strong>perfidiae</strong></span> <span class='ocrx_word' id='word_1_219' title='bbox 840 2191 858 2203; x_wconf 91' lang='lat'>-</span> <span class='ocrx_word' id='word_1_220' title='bbox 876 2177 1007 2238; x_wconf 84' lang='lat' dir='ltr'><strong>opesque</strong></span> <span class='ocrx_word' id='word_1_221' title='bbox 1029 2177 1063 2216; x_wconf 82' lang='lat' dir='ltr'><strong>ex</strong></span> <span class='ocrx_word' id='word_1_222' title='bbox 1081 2167 1165 2236; x_wconf 88' lang='lat' dir='ltr'><strong>patre</strong></span> <span class='ocrx_word' id='word_1_223' title='bbox 1183 2191 1200 2204; x_wconf 91' lang='lat'>-</span> <span class='ocrx_word' id='word_1_224' title='bbox 1225 2158 1291 2218; x_wconf 74' lang='lat'><strong>108.</strong></span> <span class='ocrx_word' id='word_1_225' title='bbox 1312 2158 1391 2216; x_wconf 81' lang='lat' dir='ltr'><strong>bona</strong></span> <span class='ocrx_word' id='word_1_226' title='bbox 1405 2169 1559 2239; x_wconf 83' lang='lat' dir='ltr'><strong>acceptus,</strong></span> <span class='ocrx_word' id='word_1_227' title='bbox 1579 2177 1669 2238; x_wconf 91' lang='lat' dir='ltr'><strong>quem</strong></span> 
     </span>
     <span class='ocr_line' id='line_1_18' title="bbox 264 2253 1672 2338; baseline 0.001 -27"><span class='ocrx_word' id='word_1_228' title='bbox 264 2279 282 2301; x_wconf 83' lang='lat'>.</span> <span class='ocrx_word' id='word_1_229' title='bbox 307 2257 639 2334; x_wconf 76' lang='lat' dir='ltr'><strong>109.occuru,nu110</strong></span> <span class='ocrx_word' id='word_1_230' title='bbox 666 2287 684 2300; x_wconf 91' lang='lat'>-</span> <span class='ocrx_word' id='word_1_231' title='bbox 709 2255 756 2316; x_wconf 83' lang='lat' dir='ltr'><strong>vir</strong></span> <span class='ocrx_word' id='word_1_232' title='bbox 780 2255 924 2314; x_wconf 80' lang='lat' dir='ltr'><strong>sententia</strong></span> <span class='ocrx_word' id='word_1_233' title='bbox 943 2254 1088 2313; x_wconf 84' lang='lat' dir='ltr'><strong>ambobus</strong></span> <span class='ocrx_word' id='word_1_234' title='bbox 1108 2291 1127 2302; x_wconf 88' lang='lat'>-</span> <span class='ocrx_word' id='word_1_235' title='bbox 1149 2273 1215 2316; x_wconf 89' lang='grc' dir='ltr'><strong>ιιο.</strong></span> <span class='ocrx_word' id='word_1_236' title='bbox 1240 2255 1323 2338; x_wconf 90' lang='lat' dir='ltr'><strong>quod</strong></span> <span class='ocrx_word' id='word_1_237' title='bbox 1345 2257 1434 2314; x_wconf 82' lang='lat' dir='ltr'><strong>luerit</strong></span> <span class='ocrx_word' id='word_1_238' title='bbox 1457 2253 1533 2314; x_wconf 88' lang='lat' dir='ltr'><strong>mihi</strong></span> <span class='ocrx_word' id='word_1_239' title='bbox 1561 2255 1672 2337; x_wconf 82' lang='lat' dir='ltr'><strong>eguisse</strong></span> 
     </span>
     <span class='ocr_line' id='line_1_19' title="bbox 263 2349 1670 2432; baseline 0.001 -25"><span class='ocrx_word' id='word_1_240' title='bbox 263 2349 430 2428; x_wconf 83' lang='lat' dir='ltr'><strong>aliquando</strong></span> <span class='ocrx_word' id='word_1_241' title='bbox 451 2351 551 2431; x_wconf 87' lang='lat' dir='ltr'><strong>precio</strong></span> <span class='ocrx_word' id='word_1_242' title='bbox 578 2361 634 2410; x_wconf 76' lang='lat' dir='ltr'><strong>tun</strong></span> <span class='ocrx_word' id='word_1_243' title='bbox 659 2351 797 2410; x_wconf 72' lang='lat' dir='ltr'><strong>amicitie</strong></span> <span class='ocrx_word' id='word_1_244' title='bbox 823 2385 842 2398; x_wconf 86' lang='lat'>-</span> <span class='ocrx_word' id='word_1_245' title='bbox 870 2351 906 2412; x_wconf 84' lang='lat' dir='ltr'><strong>dc</strong></span> <span class='ocrx_word' id='word_1_246' title='bbox 925 2352 1077 2432; x_wconf 81' lang='lat' dir='ltr'><strong>republica</strong></span> <span class='ocrx_word' id='word_1_247' title='bbox 1098 2359 1184 2431; x_wconf 82' lang='lat' dir='ltr'><strong>cujus</strong></span> <span class='ocrx_word' id='word_1_248' title='bbox 1202 2387 1219 2398; x_wconf 94' lang='lat'>-</span> <span class='ocrx_word' id='word_1_249' title='bbox 1240 2374 1306 2412; x_wconf 89' lang='grc' dir='ltr'><strong>ιιι.</strong></span> <span class='ocrx_word' id='word_1_250' title='bbox 1327 2355 1463 2414; x_wconf 80' lang='lat' dir='ltr'><strong>amicitiae</strong></span> <span class='ocrx_word' id='word_1_251' title='bbox 1484 2351 1577 2412; x_wconf 71' lang='lat' dir='ltr'><strong>sedus</strong></span> <span class='ocrx_word' id='word_1_252' title='bbox 1596 2385 1612 2397; x_wconf 91' lang='lat'><strong>·</strong></span> <span class='ocrx_word' id='word_1_253' title='bbox 1632 2349 1670 2408; x_wconf 89' lang='lat' dir='ltr'><strong>ad</strong></span> 
     </span>
     <span class='ocr_line' id='line_1_20' title="bbox 264 2443 1671 2530; baseline 0.003 -28"><span class='ocrx_word' id='word_1_254' title='bbox 264 2443 327 2504; x_wconf 77' lang='lat' dir='ltr'><strong>haec</strong></span> <span class='ocrx_word' id='word_1_255' title='bbox 340 2457 469 2507; x_wconf 89' lang='lat' dir='ltr'><strong>metuere</strong></span> <span class='ocrx_word' id='word_1_256' title='bbox 489 2483 505 2493; x_wconf 95' lang='lat'>-</span> <span class='ocrx_word' id='word_1_257' title='bbox 524 2449 610 2510; x_wconf 78' lang='lat' dir='ltr'><strong>invisi</strong></span> <span class='ocrx_word' id='word_1_258' title='bbox 626 2459 709 2508; x_wconf 85' lang='lat' dir='ltr'><strong>erant</strong></span> <span class='ocrx_word' id='word_1_259' title='bbox 729 2481 747 2493; x_wconf 92' lang='lat'>-</span> <span class='ocrx_word' id='word_1_260' title='bbox 768 2467 835 2506; x_wconf 74' lang='grc' dir='ltr'><strong>ιιι.</strong></span> <span class='ocrx_word' id='word_1_261' title='bbox 854 2448 888 2507; x_wconf 88' lang='lat' dir='ltr'><strong>in</strong></span> <span class='ocrx_word' id='word_1_262' title='bbox 906 2459 998 2508; x_wconf 80' lang='lat' dir='ltr'><strong>cestra</strong></span> <span class='ocrx_word' id='word_1_263' title='bbox 1013 2447 1083 2530; x_wconf 80' lang='lat' dir='ltr'><strong>Jug.</strong></span> <span class='ocrx_word' id='word_1_264' title='bbox 1097 2451 1294 2528; x_wconf 81' lang='lat' dir='ltr'><strong>proficiscitur</strong></span> <span class='ocrx_word' id='word_1_265' title='bbox 1312 2483 1332 2498; x_wconf 88' lang='lat'>-</span> <span class='ocrx_word' id='word_1_266' title='bbox 1351 2462 1466 2510; x_wconf 86' lang='lat' dir='ltr'><strong>senatus</strong></span> <span class='ocrx_word' id='word_1_267' title='bbox 1475 2461 1504 2510; x_wconf 89' lang='lat' dir='ltr'><strong>et</strong></span> <span class='ocrx_word' id='word_1_268' title='bbox 1519 2457 1600 2528; x_wconf 88' lang='lat' dir='ltr'><strong>jussu</strong></span> <span class='ocrx_word' id='word_1_269' title='bbox 1613 2469 1671 2528; x_wconf 89' lang='lat' dir='ltr'><strong>po·</strong></span> 
     </span>
     <span class='ocr_line' id='line_1_21' title="bbox 264 2542 1672 2625; baseline 0.003 -24"><span class='ocrx_word' id='word_1_270' title='bbox 264 2543 332 2624; x_wconf 90' lang='lat' dir='ltr'><strong>puli</strong></span> <span class='ocrx_word' id='word_1_271' title='bbox 353 2577 368 2589; x_wconf 94' lang='lat'><em>·</em></span> <span class='ocrx_word' id='word_1_272' title='bbox 387 2545 420 2602; x_wconf 89' lang='lat' dir='ltr'><strong>in</strong></span> <span class='ocrx_word' id='word_1_273' title='bbox 438 2542 568 2604; x_wconf 87' lang='lat' dir='ltr'><strong>hostium</strong></span> <span class='ocrx_word' id='word_1_274' title='bbox 592 2555 765 2625; x_wconf 88' lang='lat' dir='ltr'><strong>potestatem</strong></span> <span class='ocrx_word' id='word_1_275' title='bbox 794 2579 810 2592; x_wconf 92' lang='lat'>-</span> <span class='ocrx_word' id='word_1_276' title='bbox 841 2542 906 2606; x_wconf 78' lang='lat'><strong>113.</strong></span> <span class='ocrx_word' id='word_1_277' title='bbox 928 2545 969 2602; x_wconf 82' lang='lat' dir='ltr'><strong>Ea</strong></span> <span class='ocrx_word' id='word_1_278' title='bbox 992 2565 1113 2604; x_wconf 82' lang='lat' dir='ltr'><strong>maurus</strong></span> <span class='ocrx_word' id='word_1_279' title='bbox 1130 2547 1316 2624; x_wconf 89' lang='lat' dir='ltr'><strong>-promittit</strong></span> <span class='ocrx_word' id='word_1_280' title='bbox 1343 2581 1360 2594; x_wconf 91' lang='lat'><em>-</em></span> <span class='ocrx_word' id='word_1_281' title='bbox 1396 2549 1526 2608; x_wconf 88' lang='lat' dir='ltr'><strong>Marium</strong></span> <span class='ocrx_word' id='word_1_282' title='bbox 1547 2545 1672 2606; x_wconf 87' lang='lat' dir='ltr'><strong>deduci-</strong></span> 
     </span>
     <span class='ocr_line' id='line_1_22' title="bbox 265 2637 1514 2724; baseline 0.003 -26"><span class='ocrx_word' id='word_1_283' title='bbox 265 2650 316 2699; x_wconf 89' lang='lat' dir='ltr'><strong>tur</strong></span> <span class='ocrx_word' id='word_1_284' title='bbox 344 2672 363 2686; x_wconf 87' lang='lat'><strong>·</strong></span> <span class='ocrx_word' id='word_1_285' title='bbox 396 2637 485 2706; x_wconf 59' lang='lat' dir='ltr'><strong>Itali!</strong></span> <span class='ocrx_word' id='word_1_286' title='bbox 503 2643 696 2701; x_wconf 87' lang='lat' dir='ltr'><strong>intremuerat</strong></span> <span class='ocrx_word' id='word_1_287' title='bbox 715 2643 881 2702; x_wconf 84' lang='lat' dir='ltr'><strong>-vinctum</strong></span> <span class='ocrx_word' id='word_1_288' title='bbox 907 2640 1017 2700; x_wconf 79' lang='lat' dir='ltr'><strong>adduci</strong></span> <span class='ocrx_word' id='word_1_289' title='bbox 1040 2640 1215 2701; x_wconf 81' lang='lat' dir='ltr'><strong>nunciatum</strong></span> <span class='ocrx_word' id='word_1_290' title='bbox 1237 2641 1386 2724; x_wconf 74' lang='lat' dir='ltr'><strong>(Rectam</strong></span> <span class='ocrx_word' id='word_1_291' title='bbox 1405 2644 1514 2720; x_wconf 83' lang='lat' dir='ltr'><strong>deest).</strong></span> 
     </span>
    </p>

    <p class='ocr_par' dir='ltr' id='par_1_3' title="bbox 263 2734 1673 3304">
     <span class='ocr_line' id='line_1_23' title="bbox 348 2734 1669 2820; baseline 0.002 -24"><span class='ocrx_word' id='word_1_292' title='bbox 348 2735 485 2797; x_wconf 88' lang='lat' dir='ltr'><strong>Celerum</strong></span> <span class='ocrx_word' id='word_1_293' title='bbox 496 2741 536 2800; x_wconf 87' lang='lat' dir='ltr'><strong>V.</strong></span> <span class='ocrx_word' id='word_1_294' title='bbox 549 2737 596 2798; x_wconf 89' lang='lat' dir='ltr'><strong>Cl.</strong></span> <span class='ocrx_word' id='word_1_295' title='bbox 612 2739 723 2819; x_wconf 75' lang='lat' dir='ltr'><strong>Peyron</strong></span> <span class='ocrx_word' id='word_1_296' title='bbox 731 2780 741 2812; x_wconf 89' lang='lat'><em>,</em></span> <span class='ocrx_word' id='word_1_297' title='bbox 764 2735 840 2796; x_wconf 86' lang='lat' dir='ltr'><strong>mihi</strong></span> <span class='ocrx_word' id='word_1_298' title='bbox 860 2738 1038 2818; x_wconf 81' lang='lat' dir='ltr'><strong>significavit</strong></span> <span class='ocrx_word' id='word_1_299' title='bbox 1061 2743 1104 2796; x_wconf 64' lang='lat' dir='ltr'><strong>in⁴</strong></span> <span class='ocrx_word' id='word_1_300' title='bbox 1116 2734 1213 2795; x_wconf 87' lang='lat' dir='ltr'><strong>Codd.</strong></span> <span class='ocrx_word' id='word_1_301' title='bbox 1235 2737 1433 2820; x_wconf 82' lang='lat' dir='ltr'><strong>Palimpsestis</strong></span> <span class='ocrx_word' id='word_1_302' title='bbox 1442 2762 1471 2800; x_wconf 87' lang='lat' dir='ltr'><strong>se</strong></span> <span class='ocrx_word' id='word_1_303' title='bbox 1484 2740 1577 2816; x_wconf 81' lang='lat' dir='ltr'><strong>nihil,</strong></span> <span class='ocrx_word' id='word_1_304' title='bbox 1588 2739 1669 2820; x_wconf 84' lang='lat' dir='ltr'><strong>quod</strong></span> 
     </span>
     <span class='ocr_line' id='line_1_24' title="bbox 264 2833 1673 2916; baseline 0.002 -24"><span class='ocrx_word' id='word_1_305' title='bbox 264 2833 304 2892; x_wconf 83' lang='lat' dir='ltr'><strong>ad</strong></span> <span class='ocrx_word' id='word_1_306' title='bbox 324 2833 484 2893; x_wconf 81' lang='lat' dir='ltr'><strong>Salustium</strong></span> <span class='ocrx_word' id='word_1_307' title='bbox 509 2837 669 2916; x_wconf 83' lang='lat' dir='ltr'><strong>pertineret</strong></span> <span class='ocrx_word' id='word_1_308' title='bbox 689 2837 851 2908; x_wconf 84' lang='lat' dir='ltr'><strong>invenisse,</strong></span> <span class='ocrx_word' id='word_1_309' title='bbox 871 2835 912 2892; x_wconf 88' lang='lat' dir='ltr'><strong>itu</strong></span> <span class='ocrx_word' id='word_1_310' title='bbox 932 2843 966 2892; x_wconf 89' lang='lat' dir='ltr'><strong>ut</strong></span> <span class='ocrx_word' id='word_1_311' title='bbox 983 2853 1048 2913; x_wconf 86' lang='lat' dir='ltr'><strong>spes</strong></span> <span class='ocrx_word' id='word_1_312' title='bbox 1067 2833 1237 2909; x_wconf 82' lang='lat' dir='ltr'><strong>abjicienda</strong></span> <span class='ocrx_word' id='word_1_313' title='bbox 1255 2855 1313 2895; x_wconf 84' lang='lat' dir='ltr'><strong>esse</strong></span> <span class='ocrx_word' id='word_1_314' title='bbox 1331 2837 1482 2912; x_wconf 82' lang='lat' dir='ltr'><strong>videatur,</strong></span> <span class='ocrx_word' id='word_1_315' title='bbox 1504 2840 1564 2896; x_wconf 86' lang='lat' dir='ltr'><strong>sore</strong></span> <span class='ocrx_word' id='word_1_316' title='bbox 1584 2849 1618 2895; x_wconf 90' lang='lat' dir='ltr'><strong>ut</strong></span> <span class='ocrx_word' id='word_1_317' title='bbox 1638 2857 1673 2896; x_wconf 85' lang='lat' dir='ltr'><strong>ex</strong></span> 
     </span>
     <span class='ocr_line' id='line_1_25' title="bbox 264 2929 1668 3014; baseline 0.003 -26"><span class='ocrx_word' id='word_1_318' title='bbox 264 2932 329 2988; x_wconf 90' lang='lat' dir='ltr'><strong>istis</strong></span> <span class='ocrx_word' id='word_1_319' title='bbox 344 2929 425 2988; x_wconf 90' lang='lat' dir='ltr'><strong>libris</strong></span> <span class='ocrx_word' id='word_1_320' title='bbox 445 2935 491 2990; x_wconf 86' lang='lat' dir='ltr'><strong>rel</strong></span> <span class='ocrx_word' id='word_1_321' title='bbox 517 2933 679 3014; x_wconf 80' lang='lat' dir='ltr'><strong>fragmenta</strong></span> <span class='ocrx_word' id='word_1_322' title='bbox 699 2930 812 2990; x_wconf 87' lang='lat' dir='ltr'><strong>inedita</strong></span> <span class='ocrx_word' id='word_1_323' title='bbox 836 2935 883 2990; x_wconf 76' lang='lat' dir='ltr'><strong>vel</strong></span> <span class='ocrx_word' id='word_1_324' title='bbox 908 2931 1050 2990; x_wconf 86' lang='lat' dir='ltr'><strong>lectiones</strong></span> <span class='ocrx_word' id='word_1_325' title='bbox 1071 2932 1283 3010; x_wconf 72' lang='lat' dir='ltr'><strong>prestantiores</strong></span> <span class='ocrx_word' id='word_1_326' title='bbox 1296 2945 1447 2995; x_wconf 88' lang='lat' dir='ltr'><strong>eruantur.</strong></span> <span class='ocrx_word' id='word_1_327' title='bbox 1489 2941 1556 2996; x_wconf 83' lang='lat' dir='ltr'><strong>Hoc</strong></span> <span class='ocrx_word' id='word_1_328' title='bbox 1571 2945 1668 2993; x_wconf 88' lang='lat' dir='ltr'><strong>tamen</strong></span> 
     </span>
     <span class='ocr_line' id='line_1_26' title="bbox 265 3025 1669 3107; baseline 0.004 -23"><span class='ocrx_word' id='word_1_329' title='bbox 265 3025 342 3084; x_wconf 87' lang='lat' dir='ltr'><strong>mihi</strong></span> <span class='ocrx_word' id='word_1_330' title='bbox 353 3027 459 3086; x_wconf 86' lang='lat' dir='ltr'><strong>solatio</strong></span> <span class='ocrx_word' id='word_1_331' title='bbox 469 3038 522 3101; x_wconf 82' lang='lat' dir='ltr'><strong>est,</strong></span> <span class='ocrx_word' id='word_1_332' title='bbox 538 3028 620 3107; x_wconf 90' lang='lat' dir='ltr'><strong>quod</strong></span> <span class='ocrx_word' id='word_1_333' title='bbox 637 3029 670 3088; x_wconf 93' lang='lat' dir='ltr'><strong>in</strong></span> <span class='ocrx_word' id='word_1_334' title='bbox 682 3029 766 3088; x_wconf 82' lang='lat' dir='ltr'><strong>Italia</strong></span> <span class='ocrx_word' id='word_1_335' title='bbox 780 3031 898 3086; x_wconf 88' lang='lat' dir='ltr'><strong>nullum</strong></span> <span class='ocrx_word' id='word_1_336' title='bbox 907 3029 952 3086; x_wconf 84' lang='lat' dir='ltr'><strong>rel</strong></span> <span class='ocrx_word' id='word_1_337' title='bbox 965 3028 1156 3107; x_wconf 87' lang='lat' dir='ltr'><strong>paucissimos</strong></span> <span class='ocrx_word' id='word_1_338' title='bbox 1170 3029 1261 3089; x_wconf 88' lang='lat' dir='ltr'><strong>libros</strong></span> <span class='ocrx_word' id='word_1_339' title='bbox 1272 3035 1343 3092; x_wconf 86' lang='lat' dir='ltr'><strong>Mss.</strong></span> <span class='ocrx_word' id='word_1_340' title='bbox 1353 3032 1535 3090; x_wconf 80' lang='lat' dir='ltr'><strong>salustianos</strong></span> <span class='ocrx_word' id='word_1_341' title='bbox 1543 3031 1669 3090; x_wconf 80' lang='lat' dir='ltr'><strong>inveniri</strong></span> 
     </span>
     <span class='ocr_line' id='line_1_27' title="bbox 263 3124 1670 3206; baseline 0.002 -24"><span class='ocrx_word' id='word_1_342' title='bbox 263 3145 348 3205; x_wconf 86' lang='lat' dir='ltr'><strong>posse</strong></span> <span class='ocrx_word' id='word_1_343' title='bbox 366 3126 517 3200; x_wconf 80' lang='lat' dir='ltr'><strong>existimo,</strong></span> <span class='ocrx_word' id='word_1_344' title='bbox 539 3145 613 3206; x_wconf 88' lang='lat' dir='ltr'><strong>quos</strong></span> <span class='ocrx_word' id='word_1_345' title='bbox 633 3146 696 3185; x_wconf 92' lang='lat' dir='ltr'><strong>uon</strong></span> <span class='ocrx_word' id='word_1_346' title='bbox 711 3135 763 3184; x_wconf 87' lang='lat' dir='ltr'><strong>aut</strong></span> <span class='ocrx_word' id='word_1_347' title='bbox 782 3125 945 3184; x_wconf 76' lang='lat' dir='ltr'><strong>accuratius</strong></span> <span class='ocrx_word' id='word_1_348' title='bbox 967 3124 1194 3183; x_wconf 84' lang='lat' dir='ltr'><strong>examinarerim</strong></span> <span class='ocrx_word' id='word_1_349' title='bbox 1209 3138 1261 3186; x_wconf 86' lang='lat' dir='ltr'><strong>ant</strong></span> <span class='ocrx_word' id='word_1_350' title='bbox 1280 3128 1322 3187; x_wconf 80' lang='lat' dir='ltr'><strong>its</strong></span> <span class='ocrx_word' id='word_1_351' title='bbox 1342 3139 1421 3190; x_wconf 85' lang='lat' dir='ltr'><strong>certe</strong></span> <span class='ocrx_word' id='word_1_352' title='bbox 1436 3127 1609 3189; x_wconf 75' lang='lat' dir='ltr'><strong>excusserint</strong></span> <span class='ocrx_word' id='word_1_353' title='bbox 1626 3137 1670 3202; x_wconf 87' lang='lat' dir='ltr'><strong>ut,</strong></span> 
     </span>
     <span class='ocr_line' id='line_1_28' title="bbox 264 3218 1071 3304; baseline -0.002 -26"><span class='ocrx_word' id='word_1_354' title='bbox 264 3220 339 3300; x_wconf 88' lang='lat' dir='ltr'><strong>quid</strong></span> <span class='ocrx_word' id='word_1_355' title='bbox 361 3220 397 3280; x_wconf 88' lang='lat' dir='ltr'><strong>de</strong></span> <span class='ocrx_word' id='word_1_356' title='bbox 415 3223 451 3281; x_wconf 89' lang='lat' dir='ltr'><strong>iis</strong></span> <span class='ocrx_word' id='word_1_357' title='bbox 475 3221 663 3282; x_wconf 83' lang='lat' dir='ltr'><strong>statuendum</strong></span> <span class='ocrx_word' id='word_1_358' title='bbox 675 3228 730 3296; x_wconf 87' lang='lat' dir='ltr'><strong>sit,</strong></span> <span class='ocrx_word' id='word_1_359' title='bbox 752 3223 907 3304; x_wconf 77' lang='lat' dir='ltr'><strong>cognitum</strong></span> <span class='ocrx_word' id='word_1_360' title='bbox 933 3218 1071 3285; x_wconf 81' lang='lat' dir='ltr'><strong>habeam.</strong></span> 
     </span>
    </p>
   </div>
   <div class='ocr_carea' id='block_1_3' title="bbox 286 3397 1645 3593">
    <p class='ocr_par' dir='ltr' id='par_1_4' title="bbox 286 3397 1645 3593">
     <span class='ocr_line' id='line_1_29' title="bbox 870 3397 1080 3462; baseline 0 0"><span class='ocrx_word' id='word_1_361' title='bbox 870 3397 962 3462; x_wconf 82' lang='lat' dir='ltr'><strong>Cerri</strong></span> <span class='ocrx_word' id='word_1_362' title='bbox 996 3403 1080 3462; x_wconf 68' lang='lat' dir='ltr'><strong>ndat</strong></span> 
     </span>
     <span class='ocr_line' id='line_1_30' title="bbox 286 3419 1645 3593; baseline 0.007 -31"><span class='ocrx_word' id='word_1_363' title='bbox 286 3503 354 3586; x_wconf 77' lang='lat' dir='ltr'><strong>Peg.</strong></span> <span class='ocrx_word' id='word_1_364' title='bbox 373 3503 423 3578; x_wconf 75' lang='grc'><strong>48.</strong></span> <span class='ocrx_word' id='word_1_365' title='bbox 443 3505 500 3570; x_wconf 83' lang='lat' dir='ltr'><strong>lin.</strong></span> <span class='ocrx_word' id='word_1_366' title='bbox 523 3525 572 3566; x_wconf 91' lang='grc' dir='ltr'><strong>ιι.</strong></span> <span class='ocrx_word' id='word_1_367' title='bbox 591 3503 803 3566; x_wconf 85' lang='lat' dir='ltr'><strong>Grammatecis</strong></span> <span class='ocrx_word' id='word_1_368' title='bbox 823 3525 849 3567; x_wconf 90' lang='lat' dir='ltr'><strong>c.</strong></span> <span class='ocrx_word' id='word_1_369' title='bbox 870 3419 1098 3570; x_wconf 65' lang='lat' dir='ltr'><strong>Gramidaticos.</strong></span> <span class='ocrx_word' id='word_1_370' title='bbox 1116 3541 1159 3558; x_wconf 89' lang='lat'><em>-</em></span> <span class='ocrx_word' id='word_1_371' title='bbox 1177 3511 1233 3571; x_wconf 83' lang='lat' dir='ltr'><strong>lin.</strong></span> <span class='ocrx_word' id='word_1_372' title='bbox 1258 3509 1304 3582; x_wconf 73' lang='lat' dir='ltr'><strong>ld·</strong></span> <span class='ocrx_word' id='word_1_373' title='bbox 1320 3509 1442 3593; x_wconf 88' lang='lat' dir='ltr'><strong>qnidam</strong></span> <span class='ocrx_word' id='word_1_374' title='bbox 1465 3531 1491 3573; x_wconf 90' lang='lat' dir='ltr'><strong>c.</strong></span> <span class='ocrx_word' id='word_1_375' title='bbox 1513 3509 1645 3593; x_wconf 85' lang='lat' dir='ltr'><strong>quidem.</strong></span> 
     </span>
    </p>
   </div>
   <div class='ocr_carea' id='block_1_4' title="bbox 0 0 2030 5009">
    <p class='ocr_par' dir='ltr' id='par_1_5' title="bbox 0 0 2030 5009">
     <span class='ocr_line' id='line_1_31' title="bbox 0 0 2030 5009; baseline 0 1"><span class='ocrx_word' id='word_1_376' title='bbox 0 0 2030 5009; x_wconf 95' lang='lat' dir='ltr'><strong> </strong></span> 
     </span>
    </p>
   </div>
  </div>
 </body>
</html>
