4050 5009
1582 402 1628 503 tt

225 614 325 665 renes
348 594 387 661 in
408 592 607 659 Armeniam
625 588 752 677 irrupit
774 592 809 655 et
829 586 968 653 Luculli
986 586 1140 674 legatum
1168 588 1216 653 M.
1243 574 1416 654 Fannium
1441 590 1627 664 obsidione
1689 646 1698 655 .

225 701 364 779 clausit,
383 709 417 766 et
435 699 652 763 Mithridates
665 719 744 763 cum
765 695 921 782 expedita
935 713 1041 759 manu
1062 695 1099 757 in
1114 693 1265 779 patrium
1284 716 1431 783 regnum
1447 718 1630 789 regressus,

224 808 352 873 multos
384 808 621 871 Romanorum
651 803 870 890 inopinantes
905 810 940 867 et
975 802 1146 888 dispersos
1177 804 1358 885 oppressit,
1392 806 1631 891 Marciumque

224 914 368 979 Fabium
388 911 511 997 proelio
534 910 633 997 vicit,
662 909 724 993 qui
743 908 781 973 in
798 908 916 995 iugum
940 908 1128 991 conjectus,
1153 906 1284 973 Cabirae
1306 928 1328 971 a
1345 910 1547 977 Mithridate
1566 914 1632 977 ob-

224 1034 353 1098 sessus,
388 1028 422 1084 et
442 1026 561 1105 postea
583 1038 605 1081 a
620 1014 757 1081 Triario
776 1014 958 1077 obsidione
977 1006 1153 1099 exemptus
1171 1020 1230 1078 est.
1262 1012 1292 1077 Α
1319 1036 1389 1098 quo
1413 1017 1633 1085 Mithridates

224 1124 334 1191 victus
357 1125 397 1189 itt
420 1128 676 1210 Commagenen
697 1118 833 1204 refugit.
855 1118 915 1187 cir.
931 1118 1037 1183 Dion.
1055 1120 1143 1183 Cass.
1158 1122 1197 1186 L.
1210 1121 1340 1187 XXXV.
1359 1122 1469 1187 fl-to.

299 1234 341 1315 Q.
359 1232 520 1294 Metellus
531 1226 717 1313 proconsul
737 1234 855 1288 contra
875 1224 1070 1308 Cretenses,
1086 1226 1220 1291 bellum
1232 1235 1408 1312 parantes,
1427 1230 1532 1293 classe
1549 1246 1632 1313 pro-

225 1332 352 1417 iectus,
373 1356 450 1397 cum
469 1334 507 1396 in
527 1343 652 1396 terram
669 1332 890 1415 escendisset,
909 1332 1117 1396 Lasthenen
1138 1352 1217 1394 cum
1235 1332 1386 1397 exercitu
1403 1332 1473 1396 sibi
1492 1332 1631 1397 obvians
1760 1391 1770 1415 ,

225 1436 387 1523 mittum,
405 1438 509 1522 vicit,
528 1445 563 1503 et
580 1436 772 1521 Cydoniam
786 1437 926 1519 urbem,
946 1446 1110 1521 praeterea
1130 1437 1304 1521 Gnosson,
1324 1439 1471 1523 Lyctum
1488 1446 1523 1504 et
1541 1438 1628 1504 alias

224 1544 392 1629 plurimas
417 1546 519 1607 urbes
542 1543 768 1629 expugnavit,
787 1542 1023 1623 diuturnoque
1044 1541 1135 1607 bello
1154 1543 1320 1608 domitam
1341 1544 1491 1608 insulam
1512 1543 1552 1609 in
1568 1562 1633 1629 po-

225 1655 379 1716 testatem
403 1650 554 1737 redegit,
573 1652 735 1737 legesque
751 1648 881 1714 Minois
901 1648 1068 1714 Romanis
1086 1649 1224 1737 legibus
1243 1650 1510 1735 permutavit.⁰)

225 1854 331 1935 Anni
353 1856 664 1939 DCLXXXVII.
690 1860 735 1935 P.
768 1858 814 1935 U.
841 1860 879 1935 C.
908 1858 1084 1935 Cornutus
1109 1862 1148 1937 G.
1175 1860 1396 1963 Calpurnius
1419 1861 1534 1945 Piso,
1566 1854 1633 1933 Μ’.

217 1998 223 2005 “
747 1984 894 2061 Acilius
921 1986 1090 2061 Glabrio.

320 2148 438 2208 Multae
460 2153 552 2227 leges
573 2155 632 2210 aut
658 2168 680 2211 a
711 2148 875 2232 tribunis,
914 2158 971 2211 aut
1001 2150 1045 2211 ab
1075 2149 1154 2212 aliis
1191 2156 1342 2233 rogate,
1369 2149 1578 2231 impugnata
1599 2137 1644 2211 et¹

229 2260 355 2331 magno
373 2246 526 2330 partium
548 2245 663 2309 studio
686 2248 824 2329 perlatae
848 2260 937 2309 sunt.
966 2256 1052 2311 tnnc
1071 2271 1134 2329 per
1155 2258 1266 2309 totum
1285 2252 1358 2311 tere
1379 2268 1510 2311 annum
1528 2249 1635 2315 velte·

304 2564 342 2649 θ)
363 2566 431 2631 cfr.
443 2569 541 2631 Oros.
559 2568 615 2633 VI.
635 2584 665 2647 4.
686 2569 758 2632 Liv.
773 2566 861 2652 Epir.
873 2568 1010 2633 XCVIII
1023 2566 1179 2633 etXCIX.
1198 2567 1343 2634 Diodor.
1354 2568 1420 2632 sic.
1436 2568 1634 2656 fragmlilt.

97 2696 112 2709 ·
226 2670 396 2738 XXXVIII
417 2685 450 2737 et
465 2676 611 2739 XXXIX.
629 2699 663 2760 p.
685 2692 755 2739 ata.
773 2677 871 2739 Tom.
892 2678 933 2745 ·X.
955 2677 1043 2739 Edit.
1063 2675 1198 2760 Bipont.
1219 2676 1341 2755 Vellej.
1362 2678 1405 2741 ΙΙ.
1419 2682 1470 2758 37.
1490 2678 1635 2759 QCreta,

227 2778 374 2843 ducibus
389 2783 519 2859 Panare
543 2790 577 2845 et
597 2786 768 2847 Lasthene
792 2784 909 2848 XXIV.
931 2783 1087 2847 millibus
1100 2784 1266 2862 juvenum
1286 2784 1430 2865 coactis,
1453 2782 1636 2848 velocitate

226 2884 442 2965 pernicibus,
464 2907 633 2951 armorum
651 2889 876 2967 laborumque
890 2889 1167 2971 patientissimis,
1187 2876 1388 2961 sagittarum
1401 2903 1466 2943 usu
1483 2888 1637 2947 celeber·

228 2984 347 3067 rImIs,
367 3008 429 3066 per
456 2992 646 3047 triennium
673 2994 850 3045 Romanos
880 2990 1046 3043 exercitus
1071 2980 1300 3065 fatigaverat.»
1324 2986 1508 3069 Perperam
1534 2988 1634 3056 Oros.

227 3088 252 3151 l.
272 3088 297 3150 I.
324 3091 479 3163 ,Cretam
501 3086 650 3149 insulam
669 3105 733 3167 per
753 3083 929 3147 biennium
962 3085 1121 3147 Metellus
1137 3088 1288 3151 evertit.»
1326 3095 1412 3154 Nam
1436 3094 1635 3162 intertium

227 3213 358 3259 annum
381 3194 513 3256 bellum
535 3200 717 3255 extractum
741 3197 807 3269 cst,
836 3206 907 3267 quo
932 3196 1086 3269 tempore
1112 3190 1275 3271 Pompejo
1300 3194 1485 3275 imperium
1515 3208 1636 3265 contra

227 3299 356 3385 piratas
381 3298 533 3361 delatum
561 3294 682 3359 fuerat.
715 3292 777 3357 cfr.
807 3290 951 3375 Appian.
973 3294 1017 3355 de
1042 3291 1144 3355 rebus
1168 3294 1293 3358 Siculis
1311 3298 1388 3359 Lib.
1408 3300 1449 3362 V:
1477 3305 1505 3361 6.
1528 3325 1562 3384 p.
1584 3306 1637 3379 54.

228 3408 289 3467 Ed.
305 3405 465 3469 Teucher.
488 3402 591 3466 Dion.
610 3400 715 3465 Cassii
735 3399 857 3484 fragm.
886 3396 1000 3461 Ursin.
1024 3399 1247 3463 CLXXXVIII
1262 3390 1294 3464 et
1309 3402 1384 3464 Lib.
1398 3404 1545 3471 XXXVI.
1564 3430 1589 3470 ι.
1604 3427 1635 3470 a.

231 3510 322 3573 Flor.
343 3514 372 3572 3.
395 3532 425 3590 7.
453 3508 635 3582 ,Metellus
661 3506 805 3589 deinde,
838 3514 944 3568 totam
974 3504 1123 3567 insulam
1150 3504 1226 3590 igni
1252 3505 1412 3590 ferroque
1434 3511 1634 3599 populatus,

232 3611 325 3679 iutra
342 3614 479 3675 castella
495 3624 527 3676 et
548 3614 650 3677 urbes
662 3612 811 3697 redegit,
833 3620 866 3675 et
884 3612 1052 3673 Gnossurn
1066 3620 1098 3673 et
1115 3613 1320 3694 Erythraeam
1337 3625 1387 3691 et,
1408 3628 1446 3678 ut
1459 3618 1634 3683 Graecidi-
1742 3664 1748 3675 .

232 3738 308 3783 cere
331 3716 459 3799 solent,
480 3719 617 3781 urbium
639 3728 783 3781 matrem
806 3719 1021 3800 Cydoneam:
1041 3718 1197 3796 adeoque
1217 3736 1303 3781 saeve
1322 3719 1359 3781 in
1382 3722 1532 3805 captivos
1551 3744 1635 3789 con·

231 3823 428 3903 sulcbatnr,
447 3830 485 3885 ut
508 3843 686 3889 venenose
702 3824 861 3909 plerique
883 3822 1132 3905 interficerent,
1160 3822 1222 3886 alii
1242 3824 1455 3889 deditionem
1472 3848 1570 3893 suam
1588 3831 1635 3895 ad

232 3929 434 4013 Pompejum
463 3928 637 3992 absentem
664 3930 847 3997 mitterent.
883 3932 924 3991 Et
953 3948 1058 4009 quum
1088 3927 1150 3991 ille
1177 3950 1231 3994 res
1259 3932 1297 3993 iu
1324 3933 1403 3995 Asia
1432 3955 1571 4019 gerens,
1591 3952 1634 3999 eo

234 4054 371 4117 quoquc
393 4032 590 4115 praelectum
613 4034 757 4099 misisset
771 4034 979 4116 Antonium,
1000 4034 1038 4096 in
1059 4033 1173 4121 aliena
1193 4037 1369 4119 provincia
1388 4039 1540 4121 inclytus
1551 4038 1634 4101 tuit:

233 4161 344 4222 eoque
358 4138 516 4203 infestior
532 4137 690 4203 Metellus
701 4140 740 4202 in
752 4142 864 4204 hostes
877 4138 934 4217 jus
946 4137 1087 4202 victoris
1097 4142 1264 4205 exercuit:
1285 4143 1453 4224 victisque
1464 4144 1634 4207 Lasthene

235 4254 269 4314 et
288 4246 436 4329 Panare,
450 4248 621 4333 Cydoneae
635 4246 796 4331 ducibus,
814 4244 925 4311 victor
938 4245 1052 4310 rediit.
1071 4250 1139 4313 Nec
1151 4248 1342 4331 quidquam
1359 4248 1508 4332 amplius
1521 4256 1636 4317 tamen
