4050 5009
428 373 501 445 286

425 576 466 624 re
490 550 571 623 noli
595 549 693 625 milri
713 550 891 652 antiquos
920 549 1018 623 viros
1046 548 1241 625 obiectare.
1280 548 1402 625 Satius
1430 566 1485 625 est
1505 548 1626 638 enim,
1650 575 1708 624 me
1731 553 1817 627 meis

426 674 538 747 rebus
558 675 666 778 gestis
686 674 839 760 llorere,
865 700 984 775 quarn
1004 673 1195 747 maiorum
1220 671 1401 775 opinione
1430 674 1525 763 uiti,
1550 692 1587 749 et
1615 674 1667 749 ita
1685 675 1820 765 vivere,

425 813 471 871 ut
493 824 560 901 ego
582 798 654 873 sim
673 795 827 899 posteris
846 796 937 869 meis
964 796 1175 869 nobilitatis
1196 795 1352 871 initium
1370 814 1408 871 et
1428 798 1577 874 virtutis
1597 803 1818 907 exemplum.

330 990 339 1021 ‚
425 921 556 1023 Neque
574 946 635 997 me
649 948 739 995 curn
755 918 814 993 bis
833 919 1005 995 conferre
1017 918 1136 1009 decet,
1148 923 1272 995 Patres
1291 920 1515 1024 conscripti,
1525 924 1593 1025 qui
1607 924 1684 999 iam
1701 925 1821 1002 deces-

423 1061 584 1138 serunt,
610 1044 792 1145 omnique
821 1042 910 1117 odio
934 1057 1068 1117 carent
1087 1058 1126 1117 et
1155 1042 1320 1137 invidia3
1339 1044 1404 1119 sed
1427 1070 1517 1121 cum
1548 1046 1620 1137 eis,
1656 1050 1725 1152 qui
1750 1078 1824 1126 me·

425 1193 517 1245 cum
539 1194 619 1244 una
644 1167 686 1242 in
699 1166 901 1269 republica
925 1165 1061 1240 versati
1084 1181 1183 1241 sunt
1233 1164 1305 1243 Sed
1332 1166 1410 1265 [si]
1433 1167 1573 1245 fuerim
1594 1189 1663 1247 aut
1687 1174 1730 1249 in
1761 1174 1827 1250 bo·

426 1292 585 1367 nuribus
595 1290 767 1395 petendis
784 1289 898 1365 nimis
915 1288 1154 1383 ambitiosus3
1171 1288 1267 1386 (non
1282 1286 1384 1366 banc
1404 1291 1492 1367 dieo
1506 1295 1734 1397 popularem
1745 1291 1827 1375 'am-

425 1416 632 1505 bitionem,
665 1414 774 1491 cuius
802 1439 865 1487 me
889 1410 1105 1515 principem
1124 1410 1329 1504 confiteor,
1352 1413 1417 1489 sed
1444 1414 1551 1491 illam
1577 1422 1827 1521 perniciosam
1929 1426 1930 1497 l

426 1556 559 1615 contra
577 1539 689 1642 leges,
709 1537 818 1612 euius
829 1536 971 1639 primos
992 1536 1144 1613 ordines
1158 1535 1341 1612 Salustius
1365 1535 1509 1637 duxit3)
1535 1558 1604 1617 aut
1625 1542 1667 1619 in
1688 1573 1826 1651 gernns

426 1661 486 1737 dis
510 1660 807 1765 magistratibus,
833 1675 903 1735 aut
928 1659 971 1733 in
989 1658 1229 1736 vindicandis
1252 1658 1446 1736 maleficiis
1470 1676 1550 1739 tem
1567 1684 1739 1769 tererem
1763 1692 1829 1749 aur

428 1784 471 1859 in
501 1784 644 1859 tuenda
670 1782 867 1886 republica
896 1799 974 1856 tam
1001 1781 1332 1887 vigilans52q11am
1356 1800 1399 1860 tu
1427 1790 1751 1893 proscriptionem
1768 1826 1829 1873 vo-

427 1932 513 1981 cas:
534 1906 663 1995 credo,
686 1905 791 2006 quod
809 1932 889 1979 non
908 1926 1039 1983 omnes
1057 1908 1115 1981 tui
1133 1908 1271 1983 similes
1285 1909 1493 1986 incolumes
1510 1912 1552 1987 in
1570 1911 1644 1991 huo
1661 1920 1760 1998 urbe
1772 1924 1829 1997 ri-

429 2029 577 2127 xissent
624 2033 675 2103 At
696 2043 843 2130 quanto
874 2027 1030 2103 meliore
1054 2027 1138 2104 loco
1167 2031 1380 2135 respublica
1405 2049 1541 2126 staret,
1567 2038 1597 2111 si
1626 2056 1669 2115 tu
1690 2070 1764 2147 par
1787 2074 1829 2121 ac

428 2153 562 2229 similis
582 2153 824 2228 scelestorum
848 2149 1008 2238 civium,
1035 2178 1114 2226 una
1135 2179 1225 2228 cum
1244 2152 1319 2229 illis
1339 2154 1612 2235 adnumeratus
1630 2173 1746 2243 esser!
1770 2174 1827 2245 An
1929 2232 1930 2259 2

364 2312 372 2329 ·
429 2302 517 2381 ergo
533 2261 627 2350 tunc
642 2274 737 2349 salso
750 2272 900 2376 scripsit
925 2324 942 2357 «
959 2272 1106 2349 Cedant
1126 2302 1232 2351 arma
1254 2282 1380 2379 togae”,
1400 2280 1468 2381 qui
1486 2298 1633 2387 togatus
1649 2310 1828 2382 armatos,
1929 2306 1930 2335 ³

425 2416 468 2475 et
481 2425 575 2503 pace
591 2395 739 2473 bellum
757 2395 947 2499 oppressi?
970 2400 1031 2471 An
1062 2397 1161 2472 illud
1183 2400 1364 2475 mentitus
1382 2428 1482 2479 sum:
1511 2456 1528 2491 e
1547 2406 1828 2493 Ofortunatarn
1929 2400 1930 2405 ἵ

429 2537 563 2597 natam
595 2546 658 2595 me
681 2518 837 2595 consule
865 2520 1074 2612 Romem”;
1101 2521 1170 2623 qui
1195 2536 1347 2599 tantum
1373 2525 1599 2607 intestinum
1614 2535 1775 2616 'bellum
1795 2556 1830 2617 et

374 2710 380 2719 ,
401 2643 682 2729 adomertiourn
702 2641 809 2716 urbis
826 2640 1051 2717 incendium
1067 2642 1263 2718 exstinxi?
1288 2644 1418 2748 Neque
1436 2665 1471 2725 te
1495 2654 1552 2729 tui
1573 2658 1689 2763 piget,
1717 2662 1828 2741 bomo
1929 2674 1930 2679 ’

428 2768 654 2855 levissum'e‚
684 2792 781 2843 cum
799 2790 846 2841 ea
877 2764 1030 2867 culpas,
1054 2790 1141 2867 quae
1169 2764 1210 2841 in
1233 2762 1398 2845 historiis
1418 2773 1514 2852 mibi
1537 2779 1667 2884 gloriae
1693 2786 1829 2865 ducis}

430 2896 492 2967 An
513 2890 663 2993 turpius
682 2905 753 2978 ert,
777 2891 903 2964 Patres
918 2888 1140 2991 conscripti,
1152 2888 1380 2969 scribentem
1399 2900 1575 2993 mentiri,
1590 2934 1708 3010 qnam
1721 2912 1828 2989 illum

429 3015 561 3121 palam
581 3011 654 3089 boc
674 3010 809 3087 ordine
830 3004 1044 3087 dicentem?
1082 3012 1197 3103 Nam,
1221 3014 1328 3117 quod
1351 3017 1393 3094 in
1417 3038 1566 3103 aetatem
1591 3030 1827 3139 increpuisti,

431 3154 584 3213 tantum
604 3161 666 3210 me
686 3134 811 3209 abesse
832 3149 928 3237 puto
948 3135 997 3210 ab
1023 3134 1284 3237 impudicitia,
1310 3160 1502 3243 quantum
1524 3165 1567 3227 tu
1588 3179 1611 3230 a
1634 3159 1825 3259 pudicitia,

408 3263 502 3338 ,Sed
520 3260 627 3364 ,quid
648 3285 716 3363 ego
739 3256 787 3333 de
808 3272 845 3331 te
866 3257 979 3360 plura
1008 3260 1170 3359 quereri
1196 3258 1303 3357 Quid
1324 3266 1429 3342 enim
1449 3276 1604 3351 mentiri
1628 3296 1740 3387 turpe
1762 3285 1826 3361 du-

431 3411 504 3474 ces,
538 3384 606 3487 qni
635 3380 733 3457 mibi
762 3405 874 3456 austu
894 3380 950 3455 sis
978 3380 1237 3484 eloquentiam
1265 3385 1324 3460 uti
1349 3389 1487 3469 vitium
1518 3398 1699 3495 obiicere,
1725 3410 1825 3485 cuius

428 3532 576 3611 semper
608 3525 749 3581 nocens
777 3503 910 3608 eguisti
944 3504 1184 3608 patrocinio?
1240 3510 1302 3583 An
1335 3511 1461 3593 ullum
1490 3523 1690 3605 existumas
1727 3558 1823 3638 1³⁰⁸oe

431 3632 513 3707 fieri
537 3630 658 3705 civem
677 3625 886 3732 egregium,
911 3627 981 3730 qui
1001 3654 1082 3703 non
1102 3625 1162 3704 bis
1185 3630 1331 3708 artibus
1350 3652 1389 3711 et
1407 3639 1618 3748 disciplinis
1634 3654 1684 3729 sit
1705 3656 1824 3734 erudi-

429 3853 564 3932 eorp‘erri
579 3853 674 3913 ceteri.
695 3851 754 3909 hoc
768 3848 847 3909 urbe.
868 3846 928 3909 hac
941 3846 1018 3907 delet
1037 3848 1117 3914 Leid.
1133 3872 1159 3911 c.
1179 3854 1385 3934 sceleratontm
1400 3862 1454 3941 civ.
1475 3866 1606 3932 Oud-
1628 3876 1700 3961 Cep.
1715 3881 1745 3942 ὅ.
1771 3900 1819 3942 rue

431 3960 584 4039 quidemn
593 3955 638 4017 uri
657 3954 738 4014 Leid.
747 3976 775 4015 e.
787 3952 933 4014 mourut
945 3950 1014 4011 libri
1025 3952 1160 4034 aPopma
1169 3958 1288 4019 laudati.
1309 3981 1381 4023 num
1393 3969 1464 4045 quid
1474 3983 1502 4034 ts
1520 3978 1564 4037 tui
1581 3984 1642 4048 alii,
1658 3985 1713 4048 lm
1723 3988 1819 4047 ordine
1929 4002 1930 4005 ’

430 4086 492 4126 orn.
500 4064 580 4123 Gud.
599 4059 673 4140 quid
685 4060 721 4150 'irr
734 4068 824 4120 cerm.
838 4057 951 4138 iucrqr.
971 4054 1051 4118 Gud.
1066 4058 1151 4120 Rem.
1165 4060 1255 4125 Edtu.
1275 4077 1332 4128 ret.
1353 4068 1491 4137 in'meom
1499 4090 1623 4145 aetatem
1636 4087 1687 4151 Ac.
1707 4094 1780 4172 quod
1789 4092 1818 4151 in

431 4181 520 4231 mor.
530 4166 643 4229 leidc.
658 4164 719 4227 Bas.
730 4172 812 4243 turpe
824 4161 908 4223 dreit
927 4160 1007 4226 Leid.
1019 4182 1046 4225 c.
1062 4161 1124 4223 Bne.
1139 4184 1247 4229 nocem
1260 4173 1373 4251 egtuitr'.
1384 4197 1444 4238 orn.
1453 4180 1530 4247 sud.
1544 4192 1728 4255 erudimentn
1740 4207 1817 4275 mque

431 4272 579 4337 critobulo
588 4269 669 4332 Leid.
678 4266 810 4343 ofilr'om
815 4284 921 4328 meum.
933 4282 1073 4347 pronum.
1086 4268 1206 4339 omnic
1218 4282 1246 4335 et
1254 4274 1334 4339 Gler.
1344 4277 1422 4348 eod,
1431 4289 1599 4356 mulierosus
1607 4300 1814 4379 plurimissortii
