4050 5009
520 372 601 461 244

524 541 687 617 sumni
705 544 893 621 mutuet.
908 588 960 607 -
982 490 1029 642 9.
1043 545 1196 642 Quibus
1212 544 1260 621 ae
1278 546 1414 623 uaso
1434 548 1582 628 sunam
1603 548 1645 623 in
1662 544 1822 623 victoria
1844 540 1920 617 oic-

526 681 688 741 tatorem
707 666 933 752 descendere
952 694 1069 772 equo,
1094 668 1165 747 uni
1189 668 1262 745 sibi
1282 669 1481 777 adsurgere
1505 673 1614 763 sella,
1640 687 1756 774 caput
1779 666 1925 772 aperire

525 788 690 865 solitum.
704 837 758 855 -
785 818 839 867 ιο.
862 791 1066 872 Daedalum
1084 820 1129 871 ex
1145 794 1272 871 Sicilia
1289 794 1506 899 profectum
1526 824 1604 901 quo
1618 794 1757 871 Minois
1780 792 1925 895 fugeret

528 912 627 989 iram
643 929 760 1017 atque
776 941 873 1019 opes.

980 1117 1548 1230 FRAGMENTA'

800 1287 1249 1359 lucnur‘oauu
1298 1289 1657 1341 arenosum

632 1438 661 1483 ι.
686 1410 742 1485 Ne
758 1410 994 1487 inrumiendi
1016 1439 1067 1515 po
1092 1456 1315 1473 ------
1362 1414 1571 1489 sublicibus
1587 1430 1717 1491 cavata
1801 1450 1927 1471 ·····

530 1546 621 1609 sent.
645 1515 699 1594 -’-
723 1551 755 1610 2.
777 1534 895 1609 Cuius
913 1535 1008 1611 duas
1031 1535 1173 1611 insulas
1191 1536 1426 1642 propinquas
1448 1538 1548 1613 inter
1568 1563 1622 1628 se,
1646 1552 1685 1612 et
1706 1535 1840 1612 dooem
1859 1549 1928 1607 sta-
1989 1602 1990 1625 g

532 1653 642 1727 dium
661 1656 796 1758 procul
824 1684 847 1731 a
869 1656 1043 1735 Gadibus
1062 1659 1172 1749 sitas,
1198 1661 1397 1740 constabat
1420 1676 1554 1765 suopte
1576 1659 1727 1764 ingenio
1747 1659 1929 1734 alimenta

533 1778 757 1853 mortalibus
768 1781 926 1884 gignere.
940 1827 992 1842 —
1018 1788 1049 1857 ὅ.
1059 1783 1193 1857 Serum
1204 1781 1350 1859 bellum
1371 1783 1413 1857 in
1426 1783 1605 1889 angustiis
1624 1783 1873 1859 sonuum-
1896 1787 1927 1871 l.

521 1901 596 1974 llli
611 1902 722 1976 tertio
741 1910 1087 2007 mensefperrenere
1100 1906 1142 1980 in
1154 1909 1321 1981 Pontum
1337 1906 1461 1980 multo
1481 1907 1638 1983 celerius
1652 1934 1717 2012 spe
1727 1903 1928 1980 Mithrida-

535 2023 650 2097 tis.-·
662 2024 694 2101 5.
709 2028 808 2129 Ergo
827 2027 949 2102 senati
965 2027 1116 2103 decreto
1131 2028 1429 2105 serviundumne
1443 2030 1499 2104 sit.
1513 2074 1567 2092 ·-
1588 2034 1621 2103 6.
1633 2032 1835 2134 Pompeius
1858 2025 1926 2101 oris

485 2139 488 2144 ⁸
533 2146 720 2249 improbi,
741 2146 947 2251 animoque
968 2149 1295 2228 inverecundo-
1320 2179 1353 2251 7.
1364 2152 1554 2227 Simulans
1570 2153 1642 2226 sibi
1654 2152 1784 2234 alvum
1795 2177 1927 2257 purga·

532 2270 576 2346 ri.
593 2316 645 2331 —
669 2276 703 2347 8.
729 2271 835 2346 Fecit
852 2288 899 2347 ut
917 2273 1069 2349 nunciis
1090 2274 1288 2351 confestim
1306 2274 1540 2380 lugubribus.
1552 2322 1604 2339 -
1627 2300 1660 2371 9.
1680 2278 1928 2352 Communem

534 2392 712 2491 habitum
736 2410 988 2498 transgressus.
1012 2443 1065 2457 -
1094 2422 1147 2471 ιο.
1171 2401 1278 2473 Inter
1296 2426 1404 2477 arma
1426 2400 1551 2475 'civilia
1572 2400 1672 2502 aequi
1695 2401 1792 2477 boni
1814 2400 1925 2475 sumas

534 2516 639 2619 petit
665 2558 714 2574 —
755 2546 808 2595 ιι.
832 2518 949 2595 Haud
974 2520 1134 2623 impigre
1160 2545 1283 2625 neque
1303 2522 1451 2601 inultus
1478 2522 1675 2599 occiditur.
1710 2566 1749 2607 ·-÷
1786 2548 1840 2597 ιι.
1865 2524 1925 2595 Fe·

533 2639 766 2715 stinantibus
783 2641 827 2717 in
842 2667 989 2719 summa
1009 2644 1141 2748 inopia
1164 2647 1346 2749 patribus.
1369 2692 1421 2709 -
1448 2653 1501 2723 ιδ.
1527 2647 1658 2722 Hostes
1680 2646 1847 2751 oppressi
1864 2659 1926 2718 aut

534 2760 650 2864 elapsi
671 2763 807 2839 forent.
829 2809 882 2828 -
922 2774 976 2859 14.
1001 2768 1219 2845 Exercitum
1242 2784 1397 2875 argento
1423 2770 1520 2846 fecit.
1551 2818 1578 2833 -
1622 2768 1677 2847 15.
1701 2772 1844 2875 Togam
1865 2794 1923 2871 pa-

536 2884 758 2963 ludamento
774 2890 946 2965 mutavit
971 2939 1023 2957 -
1052 2894 1106 2970 16.
1134 2892 1190 2967 lbi
1212 2892 1378 2969 triennio
1402 2891 1541 2969 frustra
1575 2893 1676 2969 trito.
1724 2940 1727 2945 ·

832 3111 962 3188 Oratio
990 3112 1028 3185 C.
1057 3113 1175 3191 Conco
1202 3117 1368 3214 Coruulis
1396 3116 1449 3191 cui
1469 3116 1660 3216 Populum.

615 3284 667 3355 17.
689 3258 876 3355 Quirites,
897 3260 1020 3334 multa
1041 3259 1138 3335 mihi
1153 3262 1323 3365 pericula
1342 3262 1447 3338 domi
1459 3264 1698 3369 militiaeque,
1721 3262 1844 3339 multa
1861 3254 1920 3331 ad·
1989 3242 1990 3319 ss

533 3406 642 3456 vorsu
662 3380 793 3457 fuere:
817 3410 985 3485 quorum
1004 3382 1080 3459 alia
1107 3384 1281 3475 toleravi,
1301 3385 1443 3489 partim
1462 3387 1587 3491 repuli
1601 3388 1761 3463 deorum
1782 3378 1920 3463 auxiliis

534 3522 573 3580 et
592 3506 734 3581 virtute
756 3532 839 3581 mea
860 3540 869 3579 :
893 3506 937 3583 in
960 3507 1047 3609 quis
1079 3507 1256 3583 omnihus
1284 3536 1410 3613 neque
1441 3510 1591 3586 animus
1624 3510 1775 3617 negotio
1808 3502 1918 3585 defuit

533 3674 805 3740 sandaliano.
822 3675 929 3739 Colon-
942 3675 1107 3741 Putscb.-
1127 3679 1156 3737 8.
1169 3677 1257 3741 C.Fr.
1277 3678 1447 3741 rasoriu-
1467 3704 1496 3763 9.
1514 3684 1555 3742 ita
1568 3682 1603 3743 C.
1617 3688 1663 3744 Fr.
1683 3684 1849 3765 adsurgere.
1873 3676 1915 3738 ted

532 3778 566 3837 in
580 3779 705 3840 victoria
722 3801 783 3841 om.
800 3779 880 3840 Non.
893 3780 930 3853 4,
944 3780 973 3839 5.
993 3780 1117 3840 urai-om.
1137 3802 1209 3859 equo
1228 3784 1690 3865 descendereetsurgeredosrllo
1704 3782 1913 3877 babetidemir

533 3883 602 3954 430.
623 3884 693 3944 sella
705 3904 822 3963 surgere
834 3884 886 3945 cfr.
899 3886 978 3945 Serv.
993 3882 1151 3961 adolent,
1169 3905 1236 3946 ιιι.
1248 3885 1321 3947 Aen.
1335 3892 1367 3961 ὅ,
1385 3890 1506 3965 ιοὸ.-
1527 3911 1574 3953 ιο.
1595 3892 1679 3955 Prisc.
1697 3895 1732 3971 6,
1751 3896 1804 3970 13,
1819 3892 1879 3955 265.

912 4072 1116 4131 Possum
1142 4090 1366 4133 irorrronou
1395 4092 1577 4137 ιιιιοιιιιι.

545 4196 552 4215 ’
592 4215 617 4259 ι.
637 4194 711 4261 Fert.
731 4215 753 4254 s.
766 4217 793 4259 v.
814 4196 974 4260 sublicium.
995 4230 1038 4245 -
1059 4218 1086 4259 a.
1099 4198 1177 4261 Non.
1191 4222 1227 4281 9,
1245 4221 1271 4265 ι.
1291 4202 1360 4263 sitos
1371 4204 1526 4285 prosatio,
1543 4206 1623 4289 quod
1640 4206 1762 4291 legitur,
1777 4206 1905 4271 scorrio-

530 4320 568 4363 us
584 4308 745 4364 correctum
761 4312 812 4366 est.
831 4298 1026 4396 basclorum
1039 4305 1090 4366 alii
1102 4304 1161 4366 alio
1174 4304 1262 4367 libro.
1271 4326 1298 4367 u
1310 4302 1489 4385 ,ru,11,x}
1502 4330 1541 4371 xi.
1558 4311 1736 4377 adscribunt.
1745 4348 1786 4364 ·-
1804 4313 1830 4375 ὅ.
1839 4310 1903 4370 Serv·
