4050 5009
394 362 443 441 36

429 555 538 635 Anna·
556 546 844 631 DCLXXXVI.
861 549 908 625 P.
931 545 975 625 U.
997 546 1037 625 C.
1060 546 1237 625 Consules
1256 550 1296 624 L
1316 549 1508 642 Caecilitu,
1534 557 1575 633 L.
1583 558 1625 660 f
1648 558 1695 662 Q.
1717 582 1754 635 n.

747 674 934 757 Metellae,
959 674 1005 775 Q.
1029 672 1197 749 Marones
1219 674 1313 776 (if.
1332 678 1428 753 Rex.

475 843 583 925 Cum,
605 838 745 904 Metello
766 838 915 903 Consule
935 844 1092 923 mortuo,
1110 837 1205 928 filius
1223 859 1380 925 quoque,
1402 839 1441 903 in
1459 841 1566 927 patris
1585 842 1702 907 locum
1720 843 1793 909 sui·
1910 868 1913 871 ⁴

393 944 517 1031 iectus,
546 952 729 1027 antequam
749 944 986 1029 magistratum
1006 944 1129 1029 iniret,
1158 944 1252 1009 diem
1271 966 1470 1031 supremum
1494 949 1651 1035 obiisset,
1683 950 1796 1015 nemi·

395 1073 477 1119 nem
496 1051 675 1139 subrogari
684 1050 825 1136 placuit,
844 1058 878 1115 et
893 1051 1036 1115 Marcius
1053 1052 1144 1116 solus
1160 1071 1224 1136 per
1236 1052 1411 1135 reliquum
1430 1074 1561 1117 annum
1577 1055 1794 1120 consulatum

394 1158 554 1245 gessit.⁶)
575 1158 639 1221 His
658 1157 863 1224 consulibus,
878 1155 1050 1240 Collegia,
1080 1175 1157 1237 quae
1180 1164 1299 1220 contra
1320 1144 1571 1244 rempublicam
1592 1161 1680 1225 inita
1699 1162 1799 1225 vide-

395 1263 541 1348 bantur,
561 1264 854 1329 scnatusconsulto
875 1260 1010 1325 sublata
1034 1266 1123 1345 suut.
1143 1256 1200 1341 θ’)
1230 1262 1362 1322 Marcio
1381 1266 1471 1347 Regi
1486 1264 1800 1351 Ciliciaprovincia

399 1370 535 1437 decreta
556 1379 626 1435 cst..
660 1370 841 1451 Lucullus,
872 1387 951 1431 cum
969 1384 1065 1448 reges
1086 1382 1191 1428 novas
1207 1364 1322 1448 copias
1340 1375 1533 1451 parassent,
1552 1371 1668 1431 media
1686 1379 1801 1436 aestate

399 1476 546 1542 Taurum
572 1486 723 1543 montem
745 1475 878 1560 primus
897 1476 1135 1538 Romanorum
1159 1473 1285 1534 ducum
1306 1478 1550 1558 transgressus,
1569 1474 1728 1558 pluribus
1750 1475 1802 1541 le

397 1582 555 1648 rioribus
577 1584 709 1669 proeliis
733 1580 851 1665 factis,
872 1585 1012 1646 tandem
1036 1581 1129 1664 apud
1148 1580 1320 1664 Artaxata,
1340 1580 1463 1643 urbem
1484 1581 1746 1645 munitissimam
1768 1592 1802 1646 et

395 1689 604 1754 Hannibalis
632 1689 779 1753 consilio
810 1690 887 1751 loco
915 1670 1083 1772 perquam
1109 1692 1304 1768 opportuno
1323 1684 1441 1769 sitam,
1465 1686 1650 1771 Tigranem
1685 1706 1803 1772 regem

372 1821 377 1829 .
399 1794 509 1854 atroci
529 1793 654 1875 proelio
667 1794 766 1867 vicit,
787 1802 851 1854 eta
866 1791 1068 1853 Mithridate
1084 1793 1320 1874 persequendo
1334 1789 1424 1855 coeli
1441 1791 1571 1855 saevitia
1588 1793 1802 1877 prohibitus,

401 1894 688 1977 Mesopotamiam
708 1895 886 1978 repetivit,
914 1895 977 1958 ubi
997 1896 1112 1960 media
1133 1895 1248 1959 hieme
1263 1894 1416 1978 Nisibin,
1442 1898 1564 1963 urbem
1586 1896 1805 1980 opulentissi-

403 2016 497 2061 mam
522 2018 600 2061 cum
618 1997 723 2083 ipsius
740 1999 900 2085 Tigranis
922 1989 1028 2067 lra'tre
1046 1999 1146 2087 cepit.
1161 1999 1245 2086 ⁰⁰⁰)
1275 2002 1343 2067 Sed
1357 2004 1479 2069 eodem
1497 2011 1652 2087 tempore
1668 2011 1703 2068 et
1720 1995 1804 2091 Tig-

403 2200 578 2297 Tigranii,
600 2213 661 2293 qui
675 2216 847 2275 Armeniis
864 2216 1069 2298 imperabat,
1089 2213 1261 2302 ingressus
1274 2225 1333 2281 est.
1352 2216 1610 2302 Tigranocerta,
1631 2216 1805 2281 civitatem

402 2317 675 2403 nobilissimam,
699 2319 807 2403 cepit:
828 2319 941 2404 ipsum
962 2333 1079 2405 regem
1099 2343 1177 2385 cum
1200 2329 1363 2386 sexcentis
1389 2322 1545 2384 millibus
1567 2322 1805 2385 Clibaniorum

308 2438 310 2444 '
403 2433 439 2491 et
456 2433 593 2491 centum
611 2426 767 2489 millibus
780 2426 1034 2511 sagittariorum
1055 2434 1089 2490 et
1104 2436 1313 2490 armatorum
1324 2426 1541 2507 venientem,
1561 2427 1672 2488 XVlll
1693 2427 1806 2493 millia

404 2532 558 2597 militum
579 2530 711 2595 habens
729 2530 778 2593 ita
796 2532 895 2615 vicit,
916 2543 955 2597 ut
978 2554 1138 2619 magnam
1153 2542 1285 2616 partem
1302 2531 1545 2595 Armeniorum
1565 2531 1807 2593 deleverit.»-

407 2636 565 2703 Ceterum
592 2642 714 2703 eodem
741 2660 833 2705 anno
860 2642 907 2703 M.
931 2639 1082 2724 Pupium
1103 2638 1255 2703 Pisonem
1279 2636 1551 2721 Calpurnianum
1577 2655 1617 2697 ex
1638 2636 1807 2717 Hispania

406 2744 650 2831 triumphasse,
668 2748 785 2813 Cicero
808 2757 928 2812 auctor
946 2754 1005 2811 est.
1026 2743 1087 2809 cir.
1097 2744 1189 2811 Orat.
1208 2744 1248 2813 in
1263 2742 1378 2810 Pison.
1392 2745 1442 2809 26.
1459 2751 1493 2808 et
1512 2743 1636 2841 Δεῦρο,
1658 2741 1704 2803 ad
1727 2737 1804 2802 h.l.

404 2869 438 2933 p.
456 2854 525 2915 166.
545 2853 614 2915 Cic.
627 2875 688 2936 pro
709 2856 840 2919 Flacco.
860 2860 890 2918 3.
1178 2909 1181 2916 .
1510 2894 1514 2903 ·

500 2956 537 3038 ⁰)
559 2958 628 3019 Cir.
643 2960 755 3020 Dion.
775 2960 881 3021 Cassii
896 2958 983 3021 Hist.
1005 2964 1107 3026 Rom·
1128 2962 1227 3025 Libri
1239 2963 1369 3026 XXXV.
1390 2962 1512 3045 fragm.
1532 2981 1561 3020 c·
1579 2973 1610 3030 4·

488 3060 550 3143 ⁰⁰)
569 3063 689 3123 Ascon.
700 3063 838 3125 Pedian.
851 3066 1040 3129 Comment.
1053 3064 1093 3127 in
1110 3063 1326 3127 Pisonianam
1342 3088 1375 3139 p.
1388 3069 1457 3135 159·
1477 3064 1545 3124 Cic.
1560 3062 1599 3122 in
1611 3055 1725 3118 Pison.
1738 3074 1766 3116 c.
1777 3068 1807 3129 4.

466 3160 545 3248 ⁶⁰⁶)
567 3148 731 3231 Omnium
758 3170 963 3255 scriptorum
990 3162 1253 3244 diligentissime
1283 3158 1352 3217 Dio
1381 3157 1514 3217 Cassius
1533 3159 1577 3217 de
1601 3158 1705 3233 hujus
1725 3157 1809 3224 anni

408 3271 684 3357 expeditionibus
704 3274 870 3354 exposuit.
889 3270 913 3326 l.
931 3267 955 3323 l.
975 3283 1004 3323 c.
1021 3265 1131 3321 o-rc
1150 3261 1217 3321 Sed
1231 3258 1394 3341 proelium
1418 3260 1462 3319 ad
1482 3260 1659 3343 Artaxata,
1678 3260 1716 3322 in
1736 3280 1807 3342 quo

407 3380 612 3445 celebrando
636 3376 765 3438 multus
785 3379 834 3431 est
856 3365 1075 3437 Plutarchus,
1094 3362 1234 3429 silentio
1256 3361 1483 3446 praetermisit.
1511 3364 1628 3427 Livius
1648 3365 1809 3449 inprimis

405 3486 496 3548 banc
509 3481 689 3546 victoriam
708 3474 869 3537 laudibus
893 3468 1053 3535 extulisse
1070 3461 1216 3533 ridetur.
1238 3468 1298 3532 cfr.
1315 3469 1403 3532 Plut.
1417 3471 1457 3533 V.
1469 3471 1550 3533 Luc.
1564 3491 1592 3533 c.
1613 3473 1664 3534 δι.
1684 3474 1809 3535 Contra

408 3587 608 3653 Plutarchus
629 3583 667 3647 in
688 3580 799 3646 causis
817 3576 1030 3644 Lucullianae
1047 3574 1154 3638 cladis
1171 3575 1385 3638 illustrandis
1410 3576 1520 3638 multo
1540 3584 1590 3639 cst
1609 3578 1811 3662 diligentior

408 3690 433 3757 l.
447 3691 472 3751 l.
485 3694 615 3755 aa-es.
634 3692 810 3776 Appianas
820 3711 848 3751 c.
865 3684 999 3768 87-88.
1012 3669 1056 3745 ne
1065 3681 1202 3744 Nisibin
1211 3683 1348 3763 quidem
1359 3694 1590 3766 oppugnatam
1606 3694 1807 3768 captamque

410 3803 664 3863 commemorat.
688 3798 729 3855 ln
742 3793 833 3854 Livii
846 3792 1002 3874 Epitome
1013 3788 1105 3851 nihil
1116 3788 1296 3872 scriptum,
1311 3792 1402 3871 quod
1420 3793 1567 3853 adhunc
1584 3809 1713 3851 annum
1732 3808 1811 3873 pere

411 3900 530 3965 tineat.
545 3899 642 3961 Oros.
651 3900 708 3962 Vl.
728 3902 756 3964 3.
776 3896 827 3971 ,is
837 3894 926 3979 (scil.
941 3893 1119 3976 Lucullus)
1134 3894 1336 3959 imminente
1352 3896 1466 3960 hieme
1484 3918 1546 3980 pcr
1562 3896 1757 3959 Armeniam
1770 3894 1810 3959 in

408 4005 692 4090 Mesopotamiam
714 4021 901 4088 regressus,
927 4000 1062 4065 Nisibin
1082 4001 1221 4084 urbem,
1245 4000 1317 4063 illis
1335 4010 1414 4065 tunc
1443 4001 1528 4065 locis
1551 4000 1734 4084 inclytam,
1754 4018 1810 4062 ex·

410 4110 576 4197 pugnavit
588 4118 622 4173 et
637 4107 947 4195 cepit.»1demtcre
961 4108 1157 4192 Eutropius,
1177 4110 1237 4170 sed
1250 4117 1390 4189 uterque
1406 4108 1445 4171 in
1458 4127 1499 4171 co
1514 4106 1693 4184 falluntur,
1714 4104 1810 4186 quod

410 4214 512 4295 hujus
527 4214 612 4282 anni
625 4214 903 4302 expeditionibus
920 4213 1072 4305 ombus,
1090 4216 1158 4279 hoc
1171 4212 1288 4299 priore
1302 4234 1394 4280 anno
1410 4214 1538 4279 lactum
1555 4219 1718 4279 statuunt
