4050 5009
542 318 612 395 156

487 515 524 596 67
534 500 697 577 Romani
722 490 874 594 milites,
900 501 1104 605 improviso
1127 516 1233 578 metu
1254 500 1390 576 incerti
1414 498 1632 605 ignarique,
1656 492 1751 599 quid
1769 489 1933 599 potissu-

536 651 645 700 mum
674 623 860 717 faeerent,
893 625 1082 727 trepidare
1089 657 1100 718 3
1119 625 1170 699 ad
1197 650 1323 699 arcem
1353 624 1502 727 oppidi,
1525 623 1596 697 ubi
1624 620 1730 725 signa
1755 634 1796 693 et
1821 618 1933 691 seutb

535 758 659 839 erant,
674 749 892 853 proesidium
908 748 1077 823 hostium
1086 782 1096 842 3
1117 764 1236 852 portae
1251 765 1340 822 ante
1359 748 1494 821 clausae
1512 746 1643 851 fugam
1654 740 1933 849 prohibebant:

536 871 585 947 ad
614 871 689 949 hoc
713 874 889 949 mulieres
918 874 1106 977 puerique
1129 898 1198 976 pro
1227 872 1332 946 tectis
1363 870 1611 946 aedificiorum
1644 894 1731 944 saxa
1766 881 1806 940 et
1828 861 1933 950 alia,

536 1021 622 1098 quae
644 996 749 1072 loeus
767 997 981 1101 praebebat,
1007 996 1180 1071 certatim
1211 997 1369 1069 mittere.
1419 997 1475 1068 Ita
1498 1021 1624 1096 neque
1647 989 1769 1068 caveri
1794 1010 1937 1087 anceps
1980 1065 1984 1073 ,

535 1121 698 1211 malum,
719 1148 844 1223 neque
861 1148 883 1194 a
897 1121 1120 1196 fortissumis
1140 1122 1409 1196 infirmissumo
1426 1122 1553 1225 generi
1568 1118 1687 1195 resisti
1704 1139 1809 1220 posse
1826 1144 1834 1184 ι
1849 1109 1936 1185 iux-

537 1260 574 1319 ta
606 1244 698 1319 boni
733 1244 918 1345 malique,
942 1247 1101 1319 strenui·
1116 1262 1154 1321 et
1187 1245 1357 1319 imbelles
1389 1244 1506 1318 inulti
1533 1239 1764 1318 obtruncari,
1813 1238 1863 1308 ln
1892 1259 1937 1307 ea

536 1384 641 1441 tanta
671 1367 895 1469 asperitate,
920 1368 1139 1443 saevissumis
1161 1368 1336 1442 Numidis
1355 1384 1393 1442 et
1420 1367 1562 1471 oppido
1591 1365 1772 1470 undique·
1787 1358 1937 1443 clauso,

473 1486 474 1489 ¹
534 1489 731 1593 Turpilius
752 1491 951 1593 praefectus
974 1518 1076 1567 unus
1110 1520 1156 1567 ex
1180 1493 1358 1567 omnibus
1381 1491 1522 1565 Italicis
1552 1489 1723 1594 profugit
1747 1487 1939 1571 intactus3

535 1614 577 1689 id
595 1614 900 1689 misericordiane
920 1613 1091 1719 hospitis,
1120 1644 1171 1690 an
1186 1616 1383 1719 pactione,
1409 1644 1461 1690 an
1478 1641 1565 1689 casu
1587 1615 1641 1687 ita
1658 1609 1848 1695 evenerit,
1867 1633 1939 1709 pa·

535 1766 623 1813 rum
648 1738 920 1841 comperimus3
945 1739 1037 1826 nisi,
1062 1740 1153 1841 quia
1182 1739 1240 1813 illi
1273 1741 1314 1815 in
1344 1756 1452 1813 tanto
1472 1738 1573 1813 malo
1597 1737 1719 1839 turpis
1738 1733 1815 1811 rita
1840 1730 1940 1804 inte·

488 1888 526 1949 68
536 1890 600 1967 gra
623 1860 723 1936 lama
742 1864 868 1966 potior
886 1861 973 1951 fuit,
1001 1863 1198 1965 improbus
1216 1863 1515 1969 intestabilisque
1536 1862 1693 1935 videtur.
1742 1852 1940 1948 Metellus,

535 2003 737 2091 postquam
770 1986 817 2060 de
847 1986 959 2061 rebus
984 1989 1119 2060 Vaccae
1149 1988 1242 2061 actis
1268 1988 1469 2090 comperit,
1499 1985 1709 2091 paullisper
1732 2000 1889 2059 moestus
1919 2007 1941 2054 e

537 2126 742 2214 conspectu
759 2110 867 2184 abit:
892 2112 1057 2199 deinde,
1073 2112 1142 2184 ubi
1165 2112 1221 2184 ira
1249 2128 1287 2186 et
1302 2110 1486 2215 egritudo
1506 2108 1692 2214 permixta
1710 2124 1821 2197 sunt,
1847 2134 1939 2182 eum

535 2260 713 2310 maxuma
740 2261 831 2307 cura
863 2234 991 2309 11]qu
1017 2236 1072 2309 ire
1091 2234 1250 2309 iniurias
1274 2234 1434 2309 festinat
1491 2234 1711 2344 Legionem,
1736 2260 1827 2310 eum
1860 2258 1940 2332 qua

536 2355 747 2445 hiemabat,
772 2372 810 2432 et
831 2358 1150 2461 quamplurimos
1175 2374 1298 2462 potest
1313 2359 1495 2433 Numidas
1515 2360 1660 2461 equites
1682 2357 1826 2461 pariter
1849 2382 1942 2429 cum

538 2480 774 2555 oc'casu'solis
796 2480 989 2584 expeditos
1006 2482 1152 2575 educit,
1184 2500 1222 2556 et
1240 2500 1386 2585 postera
1411 2484 1473 2557 die
1493 2483 1644 2558 circiter
1669 2477 1810 2557 *boram
1833 2480 1942 2555 terti-

538 2631 601 2677 am
629 2603 801 2706 pervenit
827 2606 868 2678 in
905 2608 1115 2707 quamdam
1139 2607 1365 2709 planitiem,
1392 2607 1484 2680 locis
1516 2607 1648 2711 paullo
1678 2605 1939 2709 superioribus

539 2726 846 2805 circumventam.
898 2730 956 2803 lbi
977 2732 1115 2804 milites
1138 2731 1247 2807 fessos
1264 2731 1411 2806 itineris
1431 2730 1696 2836 magnitudine
1715 2745 1753 2803 et
1777 2730 1856 2802 iam
1873 2728 1941 2803 ab·

622 2922 694 3005 Cap.
711 2926 759 3007 67.
787 2936 873 2985 metu.
895 2929 1024 3005 perculsi
1047 2934 1092 2988 rel
1114 2929 1243 3008 peruersi
1259 2930 1373 2989 addunt
1394 2931 1547 2990 deteriores
1569 2931 1647 2994 libri.
1677 2928 1825 3010 trepidare
1842 2946 1943 2987 arcem

537 3030 599 3093 Bas.
614 3050 639 3089 1.
660 3030 744 3091 Fabr.
756 3032 822 3095 vin.
834 3032 901 3091 Sen.
913 3033 1011 3093 lleuss.
1022 3034 1102 3091 Vrat.
1113 3054 1140 3092 a.
1151 3038 1179 3095 3.
1189 3034 1285 3095 Strur.
1307 3036 1365 3099 inc.
1376 3056 1402 3093 a.
1424 3035 1491 3100 Eae.
1504 3036 1601 3094 Guelf.
1615 3058 1640 3093 1.
1651 3056 1680 3093 a.
1690 3034 1719 3097 5.
1729 3056 1759 3114 9.
1773 3053 1816 3096 ιι.
1829 3035 1944 3112 aliquot

539 3136 654 3195 Gruteri
671 3137 824 3201 etWauii.
844 3136 927 3194 Bern.
938 3136 966 3197 3.
994 3140 1075 3216 apud
1094 3156 1193 3197 arcem
1207 3140 1305 3217 plures
1317 3143 1404 3206 Palat,
1425 3149 1453 3198 et
1463 3150 1558 3219 portoe
1576 3140 1674 3210 ΒΜ.
1690 3136 1866 3198 obtruncari
1883 3138 1943 3197 Bas·

543 3240 704 3311 1.4.Fabr.
727 3239 935 3319 Guell.8,l.9.
956 3240 1068 3299 Leidi.
1094 3240 1294 3306 uuusWassii.
1314 3242 1383 3302 Tur.
1405 3244 1490 3303 Bern.
1504 3244 1568 3305 μδ.
1588 3244 1783 3323 imortproj.
1802 3242 1865 3300 Bas.
1880 3244 1942 3311 ul.

539 3364 580 3410 an
592 3344 795 3424 pastionatici
811 3364 880 3405 casu
900 3344 961 3402 Bas.
977 3364 1001 3402 ι.
1023 3344 1091 3407 vie
1104 3366 1132 3408 a.
1158 3346 1225 3404 Seu.
1239 3366 1277 3408 a..
1292 3346 1390 3412 Hercu.
1419 3348 1515 3407 Rem..
1530 3349 1582 3408 Aa.
1604 3351 1663 3408 inc.
1681 3369 1706 3406 ι.
1727 3348 1823 3408 Strur.
1844 3346 1942 3407 Gusll.

544 3468 569 3508 ι.
584 3469 629 3508 ιο.
643 3469 688 3507 ιι.
709 3459 761 3507 out
770 3458 849 3527 pact.
865 3457 916 3507 ιιιιι
929 3467 999 3510 casu
1018 3448 1116 3514 Senat.
1131 3469 1156 3507 ι.
1178 3450 1275 3510 Guell.
1288 3451 1316 3510 3.
1337 3452 1417 3512 Vrat.
1428 3472 1456 3511 a.
1477 3453 1539 3513 Bas.
1552 3455 1580 3523 l.
1602 3452 1688 3513 Beru.
1705 3458 1732 3516 3·
1750 3451 1850 3531 potior
1865 3451 1942 3528 flul.

530 3552 596 3630 ficit
616 3572 676 3610 om.
697 3552 762 3613 Eos.
783 3553 878 3613 Senat.
893 3574 917 3613 ι.
939 3562 1011 3612 erat
1024 3553 1108 3612 Paris.
1124 3553 1154 3613 b.
1170 3556 1258 3633 sama
1272 3556 1390 3635 integra
1408 3558 1466 3619 inc.
1484 3578 1508 3620 ι.
1530 3556 1615 3616 Fabr.
1630 3577 1657 3621 a.

629 3702 702 3784 Cap.
712 3706 760 3765 68.
777 3704 934 3784 paullt'spar
947 3716 1042 3766 motus
1062 3712 1182 3766 vtato.
1204 3708 1276 3767 abiit
1297 3710 1366 3769 vin.
1387 3729 1412 3768 ι.
1434 3710 1544 3771 Fabrie.
1559 3730 1587 3769 a.
1607 3711 1703 3770 Strur.
1722 3709 1826 3775 Frane.
1848 3710 1942 3771 Tnn'e·

541 3829 642 3869 amnes
655 3810 734 3869 Leid.
755 3810 851 3880 ΒΜ.
871 3808 991 3869 sedabit
1013 3809 1125 3871 Fabrie.
1153 3812 1241 3871 llivii.
1268 3812 1384 3871 Gruter.
1406 3816 1503 3892 plures
1519 3812 1601 3873 Cort.
1621 3814 1682 3878 Bas.
1706 3835 1731 3872 ι.
1759 3814 1887 3881 Βεηιδ.
1906 3836 1942 3876 et

541 3923 693 3993 compertu
713 3912 810 3972 Guell.
826 3914 888 3973 ι.6.
902 3935 945 3972 ιο.
965 3914 1051 3973 Bern.
1070 3915 1099 3973 ὅ.
1119 3915 1216 3979 Turio.
1238 3914 1300 3975 Bas.
1317 3918 1345 3987 4.
1367 3937 1423 3976 esse
1437 3938 1535 3997 correp.
1556 3917 1653 3976 Gucll.
1666 3939 1693 3979 a.
1715 3919 1806 3979 iniur.
1826 3922 1880 3980 ult.
1900 3922 1941 3981 ire

530 4020 603 4097 sest.
623 4017 691 4099 Teg.
712 4018 755 4077 ire
768 4039 827 4076 om.
840 4018 898 4077 Erl.
919 4019 1027 4089 auceia,
1039 4031 1112 4097 post.
1133 4019 1194 4083 Bas.
1206 4020 1236 4090 Ι..
1256 4020 1410 4081 &neentis
1429 4022 1529 4081 Nazar.
1551 4022 1611 4081 Bas.
1624 4044 1649 4086 1.
1672 4021 1769 4082 Guell.
1784 4046 1809 4083 ι.
1832 4025 1865 4083 in
1872 4024 1938 4105 pri·

489 4144 493 4163 ι
540 4143 589 4183 nto
606 4120 696 4183 latere
715 4142 815 4181 omnes
831 4120 909 4182 libri.
929 4126 1030 4183 edoce
1047 4123 1127 4190 Laid.
1141 4145 1169 4189 a.
1182 4146 1207 4185 e.
1219 4125 1248 4185 l.
1260 4146 1292 4183 n.
1313 4135 1341 4184 et
1357 4125 1452 4204 sr'gna.
1470 4135 1497 4185 et
1512 4146 1572 4191 om.
1590 4127 1674 4186 Rem.
1688 4149 1714 4193 1.
1735 4126 1837 4188 Guelf.
1849 4148 1894 4189 ιι.

623 4272 695 4356 Cup.
705 4275 753 4356 69.
775 4274 825 4335 ubi
832 4274 962 4355 primum
989 4273 1153 4343 Bern.t.3.
1185 4276 1285 4350 ΒΜ.
1316 4278 1477 4345 Leid.l›.d.
1508 4280 1642 4341 arrianum
1656 4283 1807 4343 adwrtm
1832 4281 1892 4349 Bas.
1908 4304 1934 4343 1.
