4050 5009
1581 368 1627 440 33

231 553 396 627 Marcius
413 553 491 628 Rex
502 551 680 642 Faesulas,
704 551 749 648 Q.
770 549 946 628 Metellus
967 547 1136 626 Creticus
1152 549 1194 624 in
1212 545 1394 651 Apuliam
1409 543 1632 646 circumque

234 702 276 750 ea
296 675 380 751 loca
402 676 529 750 missi:
554 673 599 750 hi
619 675 775 778 utrique
796 675 845 750 ad
865 675 1000 750 urbem
1020 677 1268 776 Imperatores
1290 686 1416 760 erant,
1439 665 1632 772 impediti,

214 825 282 873 .ne
319 797 630 902 triumpharent,
665 797 859 872 calumnia
896 825 1139 902 paucorum,
1173 796 1313 898 quibus
1349 792 1476 898 omnia
1511 790 1631 866 bone-

230 937 287 996 sta
316 938 432 1024 atque
457 919 657 996 inhonesta
683 921 845 998 vendere
878 947 958 998 mos
980 937 1071 996 erat.
1133 919 1205 995 Sed
1234 921 1413 994 Praetores
1451 915 1497 1014 Q.
1522 917 1632 990 Pom-

231 1045 341 1148 peius
372 1044 502 1119 Rufus*
522 1049 722 1149 Capuam,
764 1045 810 1142 Q.
838 1044 1013 1120 Metellus
1042 1044 1150 1120 Celer
1184 1042 1228 1118 in
1259 1067 1396 1147 agrum
1430 1039 1634 1129 Picenum

231 1165 369 1272 bisque
396 1167 644 1272 permissum,
678 1169 737 1244 uti
764 1195 834 1272 pro
868 1185 1037 1274 tempore
1069 1184 1186 1271 atque
1219 1165 1392 1271 periculo
1425 1162 1635 1240 examitum

234 1309 520 1396 compararent3
543 1292 592 1367 ad
615 1289 707 1382 boc,
741 1293 772 1367 si
800 1292 884 1396 quis
910 1291 1147 1368 indicavisset
1167 1291 1216 1366 de
1241 1287 1525 1377 coniuratione,
1548 1311 1635 1389 quae

234 1429 369 1489 contra
392 1415 668 1518 rempublicam
689 1414 787 1488 facte
811 1431 909 1506 erat,
934 1415 1136 1520 praemium
1159 1439 1265 1490 servo
1286 1412 1501 1486 libertatem
1523 1425 1562 1485 et
1581 1435 1638 1486 se·

235 1537 366 1612 stertia
385 1555 563 1612 centum:
588 1538 708 1614 libero
727 1539 997 1642 impunitatem
1016 1539 1097 1614 eius
1122 1538 1177 1614 rei
1201 1553 1239 1612 et
1262 1535 1428 1612 sestertia
1449 1535 1638 1626 ducenta3

236 1661 405 1762 itemque
423 1659 635 1752 decrevere,
674 1662 731 1736 uti
760 1661 993 1766 gladiatoriae
1011 1662 1166 1736 familiae
1192 1663 1366 1764 Capuam
1386 1674 1426 1732 et
1445 1658 1487 1732 in
1516 1673 1638 1734 cetera

236 1783 449 1886 municipia
469 1783 787 1859 distribuerentur
813 1813 884 1888 pro
904 1785 1089 1888 cuiusque
1108 1785 1268 1889 opibus:
1292 1786 1421 1858 Romae
1435 1809 1505 1886 per
1520 1798 1640 1858 totam

237 1907 375 1980 urbem
394 1906 531 2010 vigiliae
551 1903 804 1996 haberentur,
832 1907 951 2010 iisque
980 1911 1145 1982 minores
1165 1907 1405 2013 magistratus
1430 1922 1639 2008 praeessent.

238 2030 392 2127 Quibus
418 2029 529 2102 rebus
551 2047 722 2137 permota
744 2030 896 2120 civitas,
922 2049 1037 2136 atque
1060 2032 1261 2106 immutata
1285 2031 1391 2106 urbis
1409 2028 1522 2104 facies
1542 2045 1683 2124 erat33,
1736 2025 1748 2041 ⁸

237 2180 283 2228 ex
303 2178 452 2227 summa
472 2151 603 2227 laetitia
627 2170 741 2256 atque
768 2152 942 2244 lascivia,
968 2182 1054 2259 quae
1079 2155 1264 2230 diuturna
1289 2155 1396 2258 quies
1423 2170 1638 2262 pepererat,

236 2373 265 2415 c.
282 2351 313 2410 d.
329 2371 359 2433 g.
375 2371 458 2416 mn.
479 2349 624 2430 calupnia.
646 2351 707 2410 Bas.
724 2372 747 2410 ι.
761 2373 788 2412 2.
800 2351 829 2424 d.
851 2352 939 2430 iisque
949 2354 1131 2434 permissum.
1152 2353 1288 2419 caelet
1308 2355 1367 2415 Ert.
1389 2355 1501 2436 hr'isque
1514 2353 1599 2414 Bem.
1608 2369 1637 2410 2.

238 2455 340 2534 ha'eqrte
349 2475 442 2534 perm.
460 2455 529 2538 Teg.
549 2455 609 2514 llas.
625 2476 648 2512 ι.
666 2477 768 2522 mure.
795 2457 857 2522 Bos.
869 2479 895 2516 2.
907 2460 934 2530 4.
955 2479 1057 2518 omues
1065 2459 1144 2524 leid.
1164 2457 1234 2518 Tur.
1244 2459 1276 2518 ἰ.
1290 2479 1318 2520 2.
1332 2460 1417 2520 Beer.
1426 2461 1456 2522 3.
1475 2479 1569 2541 perm.
1587 2464 1638 2517 eet.

241 2559 321 2624 Laid.
339 2559 371 2618 b.
392 2561 413 2618 f.
435 2579 463 2638 g.
486 2557 507 2616 i.
526 2581 567 2622 m.
599 2559 661 2624 llas.
684 2583 712 2621 2.
728 2561 757 2628 3.
786 2561 870 2622 Rern.
886 2563 915 2623 3.
943 2563 1108 2624 indicasset.
1132 2563 1200 2647 Τις.
1225 2563 1288 2623 Bes.
1306 2563 1336 2625 3.
1363 2565 1433 2628 Tur.
1455 2587 1482 2627 ι.
1512 2563 1597 2628 Rern.
1615 2582 1641 2627 ι.

240 2665 321 2724 Leid.
338 2663 366 2728 k.
392 2663 547 2744 prumiam
560 2665 718 2724 deerevere.
746 2669 804 2731 inc.
820 2688 845 2732 ι.
866 2667 927 2728 Bas.
939 2689 968 2728 2.
984 2667 1058 2733 Tur.
1074 2689 1102 2728 2.
1123 2669 1209 2730 Fabr.
1224 2689 1252 2728 2.
1279 2669 1348 2730 Sen.
1363 2691 1388 2730 1.
1414 2668 1466 2737 be.
1494 2669 1562 2730 tce.
1581 2665 1642 2731 Erl.

239 2768 321 2828 Leid.
338 2769 357 2830 i.
375 2789 406 2826 n.
425 2768 549 2846 prumia
561 2769 641 2828 decr.
662 2769 756 2830 Struv.
778 2771 877 2831 llauss.
909 2771 1007 2832 Guell.
1023 2773 1092 2854 7.8.
1112 2773 1181 2855 Τις.
1207 2772 1291 2831 Bern.
1305 2795 1333 2838 2.
1348 2775 1377 2833 3.
1402 2776 1472 2834 vin.
1483 2795 1510 2834 2.
1539 2775 1643 2832 deere-

240 2895 305 2936 vere
319 2873 507 2932 interlineas.
529 2871 624 2932 Guels.
640 2893 665 2931 2.
680 2877 708 2944 4.
728 2877 807 2936 decr.
819 2899 921 2957 prrenr.
944 2877 1005 2938 Bas.
1015 2878 1044 2938 3.
1063 2898 1166 2958 prum.
1182 2880 1355 2939 rorutitucre
1365 2879 1393 2936 ei
1400 2880 1484 2937 dore.
1505 2877 1603 2938 Gnell.
1613 2877 1645 2939 6.

239 2977 329 3038 simul
345 2979 496 3036 decrevere
513 2995 593 3036 servo
608 2977 768 3038 libertatem
783 2983 871 3042 libero
883 2983 1083 3062 impunitatem
1098 2993 1126 3042 et
1141 2984 1336 3056 sestertiorum
1347 2980 1411 3041 CC.
1420 2982 1513 3042 milia.
1533 2982 1602 3042 Tur.
1615 3002 1642 3041 ι.

242 3083 374 3143 sestertia
389 3089 515 3142 centum.
538 3078 633 3138 Guell.
644 3083 673 3140 5.
695 3083 755 3142 Bas.
772 3107 798 3144 ι.
818 3088 886 3146 vin.
903 3109 927 3146 1.
950 3087 1028 3146 deest
1041 3089 1072 3145 in
1086 3087 1157 3169 Τις.
1181 3087 1262 3148 leid.
1271 3110 1299 3149 e.
1321 3085 1470 3148 seetertio.
1498 3086 1596 3146 Guell.
1611 3085 1642 3148 3.

242 3187 467 3272 ti.7.9.ro.inc.
488 3183 584 3244 Strur.
598 3183 664 3243 Sen.
684 3208 708 3246 ι.
730 3188 792 3248 Bas.
807 3190 835 3250 3.
857 3190 924 3252 Ece.
937 3200 964 3252 et
975 3192 1251 3254 oemumseetereie.
1265 3178 1643 3253 eteenatuscomultolibe-

243 3323 288 3362 ro.
297 3301 367 3361 Tur.
381 3301 557 3362 asceterio.
579 3301 675 3362 Guels.
689 3301 717 3360 8.
737 3295 788 3356 be.
807 3295 1119 3376 promiastrtertatem
1126 3307 1249 3358 servoet
1267 3307 1383 3357 eenttem
1395 3296 1534 3357 sestertia.
1554 3294 1640 3381 Bem.

247 3429 273 3466 ι.
293 3428 317 3466 e.
334 3427 361 3466 c.
381 3407 465 3466 Rem.
480 3427 505 3464 ι.
521 3405 617 3466 Gnell.
641 3427 686 3463 ιι.
707 3424 744 3462 ee
757 3411 872 3462 senones
883 3402 1027 3462 consulto.
1048 3401 1146 3462 Guell.
1162 3424 1188 3462 ι.
1201 3423 1229 3462 2.
1249 3405 1377 3464 dicento
1395 3399 1479 3460 milia
1496 3398 1643 3461 sestertio·

243 3533 321 3572 rurr.
340 3513 447 3572 Setun.
468 3513 567 3572 lleuss.
596 3511 689 3570 libert.
711 3518 836 3568 centauri.
857 3505 941 3566 Bern.
953 3505 982 3566 3.
1008 3527 1089 3566 servo
1105 3506 1267 3569 libertatem
1283 3507 1373 3567 Hiero
1388 3517 1443 3567 etc.
1462 3505 1531 3565 Vm.
1547 3513 1642 3586 uterq.

242 3615 305 3679 Bas.
322 3637 351 3675 2.
372 3615 501 3676 sestertia
516 3617 653 3675 (trecenta.
675 3613 736 3674 haec
758 3613 863 3692 optim.
885 3611 981 3684 Codd.
1003 3613 1100 3677 lectio.
1125 3612 1321 3674 sestertiorum
1339 3622 1384 3672 ter
1402 3613 1530 3670 ducenta
1550 3608 1642 3673 utta.

244 3723 341 3781 Gnell.
358 3743 382 3784 ι.
400 3743 427 3780 2.
459 3721 563 3780 Pana.
584 3719 671 3778 Fabr.
690 3740 715 3776 ι.
736 3719 803 3775 Seu.
828 3737 853 3775 2.
875 3716 1106 3778 tteun.vtn.2.
1135 3714 1242 3778 beced.
1261 3717 1390 3777 sestertii
1405 3713 1646 3776 ducemnmilie.

245 3827 344 3891 Guell.
357 3825 386 3885 3.
397 3827 425 3896 d.
440 3825 468 3890 5.
484 3825 512 3884 6.
528 3847 556 3906 7.
573 3847 601 3906 9.
622 3845 666 3882 ιι.
687 3823 767 3882 Leid.
781 3825 801 3882 l.
822 3821 907 3880 Bam.
922 3843 947 3880 ι.
968 3822 1028 3881 inc.
1047 3820 1182 3881 Remem.
1205 3841 1313 3884 omnes
1323 3822 1386 3882 Bae.
1412 3822 1508 3884 Stmr.
1526 3820 1596 3882 vin.
1613 3840 1642 3881 2.

246 3932 331 3990 Paris.
345 3929 375 3988 d.
395 3930 463 3990 Eoo.
483 3930 619 3990 duemil.
630 3927 769 3990 sestertia.
790 3926 875 3985 Bern.
889 3925 919 3985 3.
939 3925 998 3986 Erl.
1018 3926 1215 3986 sestertiorum
1225 3925 1293 3986 CC.
1303 3925 1400 3988 rru’lie.
1416 3925 1489 3987 rab.
1500 3945 1527 3987 2.
1543 3926 1641 3987 Guell.
1667 3947 1671 3955 ·

251 4056 296 4094 ιο.
315 4035 385 4116 Teg.
411 4033 496 4094 Bern.
512 4055 538 4094 2.
559 4037 598 4094 ite
614 4045 643 4096 et
659 4033 755 4092 Guelf.
776 4031 802 4092 5.
828 4051 907 4112 apr.
925 4054 965 4088 ιιι.
982 4029 1181 4090 emendatum.
1207 4029 1337 4110 Itemque
1349 4036 1509 4094 decrevere.
1539 4051 1643 4094 omnes

247 4141 305 4202 lere
318 4141 396 4204 libri.
414 4139 510 4218 itaqrte
518 4141 597 4199 decr.
618 4139 679 4198 Bae.
695 4159 720 4196 ι.
734 4159 762 4198 2.
774 4137 873 4216 lruqrw
886 4135 958 4194 min.
971 4135 1029 4194 Erl.
1041 4134 1103 4198 Bas.
1116 4156 1141 4194 1.
1154 4134 1223 4195 Tur.
1236 4157 1265 4196 2.
1276 4136 1361 4197 Bera.
1371 4137 1400 4198 3.
1411 4137 1530 4215 tt'rque.
1539 4135 1642 4210 Bau.

331 4241 405 4324 cap.
421 4243 470 4304 31.
487 4243 585 4321 sactu
606 4254 687 4304 erar.
708 4251 772 4302 emt
785 4239 953 4321 omiserunt}
971 4239 1039 4300 sec.
1059 4239 1144 4299 roa.
1171 4239 1230 4306 ur
1250 4241 1328 4302 sur.
1360 4244 1447 4304 rtet
1464 4245 1532 4320 sac.
1553 4230 1642 4310 ate.

155 4375 158 4380 ·
250 4349 438 4412 omnesLeid.
454 4347 644 4427 urbusocies.
665 4345 723 4408 boc
737 4347 840 4407 ordine
860 4346 941 4405 Cort.
961 4365 994 4406 ex
1008 4345 1202 4406 terustioeimis
1219 4347 1321 4408 edidit.
1344 4348 1388 4408 Ita
1400 4347 1469 4432 Τις.
1489 4349 1565 4413 Edit.
1586 4348 1642 4412 l’e·

1253 4448 1277 4527 5
