4050 5009
309 409 382 504 598

307 608 482 671 administer
501 607 671 690 Perpenna,
691 609 732 670 ob
751 609 893 672 delictum
916 614 992 671 tanti
1012 613 1152 674 facinoris
1172 618 1353 698 supplicium
1377 620 1498 696 timens,
1527 642 1561 682 ex
1580 621 1716 685 Sardinia

305 718 340 778 iu
360 715 537 797 Hispaniam
558 726 737 779 transvectus
764 728 827 792 est,
858 737 893 777 ac
919 739 950 778 so
974 719 1105 780 Sertorio
1130 724 1263 804 sociarit,
1285 725 1338 804 qui
1367 735 1431 784 turn
1460 725 1602 790 Romanis
1629 705 1718 792 armis

307 821 462 904 quassabat
484 826 656 905 imperium.
687 820 771 884 Nam‘
786 822 838 885 hic
857 825 1003 888 Sertorius
1027 825 1064 886 de
1081 825 1169 888 Marii
1190 829 1324 910 partibus
1341 831 1408 892 fuit.
1442 831 1583 896 Norbano
1600 849 1630 897 et
1653 837 1718 900 Sci-

304 931 398 1010 pione
418 929 501 990 Coss.
522 949 591 990 cum
622 951 656 990 ex
681 928 748 990 Asia
766 931 847 1012 Sylla
867 943 972 992 contra
992 932 1120 992 Marium
1143 943 1232 1016 atque
1261 936 1419 998 factionem
1441 943 1556 1002 veniret
1576 944 1717 1027 infestus,

305 1038 414 1098 timens
433 1048 552 1098 senatus
572 1041 661 1111 iram,
682 1059 722 1099 ne
742 1041 824 1099 malo
843 1039 967 1120 publico
986 1042 1151 1104 certamina
1171 1044 1249 1102 inter
1269 1041 1358 1105 duces
1379 1046 1538 1123 orirentur,
1558 1053 1662 1111 statuit
1681 1062 1716 1113 ut

304 1154 441 1205 curarent
466 1147 621 1228 consules,
650 1165 689 1207 ne
707 1145 745 1207 R.
766 1145 796 1212 P.
817 1149 965 1229 acciperet
985 1149 1208 1210 detrimontum.
1232 1149 1297 1210 Hoc
1323 1154 1424 1233 itaque
1443 1163 1559 1214 senatus
1578 1159 1716 1218 consulto

303 1253 421 1312 excitati
456 1255 606 1326 consules,
635 1264 741 1313 contra
769 1257 936 1316 venientem
963 1255 1074 1338 Syllam
1104 1267 1194 1338 atqua
1215 1257 1354 1319 omnibus
1374 1261 1493 1320 exitium
1524 1262 1715 1324 minitantem

301 1358 437 1439 prasidio
456 1358 514 1418 sibi
528 1367 674 1442 cujusque
692 1363 806 1444 generis
824 1382 927 1444 parare
950 1372 1125 1444 carperent,
1146 1374 1176 1425 et
1195 1362 1284 1425 duces
1302 1364 1437 1441 idoneos,
1452 1366 1491 1425 ad
1514 1388 1644 1449 quorum
1664 1371 1717 1430 in-

302 1464 447 1525 dustriam
466 1467 627 1546 pertineret
647 1488 717 1529 aura
738 1468 896 1530 bellorum.
928 1469 965 1528 In
987 1470 1053 1551 quis
1075 1473 1186 1553 elegere
1206 1470 1378 1532 Sertorium.
1409 1471 1512 1534 Parate
1532 1474 1715 1536 validissimo

302 1570 433 1633 exercitu
448 1593 621 1654 ¹processere
641 1587 671 1636 et
681 1619 692 1652 ,
711 1586 829 1637 vetante
847 1576 997 1657 Sertorio,
1020 1579 1173 1658 colloquia
1194 1581 1330 1639 consules
1350 1582 1548 1660 permiserunt
1566 1583 1645 1642 inter
1664 1603 1717 1642 su-

302 1698 354 1740 um
378 1690 408 1740 et
427 1678 513 1762 Syllae
533 1684 712 1759 exereitum,
742 1694 773 1745 et
791 1686 869 1744 faeta
890 1683 1022 1765 proditio
1036 1694 1104 1760 est,
1133 1686 1291 1765 omnisque
1312 1690 1453 1747 exercitus
1473 1687 1558 1767 Syllae
1577 1687 1714 1754 traditur.

300 1788 386 1850 Tunc
415 1791 560 1851 Sertorius
588 1790 746 1853 destitutus
774 1802 865 1872 atque
889 1790 973 1849 omni
996 1791 1152 1870 copiarum
1185 1789 1314 1850 nudatus
1346 1792 1475 1874 euxino,
1504 1793 1537 1852 in
1565 1795 1713 1855 Etruriam

300 1899 454 1978 confugit,
473 1898 548 1955 iram
569 1907 704 1957 metuens
722 1897 811 1956 Sullae
827 1915 867 1955 ne
889 1897 1016 1975 erigeret
1035 1913 1154 1974 gravem
1178 1899 1263 1974 quusi
1282 1893 1319 1956 do
1338 1909 1475 1976 superato
1491 1895 1576 1960 hoste
1596 1898 1715 1961 vindie-

299 2015 371 2065 tam.
412 2001 482 2062 Erat
497 2009 596 2060 autem
615 2001 672 2080 (in)
693 2000 809 2089 Etruria
828 2000 975 2060 fidissima
993 1998 1127 2080 partibus
1149 1999 1306 2085 Marianis,
1327 2004 1379 2084 qui
1399 2003 1436 2062 ab
1459 2004 1529 2086 ipsis
1547 2004 1713 2066 Romanam

299 2129 390 2193 quam
419 2118 507 2168 antea
532 2127 595 2168 uon
628 2104 798 2182 habebant,
820 2114 995 2186 acceperant
1021 2107 1180 2168 ciuitatem.
1221 2107 1371 2170 Timentes
1387 2110 1495 2192 ,igitur
1514 2110 1648 2190 Etrusci,
1675 2133 1715 2174 ne

299 2216 480 2276 beneficium
506 2224 596 2273 tantae
615 2211 769 2295 dignitatis
796 2233 813 2272 a
831 2212 974 2274 Marianis
998 2217 1153 2293 acceptum
1177 2214 1257 2296 Sylla
1277 2227 1441 2291 revocaret,
1464 2220 1487 2276 si
1506 2216 1629 2280 adversa
1642 2239 1714 2300 par·

299 2335 343 2386 tes
364 2333 460 2384 essent
481 2332 650 2405 amputate,
675 2321 797 2403 penitus
816 2321 854 2379 ad
874 2321 1039 2382 Sertorium
1061 2343 1091 2382 se
1108 2332 1197 2403 atque
1219 2321 1294 2382 alios
1315 2321 1445 2401 ejusdem
1467 2323 1605 2384 factionis
1625 2323 1714 2386 duces

298 2433 506 2514 applicarunt,
524 2430 648 2501 omnia,
670 2449 734 2511 quae
757 2431 990 2510 imperarentur,
1012 2428 1077 2488 sine
1099 2429 1285 2489 recusatione
1304 2430 1513 2511 promittentes
1535 2451 1593 2492 esse
1614 2431 1714 2490 factu·-

297 2559 357 2600 ros.
400 2540 505 2620 Itaque
522 2538 634 2599 factum
654 2546 712 2612 est,
734 2547 770 2596 ut
789 2555 888 2598 rursus
907 2537 1095 2598 firmissimus
1119 2536 1170 2596 XL
1188 2533 1358 2598 cohortium
1379 2546 1616 2618 comportaretur
1633 2555 1713 2598 exer·
1752 2573 1766 2588 κ

298 2647 384 2706 citus,
422 2645 500 2704 Nam
517 2655 547 2704 et
567 2644 658 2704 multi
680 2644 790 2704 milites
811 2645 914 2724 quise
939 2645 1071 2723 venienti
1095 2646 1181 2725 sylla
1200 2643 1398 2718 tradiderant,
1420 2644 1551 2703 frustrati
1572 2643 1713 2704 omuibus

299 2751 351 2829 (ita
370 2756 451 2829 cont.
469 2749 594 2809 Burnuf.
609 2751 642 2810 in
661 2748 738 2810 Cod.
758 2760 815 2811 est:
830 2748 1060 2831 frustrationes)
1075 2749 1118 2809 ad·
1132 2751 1267 2830 priorum
1283 2749 1394 2810 dueum
1418 2757 1513 2809 castra
1529 2757 1712 2812 reuerterunt

299 2868 450 2940 quarente
473 2856 683 2938 prodiderunt.
703 2859 787 2916 Inter
807 2854 869 2916 haec
891 2859 961 2916 facti
980 2866 1051 2916 sunt
1072 2856 1182 2914 Marius
1205 2857 1312 2936 septies
1341 2864 1370 2915 et
1395 2853 1493 2915 Carbo
1515 2858 1658 2918 consules.
1679 2857 1709 2916 8.

200 2969 206 2974 “
296 2964 382 3023 Tunc
400 2965 564 3036 Sertorius,
586 2962 623 3021 de
638 2963 725 3021 Marii
746 2972 890 3042 potestate
914 2981 1033 3020 securus
1053 2960 1181 3019 Romam
1199 2962 1283 3022 venit
1303 2971 1332 3021 et
1350 2963 1488 3021 omnium
1510 2964 1602 3043 coepit
1620 2981 1711 3024 accu-
1747 2983 1749 2986 ·

295 3090 357 3130 aare
378 3071 552 3151 segnitiem,
578 3077 607 3128 et
633 3089 668 3128 ex
698 3069 800 3126 multis
813 3055 1050 3146 'promptissimis
1077 3067 1164 3126 factis
1190 3067 1276 3148 Syllae
1304 3066 1481 3128 industriam
1512 3071 1710 3152 uirtutemque

294 3173 436 3248 laudar'e3
458 3178 507 3236 cui
529 3177 586 3236 nisi
610 3173 729 3239 obviam
756 3173 861 3253 iretur,
884 3182 982 3232 aetum
1004 3179 1065 3251 jam
1086 3193 1121 3234 ac
1143 3173 1325 3234 debellatum
1348 3177 1434 3235 foret.
1475 3173 1551 3235 Tum
1576 3179 1709 3238 consules

294 3283 575 3365 principesquealii
599 3282 754 3352 factionis,
778 3291 861 3340 tanto
881 3278 1040 3343 verborum
1064 3280 1196 3361 pondere
1218 3283 1353 3363 castigati
1375 3284 1435 3344 sive
1454 3295 1489 3344 ut
1506 3287 1647 3344 amulam
1673 3305 1707 3344 ac

294 3388 500 3456 vehementem
522 3391 711 3472 negligentiae
732 3397 926 3476 correptorem
952 3385 990 3445 ab
1007 3389 1103 3447 oculis
1121 3399 1321 3472 removerent,
1343 3391 1402 3452 sive
1424 3401 1459 3450 ut
1476 3391 1565 3449 feroci
1584 3390 1708 3471 provin·

294 3501 360 3573 cire,
382 3506 466 3577 cnjus
484 3497 692 3557 infidelitatem
705 3493 868 3570 timebant,
890 3493 1034 3554 idoneum
1054 3505 1259 3576 praeponerent
1279 3494 1403 3570 ducem,
1422 3499 1527 3558 misere
1542 3498 1574 3556 in
1586 3499 1709 3558 citerio-

293 3626 355 3666 rem
387 3606 583 3687 Hispaniam;
605 3612 695 3686 atque
719 3605 747 3664 ei
771 3603 947 3664 mandatum
972 3613 1031 3680 est,
1051 3613 1086 3664 ut
1105 3605 1248 3666 transiens
1272 3607 1369 3664 resin
1391 3603 1489 3664 Gallia
1514 3603 1707 3686 Transalpina

293 3726 495 3794 componeret.
538 3713 595 3773 Sed
614 3711 669 3773 ubi
681 3715 713 3773 in
734 3713 921 3793 provinciam
940 3712 1043 3786 venit,
1063 3713 1105 3771 ita
1126 3721 1244 3771 strenue
1261 3711 1409 3770 sociorum
1432 3711 1548 3770 animos
1566 3717 1628 3790 jam
1653 3709 1709 3770 de-

291 3821 424 3883 ficientes
441 3831 530 3900 atque
541 3824 600 3879 alin
611 3821 763 3901 cupientes
777 3820 809 3877 in
825 3819 953 3879 fauorem
966 3819 1096 3898 partium
1109 3839 1229 3878 suarum
1242 3816 1374 3876 modeste
1387 3816 1498 3876 tuendo
1515 3827 1604 3898 atque
1617 3813 1709 3876 blan-

292 3927 403 3987 diendo
419 3925 573 4009 perduxit,
594 3936 631 3985 ut
641 3935 669 3985 et
684 3945 767 3985 carus
780 3936 852 3985 esset
862 3937 891 3985 et
903 3937 1002 3985 tamen
1020 3924 1058 3984 ab
1073 3925 1214 3985 omuibus
1231 3925 1392 3984 timeretur.
1419 3922 1476 3982 Sed
1491 3924 1522 3981 in
1538 3923 1611 3982 urbe
1628 3923 1707 4003 Sylla
1805 3996 1812 4011 ⁸

293 4043 321 4095 et
341 4035 451 4095 Marius
469 4031 627 4094 conflixere
650 4043 740 4114 atque
757 4035 789 4092 in
812 4033 879 4112 ipso
904 4033 1065 4093 certamine
1082 4033 1194 4092 Marius
1211 4031 1406 4112 interemptus
1427 4041 1489 4090 est:
1511 4030 1607 4090 Carbo
1635 4047 1706 4110 per·

294 4141 363 4202 ditis
387 4141 473 4204 rebus
492 4143 619 4226 aufugit.
659 4140 736 4200 Turn
755 4141 902 4200 Sertorius
924 4139 1091 4200 commissis
1116 4150 1206 4222 utque
1224 4137 1327 4200 deletis
1345 4138 1488 4221 partibus,
1509 4159 1581 4219 quas
1603 4138 1707 4217 seque-

291 4247 389 4324 batur,
410 4252 558 4334 optimum
580 4251 738 4332 eonsilium
763 4247 884 4309 credens
908 4248 1067 4309 exercitum
1085 4269 1149 4309 nou
1170 4247 1336 4325 dimittere,
1356 4268 1395 4308 ne
1416 4247 1545 4308 nudatus
1561 4241 1707 4325 supplicia
