4050 5009
1623 388 1694 467 131

366 582 467 645 ·8s.·
485 573 585 647 Dein
613 572 739 665 campi
770 570 1017 668 Themiscyrii.
1042 572 1106 645 cir.
1137 592 1241 662 supra
1266 574 1311 639 ad
1340 571 1380 637 tr.
1402 594 1453 657 7²·
1479 576 1615 643 Strabo.
1633 578 1696 645 Ed.

285 688 374 753 alm.
395 708 431 772 p.
455 687 506 751 ia.
523 686 594 763 554.
613 686 686 751 556.
708 687 777 753 ιιό.
799 688 870 751 505.
890 686 960 771 547.
989 686 1089 754 -85.·
1109 682 1169 749 cir.
1188 701 1291 766 supra
1314 681 1389 745 Lib.
1410 684 1442 747 3.
1458 680 1501 747 ir.
1525 687 1577 749 so.
1611 688 1695 752 Nam

286 796 330 860 de
352 792 469 880 Oppio
491 794 567 859 trec
586 792 679 859 dicta
697 811 770 859 esse
794 792 933 857 nullum
960 804 1011 857 est
1033 790 1194 871 dubium3
1222 792 1314 873 apud
1331 788 1488 855 Servium
1511 809 1694 879 perperam

287 896 409 985 Appsb
432 899 608 985 scriptum.
635 900 704 966 Sed
719 899 811 965 bene
830 900 876 963 de
893 898 951 961 his
972 898 1087 961 verbis
1112 896 1248 961 Carrio:
1269 916 1487 979 ..quanquam
1506 898 1692 1000 explicatio

285 1005 403 1089 potius
420 1006 607 1071 verbomm
628 1003 772 1069 Salustii
793 1020 899 1084 quam
925 1000 1001 1084 ipsc
1022 1002 1222 1069 Salustiane
1242 1002 1411 1067 orationis
1426 1004 1531 1069 verba
1554 1022 1626 1071 esse
1644 1005 1695 1069 vi

266 1111 424 1195 dentur.
428 1119 446 1155 ²
480 1112 581 1187 -.-64
607 1110 662 1175 Et
688 1107 842 1173 Metello
865 1106 1007 1189 procul
1033 1114 1166 1195 agente
1200 1110 1313 1197 longa
1340 1127 1420 1191 spes
1455 1106 1696 1180 auxiliorum.

286 1215 393 1280 haec
381 1234 423 1279 m
439 1213 763 1279 Cinnanotumultu
778 1210 984 1275 illustrando
997 1210 1102 1277 hebet
1115 1213 1219 1278 Debr.
1239 1212 1327 1277 Satis
1345 1212 1441 1278 enim
1456 1223 1602 1299 constet,
1625 1234 1696 1299 quc

183 1328 194 1396 g
290 1327 449 1405 tempore
470 1318 585 1383 Cinna
610 1318 794 1387 exercitum
823 1325 944 1383 contra
969 1318 1093 1394 urbem
1113 1308 1230 1398 duxit,
1264 1318 1441 1383 cecilium
1460 1320 1640 1389 Metellum
1658 1319 1700 1387 in

288 1423 449 1507 reliquiis
462 1424 553 1489 belli
565 1423 703 1491 socialis
717 1423 963 1509 persequendis
975 1433 1195 1511 occupatum,
1212 1424 1252 1489 in
1266 1426 1407 1490 Samnio
1419 1434 1528 1501 castra
1539 1426 1701 1497 habuisse

289 1529 350 1597 cir.
370 1530 517 1617 Appisn.
537 1532 632 1597 deb.
650 1530 722 1600 civ.
741 1532 837 1595 168.
870 1532 967 1595 -.·65
985 1532 1096 1597 More
1116 1527 1292 1613 equestris
1309 1528 1437 1615 prcrlii
1451 1529 1606 1617 sumptis
1624 1542 1700 1598 ter·

287 1633 347 1726 gis
361 1646 472 1722 atque
488 1629 643 1707 redditis
654 1643 718 1703 etc.
739 1635 800 1703 cir.
814 1638 895 1724 Jug.
916 1640 973 1717 ⁵9³
992 1657 1088 1713 ,non
1108 1644 1147 1701 ut
1163 1636 1313 1719 equestri
1330 1638 1456 1723 proelio
1473 1638 1576 1749 solet,

291 1742 375 1806 dein
387 1745 522 1820 cedere,
529 1752 547 1788 θ
560 1742 635 1823 jam
651 1750 759 1835 terga
777 1744 876 1828 dare,
893 1744 1049 1828 praebere
1066 1743 1121 1811 rel
1135 1741 1283 1809 reddere
1297 1746 1385 1809 uth.
1399 1742 1423 1807 l.
1438 1712 1484 1801 'tsi
1494 1725 1582 1800 νῶτῶ
1598 1656 1702 1815 iiii:

183 1917 195 1935 ‚¹
289 1842 519 1938 profugere,
538 1845 707 1940 refugere
724 1850 879 1936 dici‚in
894 1850 1018 1937 vulgus
1033 1859 1171 1929 notum3
1191 1851 1297 1915 scdt.
1315 1869 1457 1914 sumere
1474 1868 1539 1933 pro
1562 1848 1700 1931 insequi

290 1956 381 2037 apud
404 1953 543 2020 nullum
557 1974 711 2037 unquam
729 1955 931 2041 scriptorem
944 1976 1000 2021 me
1019 1956 1158 2043 legisse
1155 1956 1321 2035 memini3
1342 1958 1431 2021 hauc
1452 1955 1560 2041 igitur
1574 1953 1701 2019 dictio-

288 2078 372 2121 nem
393 2078 415 2121 a
431 2060 581 2123 Salustic
600 2069 669 2115 W
667 2042 884 2153 ἆιᾱλοχιῶν
906 2060 1139 2127 antecedentis
1156 2060 1270 2126 fictam
1290 2082 1362 2127 esse
1375 2059 1586 2145 putaverim3
1600 2056 1701 2123 nuda

292 2170 400 2249 terga
419 2158 587 2225 inuadere
608 2162 683 2226 Liv.
694 2172 729 2227 et
747 2165 887 2228 Tacitus
904 2165 1082 2243 dixerunt3
1102 2166 1176 2229 Liv.
1195 2186 1222 2227 ι.
1246 2183 1295 2245 27.
1317 2169 1406 2231 Αιιιι.
1431 2182 1460 2225 ι.
1483 2186 1530 2241 ¹7·
1550 2166 1586 2225 h.
1604 2182 1633 2241 4.
1649 2161 1700 2227 66.

290 2267 390 2348 -67.-
409 2267 689 2332 Muttossamen
705 2264 752 2331 ab
770 2264 1031 2331 adulescentia.
1053 2270 1098 2330 ad
1110 2266 1253 2351 Cethegi
1270 2284 1384 2329 mores
1396 2266 1621 2329 illustrandos
1634 2268 1702 2333 hoc

290 2371 463 2455 pertinere
480 2370 599 2435 statuit
616 2371 722 2436 Dehr.
749 2370 812 2437 cir.
827 2390 932 2455 supra
951 2390 1031 2459 pag.
1048 2392 1098 2455 7⁰·
1119 2372 1217 2435 -us-
1237 2370 1346 2449 Cosa.
1367 2370 1554 2435 Salustium
1580 2371 1700 2459 singu·

290 2477 358 2542 lari
372 2498 517 2543 numero
534 2472 660 2543 dixisse
677 2485 798 2545 auctor
806 2486 858 2542 est
866 2476 1012 2543 Servius.
1035 2480 1078 2543 de
1098 2480 1165 2541 hoc
1176 2477 1306 2562 oppido
1324 2477 1373 2541 ita
1384 2478 1664 2545 Rutiliusltiner.
1675 2482 1701 2548 Ι.

291 2586 362 2667 295.
373 2604 423 2666 sq.
438 2586 533 2650 Inter
543 2592 730 2650 castrorum
738 2583 1313 2672 vestigissermoretexiffiardoam
1325 2586 1458 2671 Lepido
1466 2586 1705 2674 precipitante

157 2687 159 2692 ’
290 2689 427 2775 fugam,
456 2690 560 2755 litore
588 2710 736 2775 namque
761 2694 855 2757 Cose
883 2702 1047 2779 cognatos
1074 2692 1208 2777 depulit
1233 2694 1367 2773 hostes,
1401 2691 1563 2759 virtutem
1589 2694 1702 2757 Catuli

293 2797 407 2858 Rome
433 2804 548 2859 secuta
568 2795 672 2861 ducis
690 2818 790 2876 -90.·
810 2799 944 2863 Fessus
961 2794 1000 2860 irs
1020 2799 1288 2889 Pamphyliam.
1308 2802 1394 2861 Cum
1411 2798 1510 2862 nullo
1529 2799 1601 2865 fere
1623 2802 1702 2865 loco

294 2899 365 2963 nisi
383 2898 421 2962 in
446 2900 542 2964 bello
562 2900 707 2981 piratico
731 2900 958 2965 describendo
979 2900 1084 2977 hujus
1103 2899 1173 2961 loci
1196 2902 1327 2963 mentio
1354 2900 1430 2963 fieri
1448 2910 1582 2983 posset,
1601 2902 1704 2967 iaciie

295 3002 486 3090 putaveris,
507 3002 575 3063 hoc
590 3001 632 3067 fr.
649 3020 691 3065 eo
709 3001 893 3085 pertinere.
911 3003 979 3064 sed
998 2994 1084 3061 nuni
1102 3000 1267 3065 Seruilius
1282 3020 1326 3065 sn
1344 3003 1534 3086 piratarum
1549 3006 1620 3069 dux
1635 3005 1704 3093 sig-

198 3120 203 3127 “
294 3108 477 3192 nificetur‚
497 3106 678 3171 incertum.
708 3106 843 3173 Fessus
862 3105 954 3169 Serv.
972 3104 1135 3189 explicet:
1154 3126 1257 3191 egens
1285 3108 1439 3187 consilii3
1459 3130 1540 3173 nam
1559 3130 1705 3199 corpore
1841 3154 1843 3161 -

294 3215 478 3302 fatigatum
498 3212 664 3289 dicimus,
693 3210 812 3277 animo
833 3210 970 3277 fessum.
1001 3230 1105 3290 ·91··
1123 3206 1326 3295 Profectus
1349 3209 1496 3295 quidum
1518 3213 1635 3305 Ligus
1656 3220 1709 3285 ad

294 3316 476 3406 requisita
502 3327 661 3385 natura.
688 3316 748 3385 cir.
771 3317 941 3383 Ammisn.
958 3314 1108 3383 xxxm.
1135 3338 1164 3381 c.
1185 3318 1248 3387 ult.
1271 3338 1396 3403 ..super
1416 3319 1473 3385 his
1500 3342 1564 3385 nec
1582 3325 1705 3387 stando

296 3427 472 3514 mingens,
492 3446 556 3492 nec
576 3426 622 3489 ad
641 3424 805 3507 requisita
830 3434 962 3490 uaturae
983 3426 1142 3490 secedens
1165 3422 1267 3489 facile
1288 3424 1414 3491 visitur
1440 3427 1556 3493 Persa:
1578 3426 1629 3491 ita
1645 3428 1706 3496 ob·

295 3538 486 3639 servant'pm
503 3536 578 3601 hec
597 3530 736 3613 alisque
758 3533 922 3617 pudenda
945 3532 1153 3602 declinent.»
1177 3532 1304 3596 Wasss.
1325 3528 1385 3595 cir.
1411 3532 1574 3617 Spartian
1591 3536 1705 3599 Carae.
1831 3574 1838 3591 .

298 3641 358 3709 v1.
378 3637 524 3703 Hieron.
551 3639 628 3704 adv.
647 3637 823 3703 invinian.
845 3639 872 3701 I.
892 3644 1043 3701 ceterum
1068 3639 1135 3700 hoc
1163 3636 1334 3717 loquendi
1363 3657 1473 3721 genus
1498 3638 1707 3723 Quinctiliu-

257 3794 268 3809 .
298 3764 364 3811 nus
382 3742 613 3831 periphrasim
630 3742 688 3809 vel
711 3740 893 3809 circuitum
914 3740 1083 3825 loquendi
1107 3739 1209 3827 dicit,
1228 3762 1306 3823 quse
1329 3760 1577 3827 nunnunquam
1598 3747 1705 3813 hahe-

299 3860 359 3916 ant
379 3848 631 3926 necessitatem,
652 3848 813 3931 quotiens
840 3836 936 3911 dictu
965 3845 1136 3911 deformia
1158 3845 1367 3932 operiantur.
1399 3849 1529 3915 scilicet
1563 3850 1707 3935 requiri
1748 3852 1750 3859 ’

267 3961 277 3987 ·
300 3956 464 4021 dicuntur
482 3953 602 4036 etiam,
625 3972 701 4035 ques
716 3954 902 4020 necessaris
916 3962 995 4018 sunt
1009 3950 1071 4016 cfr.
1092 3951 1160 4017 Cic.
1175 3974 1240 4039 pro
1254 3956 1346 4017 Man.
1363 3970 1417 4031 aa.
1439 3957 1605 4023 Ceterum
1621 3956 1705 4019 scite

300 4062 376 4125 hec
403 4062 509 4126 Debr.
532 4080 610 4129 cum
630 4057 672 4124 ir.
695 4064 726 4124 3.
753 4064 804 4124 56.
838 4058 1018 4144 conjungit
1047 4065 1080 4123 et
1106 4059 1272 4145 aligure
1296 4059 1361 4123 illo
1389 4062 1570 4123 transitum
1600 4044 1705 4122 sal'tns

301 4160 483 4250 isperrimi
510 4164 690 4233 inventum
704 4165 846 4246 judicat.
872 4184 950 4248 qne
967 4162 1109 4246 quidem
1131 4164 1326 4244 conjectura
1346 4184 1387 4229 eo
1411 4164 1582 4238 firmatur,
1611 4162 1706 4241 quod

213 4262 217 4267 ’
303 4272 409 4339 rerba
426 4270 489 4356 its,
508 4272 819 4361 queintupmha
836 4292 867 4337 c.
883 4274 934 4354 93.
953 4269 1135 4357 leguntur,
1154 4280 1235 4339 sunt
1254 4270 1443 4335 simillima.
1478 4284 1573 4349 ·9²··
1592 4264 1708 4351 Apud

1357 4386 1380 4431 s
