4050 5009
1418 404 1487 481 165

108 616 206 697 super
220 620 389 699 aggerem
409 594 591 699 impositis
612 592 781 671 turribus
794 618 888 699 opus
902 590 951 669 ad
971 592 1161 669 ministros
1181 590 1306 667 mari.
1346 590 1487 693 &ntra

108 710 179 793 haec
188 718 367 822 oppidani
387 718 579 808 festinare,
594 744 743 823 parare:
761 742 913 821 prorsus
930 717 979 791 ab
995 717 1167 819 utrisque
1182 712 1283 790 nihil
1296 712 1490 815 reliquum

4 894 5 911 r
110 840 187 917 fieri
233 842 411 945 Denique
439 844 624 932 Romani,
658 842 782 919 multo
817 857 907 917 ante
931 838 1062 917 labore
1086 840 1300 943 praeliisque
1322 834 1488 941 fatigati,

108 982 181 1067 post
199 965 275 1041 dies
292 966 548 1067 quadraginta·
564 992 682 1069 quam
700 992 744 1043 eo
764 982 921 1041 ventum
938 981 1038 1055 erat,
1057 964 1199 1069 oppido
1218 961 1332 1037 modo
1355 958 1491 1063 potiti:

108 1090 219 1191 praeda
238 1090 360 1165 omnis
387 1090 436 1163 ab
456 1089 622 1194 perfugis
647 1106 838 1195 corrupta.
870 1090 902 1163 li
924 1106 1126 1193 postquam
1144 1115 1300 1163 murum
1313 1084 1493 1161 arietibus

109 1211 200 1289 feriri
218 1240 352 1317 resque
368 1238 456 1288 suas
468 1214 640 1289 adflictas
657 1214 808 1304 vident,
829 1240 969 1287 aurum
987 1228 1103 1317 atque
1119 1228 1319 1317 argentum
1337 1224 1375 1284 et
1395 1207 1492 1293 alia,

110 1362 183 1437 quas
207 1337 330 1441 prima
362 1336 579 1428 ducuntur,
609 1336 767 1413 domum
796 1334 937 1439 regiam
959 1352 1230 1439 comportant:
1256 1334 1310 1408 ibi
1341 1332 1430 1407 vino
1453 1332 1493 1405 'et

109 1460 217 1564 epulis
245 1460 419 1553 onerati,
441 1460 600 1563 illaque,
624 1476 662 1537 et
696 1460 877 1551 domum,
903 1476 943 1536 et
971 1475 1088 1536 semet
1116 1459 1195 1565 igni
1223 1468 1494 1559 corrumpunt,

109 1599 141 1657 et
162 1580 252 1687 quas
268 1584 359 1660 victi
385 1584 434 1659 ab
451 1582 623 1659 hostibus
640 1610 773 1691 poenas
792 1599 1026 1675 metuerant,
1059 1610 1120 1659 eas
1143 1583 1214 1687 ipsi
1238 1581 1405 1657 volentes
1429 1604 1495 1681 pe·

4 1790 5 1829 7
109 1708 269 1810 pendere.
306 1708 378 1785 Sed
397 1708 542 1813 pariter
561 1735 652 1783 cum
673 1724 785 1815 capta
807 1706 927 1782 Thala
954 1708 1067 1813 legati
1091 1734 1136 1782 ex
1157 1705 1302 1810 oppido
1313 1702 1423 1807 Lepti
1444 1699 1540 1776 ad77

110 1832 294 1915 Metellum
311 1849 512 1923 venerant,
536 1848 702 1923 orantes,
718 1832 775 1909 uti
798 1832 1015 1936 praesidium
1028 1830 1325 1935 praefectumque
1346 1854 1391 1905 eo
1407 1826 1496 1903 mit-

112 1972 212 2053 teret3
234 1956 492 2032 Hamilcarem
511 1957 733 2061 quemdam,
759 1954 955 2031 hominem
972 1954 1158 2043 nobilem,
1182 1952 1400 2040 factiosum,
1427 1974 1498 2024 no-

111 2080 157 2155 ris
183 2080 292 2157 rebus
318 2081 468 2157 studere
480 2114 491 2174 3
525 2078 725 2157 advorsum
746 2106 860 2182 quem
884 2104 1008 2183 neque
1027 2077 1186 2181 imperia
1207 2076 1497 2179 magistratuum

113 2230 223 2307 neque
246 2206 345 2311 leges
376 2204 569 2281 valerent:
595 2205 637 2279 ni
657 2204 697 2279 id
720 2202 930 2293 festinaret,
967 2204 1007 2277 in
1028 2228 1177 2277 summo
1196 2198 1367 2306 periculo
1389 2222 1499 2272 suam

112 2328 273 2419 salutem,
304 2328 460 2405 illorum
482 2328 599 2405 socios
621 2328 709 2403 sore.
753 2328 851 2401 Nam
871 2326 1064 2430 Leptitani
1090 2328 1168 2400 iam
1193 2324 1325 2399 iudea
1355 2319 1499 2425 princi-

114 2452 169 2553 pio
190 2452 280 2529 belli
298 2450 520 2557 Iugurthini
542 2452 591 2527 ad
613 2452 772 2527 Bestiam
787 2450 981 2527 consulem
1002 2466 1042 2525 et
1059 2464 1186 2553 postea
1212 2450 1371 2521 Romam
1393 2443 1500 2517 mise·

114 2594 206 2669 rant,
230 2578 440 2657 amicitiam
457 2576 748 2677 societatemque
763 2590 946 2678 rogatum.
981 2573 1153 2663 Deinde,
1177 2570 1246 2645 ubi
1265 2596 1308 2644 ca
1324 2568 1502 2672 impetra·

115 2714 171 2791 ta,
191 2727 337 2805 semper
363 2699 457 2777 boni
489 2698 690 2802 fidelesque
714 2724 882 2773 mansore
907 2712 944 2771 et
971 2712 1110 2771 cuncta
1140 2722 1162 2768 a
1191 2694 1329 2782 Bestia,
1360 2691 1501 2767 Albino

4 2936 5 2983 3
115 2924 293 2987 coaggerant
304 2906 401 2967 iacere
421 2926 523 2966 ornnes
543 2908 599 2965 sere
623 2903 701 2964 libri.
729 2903 879 2980 subterque
898 2921 945 2961 eos
974 2899 1072 2961 Guels.
1087 2904 1115 2963 3.
1136 2916 1333 2978 supereosqus
1358 2894 1455 2955 Guals.
1475 2917 1499 2953 ι.

115 3008 201 3091 Vinus,
216 3034 239 3071 ι.
259 3030 402 3093 superaus
422 3011 518 3071 Gueli.
531 3012 559 3075 6.
580 3031 628 3070 cos
643 3030 703 3069 orn.
723 3008 819 3067 S'enat.
835 3027 862 3071 ι,
884 3006 992 3093 Hense..
1010 3024 1066 3083 quc
1082 3023 1143 3061 om.
1160 3002 1241 3063 Leid‘.
1258 3024 1299 3061 m.
1326 3020 1411 3079 super
1440 3022 1501 3059 om.

116 3134 180 3174 uam
193 3116 315 3199 Popma.
336 3116 460 3175 multum
474 3124 544 3176 onte
564 3116 662 3175 laboro
680 3114 794 3173 Vratisl.
813 3133 838 3172 ι.
859 3110 960 3191 oppidi
977 3108 1093 3173 Vratisl.
1108 3108 1138 3173 5.
1159 3110 1247 3169 morio
1267 3128 1329 3172 om.
1349 3105 1500 3169 Fabrica.

117 3216 185 3285 irat.
200 3245 223 3281 ι.
243 3222 339 3282 Guels.
358 3242 383 3279 ι.
406 3222 442 3279 ob
455 3222 587 3302 perfugis
606 3221 705 3281 Vinar.
728 3218 873 3280 Fabrici.
893 3216 989 3276 Senot.
1002 3235 1027 3274 ι.
1050 3214 1116 3275 Ecc.
1141 3213 1238 3273 Gueli.
1256 3233 1280 3270 ι.
1293 3214 1321 3282 4,
1335 3234 1362 3293 7.
1394 3210 1429 3269 1ιί
1437 3220 1502 3291 post

4 3354 5 3357 ¹
118 3342 194 3397 aarum
219 3326 314 3387 Turio.
345 3328 407 3387 Bas.
423 3328 451 3397 Δ.
472 3326 556 3385 Bern.
572 3326 601 3390 ὅ.
630 3342 737 3383 aruum
765 3330 922 3400 argentum
950 3319 1068 3379 Gruteri
1094 3318 1173 3381 libri.
1202 3338 1308 3377 aarum
1327 3326 1414 3394 atquc
1434 3336 1499 3393 urg.

119 3426 170 3487 Bas.
185 3432 245 3503 nd.
266 3432 380 3497 Fabric.
400 3434 501 3495 inccrt.
529 3430 613 3491 Bora.
626 3429 654 3489 5.
674 3428 771 3487 Taric.
793 3426 928 3489 Wassi'us.
950 3444 1015 3485 our.
1032 3434 1059 3483 et
1074 3445 1139 3502 arg.
1160 3422 1257 3481 Guels.
1268 3422 1295 3480 6.
1310 3437 1354 3480 ιο.
1378 3440 1502 3479 aarum·

119 3544 207 3611 queo
232 3558 296 3617 arg.
325 3538 411 3602 Bora.
434 3559 458 3599 ι.
488 3556 553 3595 aar.
569 3542 780 3611 argentumque
799 3534 898 3611 vulgo.
920 3548 973 3608 que
995 3533 1095 3590 locum
1112 3529 1252 3587 mutatio
1271 3535 1396 3607 quatuor
1413 3523 1502 3587 Was-

120 3641 148 3697 sii
160 3641 242 3707 libris.
263 3651 427 3703 metuerunt
448 3642 538 3707 Baro,
552 3662 576 3698 ι.
598 3639 659 3701 Bas.
680 3659 705 3695 1.
722 3638 750 3707 l..
773 3638 811 3695 ita
831 3636 950 3695 Haserc.
963 3630 994 3693 et
1009 3632 1233 3711 Leidsspcndcro
1251 3630 1347 3690 Guels.
1364 3630 1393 3690 3.
1408 3654 1436 3712 7.
1457 3652 1502 3689 10.

119 3744 218 3811 Fabrio.
239 3750 339 3811 Vinar.
360 3748 449 3818 ,Vrat
476 3744 556 3809 Laid.
571 3766 611 3803 ιιι.
642 3742 733 3801 Mark.
745 3751 781 3803 Δ.
802 3738 886 3800 Besa.
901 3758 926 3804 1.
947 3740 1049 3799 incert.
1062 3756 1089 3795 a.
1109 3738 1205 3797 Sonat.
1225 3756 1251 3795 a.
1279 3736 1380 3797 lleuss.
1399 3736 1502 3797 Franc.

121 3854 153 3912 ita
168 3856 254 3916 soluit
267 3854 382 3913 Gruter.

192 4005 260 4088 Cup.
273 4030 322 4089 77.
344 4014 370 4067 et
389 4004 507 4065 illorum
521 4001 612 4065 socios
633 3999 741 4061 Fabric.
763 4000 822 4058 inc.
844 3998 941 4057 Sonat
954 4018 980 4057 1.
1002 4000 1105 4058 Franc.
1126 3993 1177 4055 Ac.
1197 3993 1265 4075 Τις.
1286 3993 1385 4064 Baad.
1407 3994 1505 4054 Turio.

125 4116 195 4171 Vnt.
206 4134 229 4171 ι.
249 4112 314 4173 Eco.
336 4110 434 4173 Gadi.
445 4108 473 4169 3.
485 4108 512 4169 6.
526 4130 555 4188 9.
573 4127 617 4165 ιι.
632 4126 677 4165 ιι.
698 4104 777 4163 Laid.
792 4124 820 4185 g.
831 4104 851 4161 i.
869 4104 896 4159 k.
917 4112 1026 4182 septem
1037 4102 1149 4161 Wassii.
1165 4108 1193 4157 et
1208 4119 1269 4162 om.
1283 4101 1415 4157 meliores
1425 4100 1504 4158 Gru-

128 4220 171 4279 teri
187 4230 212 4280 ct
225 4218 317 4277 ceteri.
339 4214 512 4292 illorumque
531 4213 611 4272 Leid.
622 4235 648 4272 c.
670 4211 754 4269 Bern.
769 4210 797 4267 3.
820 4208 882 4267 iam
897 4204 968 4267 inde
981 4227 1000 4265 o
1014 4206 1111 4285 princ.
1126 4202 1273 4265 iaminde
1292 4223 1351 4261 οιιι.
1372 4202 1457 4262 Fabr.
1476 4224 1503 4262 2.

130 4326 212 4387 Gueli.
228 4346 269 4385 ιο.
290 4320 445 4401 impetrato
465 4326 532 4378 suat
552 4316 665 4379 Febris.
685 4314 765 4375 Laid.
780 4334 806 4375 a.
821 4311 850 4373 b.
866 4332 891 4373 e.
904 4313 924 4377 s.
938 4332 967 4393 g·
980 4309 1011 4371 h.
1022 4330 1053 4370 u.
1075 4309 1162 4371 Palat.
1173 4308 1202 4369 3.
1223 4307 1281 4367 Era
1292 4306 1360 4391 Teg.
1382 4306 1465 4369 Bern.
1478 4328 1504 4368 ι.
