4050 5009
546 385 616 460 106

539 563 716 642 omnium
738 587 921 667 generum
940 587 1157 668 expugnare
1182 561 1419 668 adgreditur:
1444 587 1621 638 maxume
1642 560 1823 638 festinans
1846 577 1937 636 tem·
2008 649 2015 662 ι

539 715 612 795 pus
635 688 847 794 legatorum
868 702 1108 790 antecapere,
1133 713 1227 791 quos
1253 703 1342 763 ante
1367 686 1544 792 proelium
1565 686 1711 762 factum
1732 687 1781 761 ab
1795 684 1937 763 Adher-

540 814 626 891 bale
640 815 801 888 Romam
817 811 945 886 missos
963 809 1171 888 audiverat
1209 810 1281 888 Sed
1298 827 1501 915 postquam
1513 813 1671 888 Senatus
1689 811 1736 888 de
1754 809 1857 886 bello
1878 835 1937 886 eo-

541 965 632 1018 rum
652 934 816 1042 accepit,
849 951 923 1012 tres
947 935 1205 1012 adulescentes
1227 934 1270 1012 in
1295 934 1463 1012 Africam
1485 933 1690 1041 legantur:
1715 935 1784 1040 qui
1809 935 1938 1012 ambos

540 1085 643 1168 reges
668 1059 998 1153 adeant,Senatus
1022 1059 1233 1168 populique
1251 1059 1415 1135 Romani
1432 1059 1555 1136 verbis
1575 1061 1785 1137 nuncient:
1810 1055 1938 1150 „Velle

539 1203 579 1264 et
597 1209 765 1274 censere,
786 1207 848 1258 eos
867 1183 917 1256 ab
942 1183 1057 1258 armis
1077 1183 1287 1260 discedere:
1314 1183 1362 1260 de
1387 1185 1646 1261 controversiis
1668 1186 1744 1262 suis
1770 1185 1855 1262 iure
1875 1213 1940 1289 po·

494 1361 530 1399 22
543 1309 618 1385 tius
639 1333 763 1412 quam
780 1306 883 1382 bello
909 1306 1134 1413 disceptare:
1160 1307 1214 1382 ita
1241 1333 1356 1410 seque
1384 1306 1536 1412 illisque
1561 1307 1723 1416 dignum
1746 1315 1847 1385 esse’'
1879 1312 1942 1383 be-

540 1437 618 1541 gati
642 1434 684 1508 in
707 1430 877 1508 Africam
892 1447 1127 1507 maturantes
1146 1431 1322 1521 veniunt,
1343 1457 1388 1506 eo
1408 1431 1546 1538 magis,
1563 1434 1668 1536 quod
1685 1435 1814 1510 Romae
1825 1494 1834 1527 ‚
1847 1435 1939 1512 dum

540 1556 729 1663 proficisci
749 1572 906 1660 parant,
934 1555 982 1632 de
1002 1554 1135 1660 praelio
1170 1553 1271 1630 facto
1292 1571 1331 1629 et
1352 1557 1639 1661 oppugnatione
1675 1559 1788 1634 Cirtoe
1816 1561 1945 1636 audie-

541 1685 679 1776 batur3
714 1679 781 1756 sed
817 1677 847 1754 is
879 1705 1013 1754 rumor
1047 1679 1213 1754 clemens
1242 1695 1331 1753 erat
1383 1681 1562 1776 Quorum
1582 1680 1767 1786 Iugurtha
1792 1701 1945 1788 accepta

525 1799 716 1886 'oratione
738 1801 969 1908 respondit:
1004 1859 1025 1893 „
1047 1802 1128 1878 Sibi
1148 1828 1272 1905 neque
1301 1803 1423 1901 maius
1446 1803 1654 1907 quicquam
1682 1833 1807 1908 neque
1825 1810 1947 1882 carius

541 1930 769 2010 auctoritate
788 1926 936 2002 Senati:
959 1927 1009 2002 ab
1031 1924 1288 2002 adulescentia
1309 1925 1362 2000 ita
1378 1952 1417 2002 se
1444 1928 1613 2018 enisum,
1633 1929 1692 2004 uti
1716 1930 1765 2004 ab
1788 1948 1946 2036 optumo

538 2081 697 2163 proque
718 2051 961 2158 probaretur:
986 2051 1128 2127 virtute
1145 2077 1225 2125 non
1245 2050 1391 2125 malitia
1409 2054 1445 2125 P.
1461 2051 1651 2155 Scipioni,
1675 2077 1824 2131 summo
1848 2037 1946 2145 iim,

432 2231 436 2236 ν
537 2178 744 2288 placuisse:
772 2177 822 2251 ob
843 2173 992 2250 easdem
1017 2173 1108 2248 artis
1123 2174 1172 2248 ab
1184 2173 1365 2279 Micipsa,
1383 2202 1463 2251 non
1475 2176 1638 2280 penuria
1661 2177 1890 2273 liberorum,
1908 2182 1946 2256 in

541 2331 705 2410 regnum
728 2300 954 2403 adoptatum
975 2323 1070 2374 esse:
1097 2299 1275 2373 Ceterum
1297 2325 1375 2401 quo
1397 2299 1511 2402 plura
1542 2299 1640 2374 bene
1663 2317 1778 2404 atque
1796 2321 1948 2381 strenue

542 2430 710 2516 lecisset,
736 2451 780 2500 eo
800 2424 976 2499 animum
1001 2447 1116 2496 suum
1139 2419 1323 2496 iniuriam
1342 2422 1470 2497 minus
1493 2422 1672 2498 tolerare:
1694 2424 1949 2506 Adherbalem

540 2553 643 2631 dolis
673 2550 762 2626 vitae
788 2572 874 2624 siue
900 2544 1150 2639 insidiatum,
1180 2543 1287 2650 quod
1314 2544 1386 2622 ubi
1416 2546 1674 2654 comperisset,
1703 2551 1842 2628 sceleri
1874 2554 1949 2630 eius

539 2751 640 2814 Strui.
660 2753 700 2809 ita
716 2749 831 2808 Gruter.
859 2747 945 2812 Rem.
959 2769 985 2806 ι.
998 2752 1027 2810 3.
1049 2745 1140 2808 Wass.
1159 2755 1188 2806 et
1206 2746 1327 2807 Havete.
1347 2745 1512 2806 ediderunt.
1525 2747 1610 2824 fora
1627 2749 1732 2810 bellum
1753 2753 1838 2812 celeri
1860 2751 1949 2814 Cottii

544 2857 623 2921 libri.
642 2856 712 2915 Tur.
735 2855 840 2914 bellum
854 2852 931 2913 delet
942 2852 1024 2916 Leid.
1036 2853 1057 2910 l.
1078 2851 1115 2909 ab
1131 2848 1263 2914 Adtart.
1284 2871 1406 2931 praepos.
1417 2871 1478 2910 om.
1492 2851 1559 2912 Ecc.
1581 2853 1673 2913 Gucll
1686 2855 1718 2924 ’4.
1740 2855 1822 2916 Fabr.
1835 2878 1863 2917 1.
1884 2859 1950 2940 Bag.

543 2961 632 3024 Rom.
651 2961 733 3028 Adit.
754 2958 831 3018 mim.
852 2956 911 3018 hoc
932 2957 1037 3017 ordine
1049 2955 1160 3020 Fabr'ic.
1189 2965 1218 3014 et
1236 2955 1356 3037 quidam
1376 2957 1426 3014 alii
1440 2977 1474 3015 ex
1490 2956 1571 3023 Cort.
1592 2957 1653 3018 Bas.
1668 2961 1697 3031 4.
1714 2959 1783 3019 Tur.
1803 2961 1878 3024 bello
1894 2985 1950 3024 eor.

543 3085 608 3127 uec.
629 3087 716 3148 pron.
730 3086 790 3125 om.
801 3063 897 3123 Guelf.
908 3068 936 3128 3.
956 3062 1038 3122 Leid.
1051 3082 1077 3120 a.
1098 3060 1183 3120 corbo
1199 3058 1296 3119 Guelf.
1308 3059 1337 3132 4.
1360 3081 1400 3120 m.
1408 3081 1455 3140 pr.
1478 3063 1516 3120 de
1531 3066 1871 3146 contrua-disceptare.
1892 3067 1949 3128 hcc

545 3193 609 3231 non
625 3175 761 3254 leguntur
775 3168 884 3230 inPal.
899 3178 929 3227 et
941 3167 1046 3228 Wassii
1066 3165 1160 3226 libris.
1180 3165 1241 3224 Bas.
1256 3185 1280 3222 ι.
1291 3165 1320 3236 Δ.
1343 3164 1428 3225 Fabr.
1442 3167 1500 3231 inc.
1520 3166 1605 3228 Rem.
1623 3169 1690 3234 Seu.
1709 3191 1734 3228 ι.
1755 3171 1835 3231 Vrat.
1859 3173 1949 3233 Guell.

545 3276 626 3336 Leid.
636 3298 664 3341 a.
680 3275 740 3337 b.c
765 3275 837 3334 (lo.
850 3275 869 3332 l.
884 3271 916 3334 h.
931 3272 953 3331 i.
967 3271 995 3332 k.
1012 3275 1032 3330 l.
1052 3269 1122 3352 Teg.
1142 3267 1215 3335 Tur,
1232 3269 1317 3328 Bern.
1329 3269 1358 3329 3.
1378 3269 1429 3329 sed
1449 3273 1587 3352 leguntur
1601 3275 1633 3332 in
1650 3273 1750 3334 Vinar.
1765 3297 1792 3336 a.
1813 3277 1911 3338 Sonat.
1924 3299 1948 3339 η.

545 3383 645 3446 Heuss.
665 3381 769 3441 Franc.
790 3389 877 3460 atque
889 3377 922 3435 in
938 3378 1068 3459 margine
1085 3374 1181 3439 Guelf.
1193 3374 1221 3434 3.
1246 3375 1341 3435 Struv.
1368 3373 1458 3434 lead.
1477 3377 1558 3436 Leid.
1573 3399 1601 3458 g.
1620 3399 1660 3442 m.
1675 3399 1705 3444 n,
1737 3380 1868 3444 Bern,1,
1895 3384 1949 3444 1¹:11,

542 3485 642 3564 itaquo
660 3485 745 3544 Fabr.
762 3505 787 3544 1.
809 3482 898 3543 Acad.
920 3481 1025 3542 Franc.
1050 3472 1188 3546 Guelid.
1205 3500 1250 3545 11.
1277 3479 1357 3540 leid.
1370 3501 1396 3540 a.
1410 3499 1436 3542 o.
1451 3500 1476 3542 c.
1490 3503 1530 3541 m.
1563 3482 1632 3566 Teg.
1653 3482 1722 3544 Tur.
1749 3483 1951 3568 dr‘gmmsm

545 3589 613 3652 Ecc.
634 3589 732 3654 Guelf,
743 3589 772 3650 3.
791 3587 907 3648 Fabric.
918 3607 945 3646 a.

609 3715 684 3798 Cap.
699 3739 745 3784 aa.
766 3737 854 3796 coqtoe
867 3714 961 3795 magu
979 3713 1031 3776 Ac.
1052 3723 1080 3775 et
1099 3715 1252 3795 deoppug.
1274 3710 1365 3773 idem.
1387 3713 1547 3774 sudabatur
1561 3715 1697 3790 Guell.d.
1721 3741 1826 3783 rumor
1834 3725 1948 3786 demens

547 3825 636 3888 multi
655 3824 733 3883 libri.
754 3832 832 3882 orat.
847 3830 957 3901 accept.
976 3819 1046 3879 Tur.
1069 3818 1164 3879 maius
1183 3818 1285 3898 quidq.
1304 3838 1392 3899 pron.
1411 3840 1472 3878 om.
1490 3817 1595 3880 decad.
1625 3841 1688 3887 cur.
1704 3825 1804 3906 quidq.
1832 3828 1948 3890 Bem.3.

546 3929 645 3992 Sonat.
656 3949 684 3988 2.
704 3929 803 3989 neus.
824 3927 922 3988 curtils
932 3945 990 3986 csse
1002 3934 1119 3986 uttctor.
1139 3923 1224 3983 Fabr.
1241 3945 1266 3983 1.
1286 3925 1346 3988 inc.
1361 3943 1386 3990 ι.
1408 3923 1483 4006 Teg..
1498 3925 1557 3984 Erl.
1578 3925 1674 3989 Taric-
1695 3926 1757 3989 Bas.
1772 3932 1801 4002 4.
1822 3955 1883 3996 ειη.
1894 3954 1946 3996 aaa

546 4035 628 4098 laid.
640 4057 666 4096 o.
680 4034 741 4092 tl.
763 4033 824 4095 Bas.
844 4053 868 4093 1.
898 4032 932 4091 in
946 4052 1036 4111 ragno
1053 4032 1152 4111 adopt.
1174 4029 1270 4090 Guell.
1284 4029 1313 4100 4.
1332 4049 1376 4088 ιο.
1397 4029 1498 4092 Vinar.
1524 4031 1641 4094 vrato.
1669 4011 1757 4094 doadi
1778 4039 1873 4106 Struv.
1893 4043 1946 4101 inc.

549 4161 579 4203 2.
599 4141 703 4202 Frons.
724 4138 804 4199 Leid.
815 4138 880 4197 b.e.
891 4135 979 4197 h.'m.
1000 4135 1085 4200 Bodl.
1101 4135 1236 4198 Markll·
1257 4133 1338 4195 adol.
1352 4155 1415 4194 suu.
1437 4137 1524 4196 multi
1538 4135 1634 4196 Codd.
1658 4143 1736 4218 quod
1747 4143 1840 4224 pluam
1858 4146 1948 4208 sanat.

547 4267 579 4312 s.
598 4246 684 4312 Rem.
696 4266 723 4311 r.
745 4243 856 4307 Fabric.
869 4264 894 4303 1.
913 4241 994 4308 Vrat.
1007 4263 1035 4304 r.
1056 4237 1107 4303 Ac.
1128 4239 1224 4308 Strui.
1244 4239 1304 4301 inc.
1327 4243 1429 4303 Franc.
1458 4239 1525 4304 Eoo.
1557 4239 1654 4302 Guell.
1668 4265 1694 4310 r.
1711 4265 1738 4307 a.
1751 4247 1780 4327 5.
1800 4271 1846 4330 tt·
1872 4247 1946 4313 laid.
