4050 5009
365 456 451 505 mv

361 626 481 715 atque
498 611 540 687 in
564 614 736 718 margine
759 614 950 720 apposita3
977 614 990 687 i
1008 614 1153 717 ubique
1161 614 1242 689 sine
1269 630 1415 719 puncto
1432 614 1630 720 scriptum
1647 619 1769 693 multa

358 736 586 840 compendia
600 727 817 841 scriptura,
832 738 896 813 sed
911 738 1020 813 nulla
1035 736 1317 843 orthographiae
1329 729 1461 835 icteris
1471 736 1622 845 tostigia
1639 741 1771 846 ‹lepre-

313 917 323 925 .
357 856 521 952 hendas;
534 861 610 961 sed
630 864 804 966 reliquid,
817 862 1018 963 sroemunt,
1044 862 1258 961 deproecor,
1284 874 1524 961 contemptus,
1559 864 1767 950 deortatur,

357 990 576 1087 nequiquam
612 985 750 1089 passim
775 985 962 1090 leguntur.
1002 988 1178 1060 Ceterum
1209 984 1307 1060 liber
1325 985 1417 1060 olim
1442 988 1633 1093 Bongamii
1656 988 1767 1064 suisse

359 1106 536 1200 videtin,
575 1109 685 1184 cuius
716 1110 873 1185 nomine
903 1126 1057 1183 notatus
1096 1125 1159 1184 est.
1204 1111 1428 1185 'Beruensem
1455 1111 1530 1185 III.
1566 1111 1627 1208 (n.
1656 1114 1763 1211 698.)

362 1228 533 1306 Chartae.
560 1232 698 1307 saeenlo
721 1234 820 1308 xvt
842 1232 1026 1337 scriptum
1052 1257 1126 1307 esse
1153 1234 1277 1308 censet
1295 1234 1494 1324 Sinnerus,
1518 1234 1581 1311 sed
1601 1234 1766 1310 immeri-

359 1369 414 1444 to,
435 1354 581 1458 siquid
600 1356 716 1432 video.
749 1358 817 1433 Est
836 1356 941 1431 enim
962 1355 1027 1431 hie
1046 1356 1144 1430 liber
1164 1382 1209 1431 ex
1229 1356 1463 1447 melioribus,
1480 1372 1517 1432 et
1529 1357 1701 1460 quamvis
1718 1357 1765 1432 li·

358 1478 507 1555 brarius
526 1479 661 1584 saepius
686 1481 728 1556 in
746 1476 1018 1584 orthographia
1038 1478 1225 1583 peccavit,
1251 1496 1379 1554 tamen
1401 1477 1508 1555 haud
1530 1480 1647 1585 dubie
1666 1478 1764 1585 opti-

212 1619 252 1713 ’ἢ
357 1632 466 1683 mum
489 1603 682 1708 exemplar
708 1621 859 1681 secutus
877 1620 939 1679 eet
976 1603 1056 1679 Sub
1079 1602 1196 1681 finem
1217 1601 1412 1708 Iugurthae
1435 1603 1616 1711 leguntur
1638 1626 1765 1679 versus

355 1727 398 1802 in
423 1726 519 1833 regis
539 1743 718 1817 mortem,
743 1752 840 1830 quos
858 1744 896 1803 et
917 1726 1133 1803 basileensis
1151 1729 1298 1832 primus
1320 1728 1504 1831 expressit
1557 1724 1764 1832 Ortbogra-

353 1842 457 1954 phiae
476 1850 609 1925 veteris
630 1876 753 1955 pauca
774 1850 938 1955 vestigia
959 1850 1114 1935 cotidie,
1138 1850 1346 1936 accersere,
1371 1851 1602 1927 adulescens:
1627 1850 1764 1935 lubido,

354 1973 554 2076 aliquoties
584 1970 786 2077 leguntur,
821 1974 887 2049 sed
922 1975 1160 2079 optimorum
1189 1974 1376 2049 librorum
1422 1974 1599 2049 lectiones
1628 1972 1763 2078 sepius

260 2192 264 2199 .
348 2096 574 2186 confirmat,
599 2114 714 2199 atque
735 2095 1040 2201 intelligentibus
1065 2096 1171 2171 haud
1192 2096 1344 2171 infirma
1367 2097 1558 2173 ridebitur
1579 2094 1695 2172 huius
1718 2096 1764 2170 li-

353 2219 415 2296 bri
433 2221 646 2295 auotoritas.
688 2220 810 2295 Ceteri
832 2220 943 2310 libri,
959 2246 1055 2323 quos
1071 2220 1302 2311 examinavi,
1327 2220 1484 2295 minoris
1505 2222 1661 2324 quidem
1679 2246 1763 2326 pre-

354 2344 399 2419 tii
426 2361 534 2434 eunt,
567 2370 691 2447 neque
718 2360 846 2419 tamen
870 2342 1153 2419 contemnendi.
1206 2343 1384 2441 Quorum
1412 2371 1457 2419 ex
1489 2371 1649 2420 numero
1673 2348 1764 2420 Ber-

353 2476 474 2544 nensis
493 2471 545 2545 II.
561 2468 603 2542 in
626 2468 880 2559 membranis,
898 2465 1020 2541 forma
1034 2466 1221 2569 quadrata
1246 2466 1305 2564 (n.
1323 2462 1422 2560 561.)
1438 2468 1628 2572 eleganter
1646 2469 1765 2573 scrip—

355 2608 429 2681 tus,
445 2592 576 2666 ceteris
586 2592 836 2667 Beruensibus
849 2590 1160 2707 longeinferiom
1182 2590 1303 2667 multa
1316 2591 1461 2681 omissa,
1480 2592 1602 2666 multa
1615 2617 1764 2696 perrer-
1794 2648 1805 2660 .

351 2740 391 2791 ce
411 2716 562 2820 scripta.
588 2716 646 2790 Ex
668 2742 731 2806 eo,
754 2718 786 2791 si
812 2713 913 2790 nihil
935 2714 1055 2805 aliud,
1069 2713 1144 2789 hoe
1166 2732 1266 2790 certe
1283 2714 1530 2819 intelligitur,
1546 2716 1702 2805 codices,
1721 2715 1763 2790 in

258 2900 264 2911 .
354 2840 495 2942 quibus
514 2839 637 2913 multa
657 2841 791 2915 omissa
816 2855 925 2927 sunt,
946 2866 1028 2913 non
1053 2838 1205 2943 optimae
1227 2853 1328 2912 notae
1340 2862 1428 2911 esse.
1454 2838 1593 2913 Addita
1607 2855 1663 2913 est
1677 2866 1763 2914 ora-

349 2971 405 3040 tio
428 2966 578 3041 Salustii
597 2970 636 3037 in
666 2967 707 3037 Τ.
731 2965 943 3040 Ciceronem
970 2981 1010 3038 et
1032 2965 1219 3039 Ciceronis
1251 2962 1531 3037 declamationi
1559 2942 1764 3041 Sabatiwa

354 3092 402 3164 In
424 3087 500 3163 fine
527 3087 832 3193 haee'leguntur:
863 3088 1014 3164 Salustii
1041 3088 1253 3185 'Catilinarii
1278 3086 1369 3160 liber
1393 3088 1586 3185 explicitis
1597 3087 1764 3185 feliciter

354 3232 482 3289 octavo
508 3213 669 3311 Augusti
693 3210 979 3286 MCCCLVIII.
994 3210 1084 3311 fait
1133 3211 1327 3284 Bernensis
1349 3210 1425 3283 III.
1462 3210 1536 3307 (Μ
1558 3212 1590 3284 S.
1609 3214 1649 3287 A.
1678 3214 1760 3310 70.)

352 3335 511 3439 singulis
528 3335 669 3409 libellis
691 3334 733 3406 hi
755 3333 859 3408 tituli
878 3332 1051 3436 inscripti
1064 3347 1178 3407 eunt:
1207 3331 1338 3407 bellurn
1359 3328 1628 3419 Catilinarium,
1646 3338 1689 3409 B.
1700 3338 1764 3411 Iu·

345 3462 581 3562 ,gurtbinunm
609 3461 647 3534 C.
672 3460 793 3556 Crispi
812 3458 917 3555 adp.
942 3483 972 3530 c.
995 3464 1033 3530 in
1055 3457 1266 3531 Ciceronem
1292 3462 1418 3554 ῐηοῐρίε
1435 3450 1624 3533 invectivas
1647 3462 1699 3533 M.
1719 3460 1759 3533 T.
1830 3444 1840 3460 ⁷

356 3586 543 3659 Ciceronis
566 3585 618 3656 ad
633 3612 669 3681 p.
688 3608 718 3655 c.
740 3583 936 3664 invectiva,
952 3598 987 3654 et
1005 3579 1059 3653 M.
1081 3581 1121 3653 T..
1146 3580 1184 3653 C.
1203 3586 1241 3652 in
1261 3581 1455 3654 Catilinam
1475 3582 1528 3655 ad
1542 3610 1577 3681 p..
1596 3608 1624 3656 c.
1645 3587 1763 3659 invec-

349 3714 433 3784 tiva
483 3710 599 3779 Hunc
621 3704 801 3780 Sinnerut
829 3701 907 3779 rssaee.
935 3704 1018 3778 XV.
1041 3703 1081 3777 in
1110 3701 1273 3807 plagulis
1290 3696 1549 3779 ¹Membraneis
1578 3722 1616 3779 et
1644 3704 1764 3782 Chan-

353 3831 467 3919 taceis
487 3830 612 3904 mixtis
634 3830 819 3931 scriptum
837 3825 917 3903 ¹esse
941 3827 1094 3919 statuit3
1126 3827 1193 3902 sed
1208 3825 1438 3902 Chartaceus
1456 3845 1527 3919 est,
1550 3845 1667 3931 atque
1692 3828 1756 3905 ‹le-

354 3954 480 4030 terior.
500 3954 693 4027 Librarius
712 3952 751 4025 id
769 3952 933 4026 maxime
952 3950 1064 4054 egisse
1083 3948 1251 4039 videtur,
1276 3966 1337 4040 ut,
1360 3950 1655 4027 ubiSalustiana
1680 3979 1762 4028 ora-

189 4144 193 4152 .
239 4059 243 4067 ¹
352 4078 407 4155 tio
424 4105 447 4152 a
469 4076 615 4179 vulgari
636 4072 820 4178 loquendi
837 4098 911 4149 usu
922 4073 1127 4177 discrepat,
1147 4070 1230 4146 haee
1246 4088 1421 4147 mutaret
1446 4072 1760 4179 Orthographiae,

351 4230 472 4307 quam
500 4217 649 4276 secutus
672 4215 743 4289 act,
776 4196 858 4272 haee
887 4195 1058 4300 exempla
1086 4194 1240 4270 notavi:
1261 4222 1474 4285 accersere,
1499 4222 1648 4282 cocum,
1673 4225 1762 4273 con-

352 4344 510 4430 intuita,
534 4328 701 4406 baean,
726 4321 961 4406 maereant,
978 4325 1153 4405 occeani
1178 4320 1397 4423 hedificare,
1412 4326 1626 4407 notriverat,
1647 4328 1763 4401 aazia·
