4050 5009
382 574 421 651 Si
441 573 548 678 cupis
571 572 746 677 ignotum
768 564 965 675 Iugurthae
980 592 1132 646 noscere
1149 569 1278 658 letum,

375 696 527 801 Tarpeii
547 695 688 771 montis
699 694 832 799 pulsus
852 691 902 768 ad
921 692 997 767 ima
1015 692 1102 766 ruit

262 820 323 897 Ad
343 820 486 896 calcem
507 820 639 895 tabula
658 814 906 925 geographica
928 814 1115 905 subiecta,
1143 815 1212 892 ubi
1229 816 1323 893 situs
1338 814 1446 905 Asia,
1467 804 1566 893 lsr'i-

165 970 220 1020 eee
238 960 277 1019 et
296 946 459 1049 Europoe
479 943 689 1049 praestatis
709 942 812 1017 illius
832 938 989 1016 scientia
1009 940 1217 1044 descriptus
1237 958 1298 1019 est
1331 940 1475 1017 Eadem
1490 940 1567 1019 for-
1666 970 1671 975 ·

164 1095 228 1144 ma
253 1068 426 1144 tabulam
445 1068 487 1143 in
513 1067 601 1143 Cod.
624 1064 800 1141 Bemensi
822 1067 886 1138 llt
908 1064 1140 1139 delineatam
1164 1065 1301 1141 inveni.
1351 1068 1567 1169 Utrumque

164 1191 346 1267 Codicem
363 1194 408 1269 V.
418 1190 465 1267 1).
480 1190 690 1295 Hufnagel,
715 1189 764 1263 ab
779 1188 952 1263 Harlesio
968 1205 1133 1293 rogatus,
1155 1214 1245 1264 cum
1262 1178 1432 1266 editione
1443 1190 1566 1294 Brieg-

163 1312 275 1404 lebii,
301 1316 369 1419 qui
388 1316 430 1390 in
444 1330 550 1389 textu
567 1312 797 1389 recensendo
816 1313 990 1389 Curtium
1005 1328 1155 1387 secutus
1172 1327 1273 1401 erat,
1298 1311 1470 1388 contulit
1497 1316 1566 1389 Po-

160 1455 240 1515 stea
253 1438 447 1515 Harlesius
463 1440 542 1543 ipse
556 1438 760 1514 maximam
772 1436 947 1513 Catilinae
956 1452 1105 1540 partem
1118 1436 1364 1527 examinavit,
1375 1454 1413 1511 et
1426 1436 1567 1513 utriust

161 1588 240 1665 que
260 1562 408 1639 Codicis
422 1561 599 1637 lectiones
622 1586 713 1636 cum
735 1560 923 1637 Cottianis
944 1560 1185 1665 comparavit
1230 1559 1302 1637 Sed
1324 1561 1565 1664 paucissimae

159 1686 337 1790 proprias
352 1686 541 1777 lectiones,
558 1702 596 1761 et
610 1685 659 1763 ab
668 1684 892 1789 Erlangensi
903 1686 1131 1789 plerumque
1147 1710 1207 1761 eas
1223 1700 1383 1761 servatus
1398 1684 1563 1775 invenit,

159 1834 259 1911 quas
274 1810 423 1885 Cortius
434 1808 545 1883 falsas
558 1834 632 1885 esse
645 1808 839 1885 iudicarit.
873 1810 999 1884 Pauca
1012 1809 1146 1885 veteris
1161 1804 1441 1912 orthographiae
1455 1809 1564 1885 vesti-

158 1933 242 2037 gia;
254 1934 295 2007 in
302 1936 394 2037 Teg.
412 1960 441 2009 e.
452 1962 505 2039 gr.
517 1934 779 2022 adumcemta,
793 1931 834 2007 in
844 1930 922 2005 Eri
932 1932 1066 2007 condis
1086 1932 1232 2035 legitur.
1256 1936 1304 2009 In
1320 1932 1453 2011 eodem
1469 1932 1563 2011 ordo

161 2072 201 2135 et
216 2072 408 2134 structura
425 2058 701 2137 vocabulorum
722 2082 744 2131 a
761 2054 921 2161 vulgatis
939 2054 1045 2131 libris
1060 2069 1098 2129 et
1114 2056 1196 2129 Mss.
1213 2057 1410 2161 saepissime
1426 2056 1563 2133 discre-

159 2196 239 2283 pat
278 2180 487 2282 Aliquoties
507 2181 695 2257 recentior
710 2205 847 2255 manus
860 2178 975 2255 aliam
994 2178 1170 2283 adpinxit
1183 2180 1392 2256 lectionem
1418 2182 1563 2257 lectio-

159 2328 229 2379 nes
241 2304 446 2409 exemplari
459 2305 719 2410 Brieglebiano
732 2303 1155 2407 adscriptas,Harlesius
1175 2304 1217 2381 in
1237 2304 1422 2397 editione,
1445 2333 1562 2409 quam

157 2428 344 2531 parabat,
359 2428 596 2505 excudendas
608 2429 763 2504 curavit
791 2426 1085 2532 Orthographioe
1099 2442 1225 2503 tamen
1244 2428 1463 2505 varietatem
1475 2428 1562 2505 ubi·

159 2578 240 2653 que
251 2568 383 2627 notare
393 2521 532 2655 padum
544 2552 727 2628 idoneum
743 2552 862 2627 duxit
901 2552 975 2642 Sed
991 2552 1070 2656 ipse
1082 2552 1273 2657 Husnagsl
1295 2553 1338 2629 in
1361 2554 1561 2633 Codicibus

159 2674 426 2751 examinandis
441 2702 582 2779 parum
601 2675 803 2781 diligenter
823 2676 936 2780 egisse
955 2674 1054 2751 mihi
1078 2676 1238 2753 ridetur.
1279 2676 1326 2751 Id
1347 2678 1451 2780 quod
1472 2704 1563 2757 ctam

160 2813 276 2873 antea
289 2797 499 2903 suspicatus
513 2824 646 2888 essem,
665 2798 778 2901 quia,
802 2808 944 2901 (quem
956 2798 1134 2875 Codicem
1153 2827 1175 2874 a
1189 2800 1376 2877 Cortianis
1391 2802 1563 2879 lectioni-

161 2923 237 2997 bus
257 2923 420 2999 maxime
438 2922 642 2999 abhorrere
660 2922 808 2997 dixerat
826 2919 1039 3011 Harlesius,
1064 2922 1094 2997 is
1114 2923 1266 3026 saepius.
1297 2944 1488 3027 quantum
1518 2954 1564 3005 ex

93 3110 102 3123 .
165 3046 349 3120 varietate
360 3045 531 3122 lectionis
544 3046 756 3123 coniectare
764 3044 1197 3134 licebat,audacissimas
1210 3047 1313 3123 illius
1329 3052 1564 3127 coniecturas

164 3168 319 3245 firmare
345 3171 570 3259 videbatur)
593 3216 645 3231 -
670 3186 755 3243 tum
780 3196 872 3245 cura
899 3169 971 3244 viri
995 3167 1261 3245 humanissimi
1286 3172 1561 3263 Doederleinii,

163 3292 234 3395 qui
259 3292 403 3367 litteras
422 3294 572 3369 Graecas
591 3309 707 3395 atque
725 3293 877 3367 Latinas
893 3294 936 3367 in
954 3292 1156 3369 Academia
1184 3294 1406 3398 Erlangensi
1427 3297 1563 3389 docet,

163 3414 312 3489 factum
338 3432 408 3516 est,
443 3433 489 3491 ut
509 3415 610 3491 hanc
637 3444 716 3491 rem
742 3433 975 3521 compertam
992 3415 1181 3518 haberem.
1222 3417 1294 3493 Sed
1311 3420 1575 3525 negligentia„

163 3538 275 3613 cuius
302 3538 421 3615 Hufn.
448 3557 664 3643 suspectum
683 3538 822 3629 habui,
854 3536 937 3614 hac
964 3556 1056 3615 sunt
1078 3538 1272 3643 exempla:
1308 3542 1349 3617 in
1376 3546 1560 3650 Iugurtha

164 3690 195 3735 c.
224 3688 252 3735 1.
276 3662 428 3767 Erlang.
447 3661 587 3753 habet,
612 3670 677 3767 qui
692 3664 744 3737 ad
759 3666 918 3764 gloricnn
929 3706 987 3722 -
997 3664 1159 3762 fortuna
1170 3710 1223 3731 -
1246 3672 1377 3768 quippe
1403 3696 1491 3775 quoe
1514 3706 1560 3729 -ν

160 3785 380 3885 probitatem
401 3837 451 3852 -
476 3793 615 3885 eripere
639 3792 809 3889 cuiqumn
840 3831 892 3847 -
917 3792 1082 3861 inertiam
1117 3790 1322 3887 voluptates
1342 3837 1381 3850 -
1428 3812 1563 3892 tempus

167 3916 289 3983 aetatr‘s
307 3916 487 4013 ingen-⁴
519 3936 551 3985 a.
577 3929 612 3985 et
636 3912 713 3984 alia
735 3915 857 3985 omnia
878 3910 1127 3987 duiusconodi
1154 3958 1205 3979 --
1244 3932 1279 3987 et
1300 3918 1486 4015 ignaviam.
1514 3968 1564 3985 ..

171 4038 203 4107 3.
226 4059 266 4107 se
275 4034 490 4139 fatigando.
515 4080 567 4095 -
584 4040 618 4127 4.
643 4032 803 4111 moribus
822 4039 886 4135 qui
908 4061 984 4109 non
999 4082 1049 4099 -
1066 4041 1217 4133 imperia
1228 4081 1280 4099 --
1291 4056 1326 4128 et
1340 4039 1392 4111 ad
1406 4042 1565 4117 honores

174 4170 261 4245 etc,
285 4181 373 4258 quae
394 4156 523 4233 omnia
539 4171 672 4233 notare
688 4155 827 4232 omisit.
846 4157 904 4231 Ex
924 4157 1064 4262 quibus
1083 4158 1254 4265 colligas,
1275 4160 1386 4238 illum
1407 4188 1486 4241 non
1503 4190 1566 4257 ea,

169 4304 247 4382 qua
260 4306 334 4385 par
352 4296 424 4371 est,
448 4280 660 4389 diligentia,
686 4278 856 4355 laborem
876 4296 1093 4385 susceptum
1114 4280 1316 4389 perfecisse.
1348 4288 1438 4365 Htec
1456 4289 1565 4369 inou-

1120 4404 1144 4463 ’it
