4050 5009
1583 378 1632 470 ⁸9

222 578 376 679 πολεμῶ
403 578 457 665 τῆς
486 576 652 658 Ἰταλίας,
681 575 743 647 mi
770 562 879 659 nobie
907 559 943 661 sir
972 563 1059 659 οὗτος
1079 575 1111 648 s’r
1138 560 1232 673 Peius)
1250 562 1374 669 λέγος,
1404 576 1449 661 ὦς
1466 570 1635 677 Πομπηΐου

220 689 368 800 πρὸημς
386 706 428 783 εἰς
446 698 592 773 ’nmio
611 692 763 797 ἀφίξοιτο
781 682 957 794 Σερτόρως,
985 716 1092 763 -12.-
1111 700 1299 783 Namque,
1315 697 1372 764 lis
1389 709 1546 785 praeter.
1580 704 1633 764 Ad

221 816 401 881 Octavium
418 820 452 879 et
466 815 600 877 Cottam
616 816 709 881 Coss.
728 814 798 876 hoc
815 813 990 897 pertinere
1009 834 1051 879 eo
1071 810 1256 900 probabile
1278 820 1345 898 cst,
1367 817 1460 896 quod
1477 814 1522 878 iis
1542 816 1633 879 Coss.

220 919 408 987 seditiones
427 920 523 984 domi
540 926 637 997 ortu,
660 936 818 1000 ¹quarum
837 938 917 981 cum
939 919 1017 983 aliar
1034 936 1158 995 cause,
1189 927 1262 981 tum
1286 916 1391 983 sames
1408 928 1510 1003 atque
1526 920 1634 1006 pesti·

161 1096 168 1110 ,
217 1025 328 1091 lentie
344 1025 451 1090 fuisse
466 1018 789 1103 videntur.oitiosr'
803 1019 1048 1111 magistratus
1061 1022 1149 1088 vitio
1163 1024 1270 1089 creati
1288 1026 1459 1091 dicunbrr.
1481 1025 1541 1091 cfr.
1560 1026 1631 1089 Cic.
1721 1046 1725 1057 ·

218 1130 311 1195 Phil.
339 1149 369 1194 a.
397 1136 448 1195 33.
476 1128 674 1214 ..Quamdiu
695 1134 735 1189 tu
758 1127 853 1193 voles
871 1127 1018 1193 vitiosus
1042 1130 1160 1195 consul
1188 1130 1390 1195 Dolabella:
1420 1149 1537 1196 rursus
1557 1150 1633 1193 cnm

216 1237 336 1313 voles,
357 1234 461 1301 salvis
480 1233 644 1318 auspi‘cIIs
663 1240 826 1297 creatus.»
843 1235 920 1297 Jsm
943 1256 1023 1299 cum
1045 1255 1159 1319 neque
1177 1238 1240 1301 bos
1261 1238 1418 1303 consules
1435 1238 1523 1301 vitio
1540 1254 1634 1301 crea·

215 1348 273 1405 tos
293 1358 383 1422 esse,
411 1339 586 1404 memoriae
605 1338 651 1402 sit
668 1338 862 1424 proditum,
883 1360 997 1423 neque
1021 1341 1121 1407 iacIle
1140 1342 1219 1425 quis
1238 1343 1402 1429 explicet,
1423 1362 1500 1426 quae
1515 1338 1629 1408 solita

218 1446 312 1509 mala
328 1442 464 1509 vitiosis
496 1443 752 1529 magistratibus
771 1445 946 1530 accidant,
976 1454 1052 1512 orta
1082 1456 1132 1515 est
1151 1448 1394 1534 Havcrcampii
1420 1448 1633 1527 conjecturas

218 1545 359 1617 vitiosis
379 1544 498 1638 magia
518 1546 710 1613 aetatibus
732 1550 755 1613 i.
777 1570 808 1615 e.
826 1551 932 1616 solito
955 1552 1173 1639 gravioribus
1195 1562 1298 1639 atque
1319 1552 1634 1641 pestilentioribus,

218 1674 291 1739 quo
313 1663 469 1740 tempore
486 1654 599 1718 morbi
617 1652 690 1720 fere
709 1655 971 1743 ingravescunta
992 1660 1178 1740 conjecerit
1198 1662 1340 1745 aliquis:
1358 1668 1502 1746 proeter
1520 1653 1634 1722 solito

172 1813 179 1823 ,
218 1758 361 1827 vitiosis
381 1756 500 1851 magis
520 1757 711 1825 oestatiluc
729 1780 874 1845 eamque
894 1764 1128 1845 conjecturam
1158 1787 1199 1833 eo
1227 1767 1425 1851 confirmet,
1448 1766 1544 1847 quod
1570 1762 1633 1823 Sa·

216 1864 344 1930 Iustius
362 1864 442 1929 aliis
461 1884 601 1948 quoquc
621 1866 709 1933 locis
724 1876 866 1953 proeter
883 1870 1042 1936 adverbii
1056 1872 1135 1937 loco
1155 1872 1329 1960 posuerit,
1347 1873 1407 1939 sed
1428 1890 1500 1935 non
1520 1864 1635 1933 solum

217 1992 261 2037 eo
281 1972 470 2037 verborum
496 1979 665 2038 structura
691 1974 894 2060 impeditior
924 1976 981 2061 iit,
1011 1981 1197 2045 sedetiam
1224 1978 1281 2044 tte
1308 2000 1380 2044 non
1410 1980 1454 2040 ad
1475 1974 1634 2041 consules

218 2080 282 2143 sed
300 2081 345 2139 ad
365 2077 546 2140 Metellum
558 2088 662 2160 atque
677 2082 899 2167 Pompejum,
919 2092 1022 2165 atque
1038 2107 1180 2151 omnem
1189 2084 1421 2168 provinciam
1443 2082 1486 2143 ad
1509 2080 1635 2159 Hispa·

218 2180 319 2244 niam
334 2179 555 2245 referendum
578 2188 683 2263 esset,
704 2182 743 2241 in
765 2202 835 2261 qua
854 2190 958 2247 duces
977 2192 1155 2250 Romanos
1170 2206 1211 2249 eo
1230 2198 1384 2267 tempore
1405 2183 1528 2263 sepius
1542 2180 1635 2243 fame

220 2286 414 2369 laborasse,
435 2292 786 2369 supramemoratum
808 2292 869 2350 est.
899 2292 999 2349 ·1³.-
1017 2284 1078 2355 Hi
1091 2284 1249 2352 saltibus
1268 2280 1460 2371 occupatis
1479 2292 1556 2347 tum
1578 2303 1637 2346 ex-

218 2393 413 2455 ternorum
441 2410 554 2479 agros
575 2388 737 2455 invasere
744 2384 1006 2481 frumentique
1031 2415 1077 2457 en
1096 2388 1207 2482 gravi
1232 2386 1359 2475 inopia
1382 2384 1500 2454 satius
1509 2384 1636 2480 sacta.

216 2500 262 2561 In
280 2504 398 2562 vetere
411 2496 531 2561 codice
547 2493 775 2569 Noniiest·r’n
797 2492 956 2562 saltibus
973 2504 1192 2582 occupatur,
1212 2497 1250 2562 in
1268 2496 1441 2561 Iuniano:
1461 2516 1507 2561 oc
1527 2490 1636 2559 satta·-
1718 2560 1723 2568 ,

220 2603 288 2668 bus
311 2598 504 2686 occupatis
521 2610 654 2667 tamen.
676 2601 716 2664 in
734 2603 807 2668 alio
822 2604 929 2667 etiam
945 2612 1099 2671 vetustos
1121 2600 1333 2669 insultibus
1350 2596 1542 2686 occupatis
1556 2606 1636 2663 tum

218 2745 262 2763 -··
286 2730 332 2773 ex
354 2710 391 2773 h.
410 2708 436 2771 l.
456 2716 496 2771 ut
515 2710 639 2792 saepius
654 2716 743 2792 post
761 2709 954 2795 significat,
974 2711 1072 2773 utin
1092 2711 1286 2775 innumeris
1308 2708 1530 2773 dictionibus.
1558 2724 1635 2781 ,sa-

221 2810 297 2877 tius
315 2830 444 2877 nomen
465 2832 529 2897 pro
551 2808 707 2877 satietas
736 2816 906 2898 adprobat
919 2802 1062 2878 'Charis
1082 2837 1117 2895 p.
1141 2821 1192 2887 43.
1213 2813 1276 2875 ct'r.
1295 2812 1512 2894 Hegesippus
1533 2832 1560 2871 r.
1580 2810 1638 2870 182

223 2934 329 2999 opera
352 2916 427 2992 ejus
441 2936 484 2979 ex
503 2916 699 2997 indigentia
722 2918 821 2995 gravi
849 2918 1018 2977 frumenti
1048 2913 1185 2975 satietas
1204 2912 1310 2982 tacta.
1330 2912 1494 2996 Agnoscit
1518 2908 1639 2973 Livius

223 3018 357 3084 XXVII.
382 3036 455 3101 cap.
480 3016 593 3078 XLIII.
622 3013 780 3079 Victores
800 3013 978 3100 sanguinis
1002 3014 1147 3079 cordisve
1170 3023 1304 3099 ceperat
1322 3010 1449 3079 satias.
1472 3014 1537 3078 ubi
1556 3012 1639 3081 vide

222 3144 301 3207 quse
320 3128 497 3185 nutantum.
516 3122 604 3183 Item
616 3118 725 3181 Silius
743 3120 801 3183 IV.
820 3136 900 3180 rso:
918 3118 1079 3184 reclinis
1099 3118 1259 3204 satiasve,
1280 3120 1364 3184 novi
1380 3122 1440 3185 sed
1456 3120 1638 3207 sanguinis

221 3232 327 3295 ardor
345 3226 571 3313 gliscebat-
594 3230 629 3289 et
646 3222 701 3285 ibi
723 3224 900 3308 Interpp)
923 3224 1017 3288 cort.
1038 3224 1130 3309 Lips
1146 3222 1252 3310 Epist.
1276 3226 1334 3290 IV.
1359 3237 1418 3299 ¹4¹
1438 3224 1634 3287 emendavit

221 3334 421 3423 ingeniose:
448 3328 509 3399 Hi
525 3328 683 3396 saltibus
713 3324 908 3415 occupatis
934 3326 1246 3396 Termestinorum
1272 3348 1386 3419 agros
1403 3324 1573 3393 invasere.
1595 3330 1639 3392 de
1683 3398 1691 3414 ¹

224 3460 294 3525 qua
312 3440 533 3522 conjectura,
546 3434 703 3520 quamvis
725 3434 926 3521 ingeniosa,
945 3435 1084 3500 carrio:
1104 3435 1239 3509 ..habeo
1259 3436 1355 3517 quod
1375 3432 1524 3521 fugiam,
1543 3436 1638 3515 quod

225 3565 366 3629 sequar,
384 3545 621 3608 posthabeo.»
642 3543 811 3607 Caeterum
832 3541 1067 3607 Termestinos
1084 3560 1104 3603 a
1120 3542 1161 3623 Q.
1175 3541 1341 3624 Pompejo
1359 3540 1501 3605 consule
1519 3538 1638 3603 subac-

225 3658 282 3715 tos
303 3649 411 3713 tradit
429 3648 503 3714 Lir.
522 3648 611 3733 Epit.
635 3649 722 3715 LIV.
749 3648 810 3711 sed
838 3666 916 3709 cum
938 3645 1065 3711 iisdem
1090 3646 1266 3709 consulem
1284 3663 1405 3729 pacem
1425 3642 1640 3731 ignominio-

225 3776 300 3820 sam
328 3756 372 3818 ab
402 3752 606 3819 infirmitate
628 3751 762 3819 fecisse.
788 3753 955 3818 Praeterea
980 3754 1018 3814 L.
1048 3748 1209 3815 Pisonem
1230 3760 1408 3837 pretorem
1439 3752 1478 3816 in
1512 3752 1639 3819 itinere

228 3864 388 3925 adortum
404 3865 574 3947 agrestem
591 3861 765 3941 quendam
779 3856 934 3922 nationis
944 3856 1167 3922 Termestiuae
1182 3857 1393 3924 interfecisse
1407 3858 1546 3923 Tacitus
1559 3878 1641 3921 auo

228 3974 285 4031 tor
300 3974 351 4031 est
367 3966 454 4030 Anu.
465 3980 496 4042 a.
508 3965 566 4041 45:
588 3984 659 4047 qua
676 3965 716 4029 in
731 3984 771 4031 rc
788 3964 959 4029 ridiculus
968 3962 1148 4029 Debrossii
1162 3982 1259 4029 error
1269 3967 1455 4042 notandus,
1469 3962 1530 4044 qui
1545 3966 1639 4024 hunc

228 4070 393 4136 Pisonem
411 4092 491 4136 cum
514 4070 672 4135 Catilina
694 4071 789 4136 socio
815 4071 965 4139 eundem
987 4088 1058 4135 esse
1078 4071 1239 4158 opinatus
1255 4078 1315 4141 est.
1336 4070 1396 4135 cir.
1422 4064 1512 4131 Hist.
1535 4068 1578 4127 n.
1595 4064 1638 4125 Il.

228 4178 401 4261 I..111.77.
422 4198 500 4243 cum
511 4176 624 4265 spatio
640 4176 815 4264 octoginta
827 4177 936 4244 ferme
948 4194 1121 4243 annorum
1136 4176 1353 4245 intersesiut
1371 4168 1543 4251 disjuncti.
1561 4168 1639 4255 Iam

1295 4306 1339 4365 12.
