4050 5009
1529 390 1601 485 139

302 559 477 635 Ceterum
496 556 608 635 facies
632 556 747 635 totius
764 558 907 667 negotii
930 560 1052 654 varia,
1075 562 1236 653 ineerta,
1259 560 1363 639 foeda
1381 577 1498 667 atque
1521 564 1642 641 ιιιίοὸ1

209 680 393 760 serabilis:
420 681 578 786 dispersi
606 709 629 756 a
654 682 731 759 suis
757 710 845 789 pars
870 683 1018 776 oedere,
1049 686 1153 763 alii
1140 686 1306 789 msequi;
1341 712 1467 813 neque
1490 686 1598 793 signa

210 832 324 913 neque
345 806 497 883 ordines
520 806 731 900 observare3
753 807 823 883 ubi
838 834 1030 949 quemque
1044 808 1261 950 periculum
1276 805 1443 915 ceperat,
1467 810 1524 887 ibi
1538 838 1599 889 re·

207 930 323 1009 sistere
339 958 385 1007 ao
402 930 641 1035 propulsare.
655 957 761 1005 arma
768 930 885 1023 ‚tela‚
903 932 1012 1035 equi,
1025 931 1116 1023 viri,
1129 930 1253 1009 hostes
1267 950 1384 1036 atque
1399 932 1497 1011 oives
1510 958 1598 1041 pen

206 1055 327 1153 mixti3
317 1054 440 1133 ·nihil
454 1054 613 1131 oonsilio
631 1080 757 1159 neque
769 1080 930 1159 rmpeno
955 1055 1034 1160 ogi:
1025 1055 1129 1131 ·fors
1144 1056 1274 1133 omnia
1291 1082 1427 1163 regere
1458 1060 1596 1165 ltaque

206 1178 367 1261 multum
388 1178 465 1255 diei
494 1194 750 1283 processerat,
781 1204 904 1281 quum
936 1180 1054 1255 etiam
1077 1195 1163 1255 tum
1185 1196 1342 1255 eventus
1373 1180 1419 1257 in
1449 1182 1596 1261 incerto

204 1318 288 1385 unt
330 1303 509 1405 Denique
538 1301 716 1378 omnibus
739 1302 870 1377 labore
892 1316 933 1377 et
959 1300 1054 1379 estu
1078 1303 1269 1409 languidis
1284 1304 1300 1395 ,'
1325 1304 1503 1381 Metellus
1524 1306 1596 1382 ubi

204 1428 301 1507 videt
315 1427 499 1505 Numidas
524 1425 827 1516 minutiorum,
852 1424 1057 1531 paullatim
1076 1426 1214 1502 milites
1234 1425 1277 1503 in
1302 1454 1429 1503 unum
1447 1428 1595 1509 condu·
1707 1424 1715 1433 '

204 1553 273 1647 uit,
290 1554 441 1631 ordines
457 1550 624 1627 restituit
639 1564 678 1625 et
700 1546 872 1625 cohortes
887 1548 1112 1655 legionarias
1129 1567 1299 1654 quatuor
1311 1551 1514 1629 advorsum
1529 1580 1595 1658 pe-

203 1676 294 1757 dites
309 1674 480 1755 hostium
501 1674 685 1769 collocat;
707 1698 841 1749 eorum
857 1698 996 1778 magna
1018 1700 1107 1779 pars
1118 1673 1378 1779 superioribus
1393 1675 1485 1752 locis
1502 1676 1595 1753 sessa

203 1801 424 1880 oonsederat
464 1796 586 1875 Simul
606 1822 730 1887 orare,
749 1794 898 1873 hortari
918 1796 1075 1890 milites,
1099 1822 1150 1873 ne
1173 1796 1400 1888 defluerent,
1425 1824 1504 1874 neu
1527 1826 1597 1905 pa.

203 1938 369 2003 tuentur
395 1921 514 2000 hostis
536 1920 722 2026 fugientes
742 1918 921 1997 vinoere:
951 1946 1078 2024 neque
1102 1920 1179 1997 illis
1201 1936 1324 1997 castra
1348 1946 1445 2013 esse,
1469 1946 1596 2027 neque

200 2048 483 2127 munimentum
513 2044 660 2135 ullum,
685 2068 764 2146 quo
790 2042 964 2119 oedentes
990 2043 1212 2120 tenderent:
1246 2044 1289 2119 in
1318 2045 1434 2121 armis
1463 2047 1595 2123 omnia

200 2172 278 2249 sita.
317 2170 391 2249 Sed
405 2195 455 2249 ne
478 2164 665 2274 Iugurtha
686 2164 845 2271 quidem
873 2166 1019 2243 interea
1041 2166 1193 2271 quietus
1217 2182 1330 2243 erat:
1365 2168 1594 2261 circumire,

201 2292 362 2388 hortari,
381 2318 565 2372 renovare
583 2288 764 2395 prelium
787 2304 829 2366 et
854 2288 933 2395 ipsa
952 2316 1044 2366 oum
1061 2288 1216 2367 delectis
1231 2306 1418 2397 temptare
1435 2292 1566 2369 omnia
1584 2325 1593 2368 ε

200 2420 394 2499 subvenire
417 2418 511 2509 suis,
528 2414 703 2491 hostibus
727 2411 855 2489 dubiis
882 2412 1046 2507 instare3
1070 2438 1166 2518 quos
1189 2412 1320 2491 firmos
1346 2432 1594 2521 cognoverat,

201 2544 344 2625 eminus
366 2540 578 2650 pugnando
602 2538 775 2615 retinere
822 2540 880 2615 Eo
900 2536 1015 2615 modo
1031 2536 1135 2613 inter
1155 2562 1195 2613 se
1220 2536 1301 2613 duo
1329 2538 1643 2643 imperatorem,

202 2668 335 2748 summi
364 2667 457 2759 viri,
491 2664 691 2742 oertabant
713 2694 725 2741 s
748 2660 822 2766 ipsi
848 2686 976 2765 pares,
1003 2677 1176 2739 ueterum
1198 2662 1337 2767 opibus
1369 2662 1596 2769 disparibus.

202 2794 294 2873 llam
310 2791 466 2870 Metello
484 2788 605 2865 virtus
621 2788 792 2864 militum
810 2800 910 2878 erat,
933 2786 1040 2861 locus
1057 2784 1236 2863 advorsus
1255 2820 1264 2863 z
1297 2787 1496 2893 Iugurthae
1518 2787 1595 2865 alia

202 2921 325 2999 omnia
343 2932 484 3025 praeter
508 2913 648 2990 milites
671 2925 897 3017 opportuna.
939 2908 1119 3013 Denique
1145 2910 1327 3003 Romani,
1358 2912 1428 2987 ubi
1448 2911 1599 2989 intelle·

202 3060 314 3153 gunt,
339 3066 467 3145 neque
488 3038 561 3115 sibi
577 3034 890 3143 perfugiumesse
912 3060 1039 3139 neque
1052 3034 1102 3108 ab
1120 3032 1228 3109 hosts
1250 3035 1402 3146 copiam
1422 3064 1599 3143 pugnan.

202 3172 239 3248 di
257 3167 355 3266 fieri;
380 3164 436 3265 (et
457 3162 537 3239 iam
558 3160 620 3239 die
639 3184 769 3265 vesper
789 3158 908 3259 erat);
931 3156 1091 3235 advorso
1107 3158 1207 3237 colle
1225 3158 1339 3235 sicuti
1361 3177 1599 3265 praeoeptum

203 3374 240 3414 ιιι.
251 3374 281 3413 n.
300 3350 360 3416 Erl.
372 3352 476 3411 Fraus.
495 3344 576 3409 Vrat.
590 3366 615 3403 ι.
635 3344 703 3403 Eoo.
724 3342 821 3403 Guell.
834 3362 860 3401 ι.
873 3340 903 3402 3.
917 3340 947 3413 ζ.
961 3364 988 3423 7.
999 3362 1029 3422 9.
1044 3362 1090 3405 ιι.
1105 3361 1151 3401 12.
1173 3341 1257 3402 Born.
1271 3362 1296 3401 1.
1307 3340 1337 3403 3.
1357 3350 1444 3419 otqrte
1460 3361 1521 3400 om.
1536 3342 1598 3402 duo

201 3458 282 3524 Ririi.
300 3456 371 3516 Tur.
391 3452 453 3513 Bas.
467 3450 497 3522 Α.
517 3452 630 3531 aliquot
645 3448 751 3521 Cottii,
770 3446 852 3507 Leid.
867 3468 893 3507 e.
907 3448 928 3511 l'.
943 3467 971 3529 g,
992 3447 1115 3507 Palatini
1136 3450 1269 3508 meliores
1285 3448 1382 3509 credo.
1403 3451 1598 3510 consederant

201 3560 258 3629 Bos.
268 3562 297 3634 l.
316 3566 449 3623 orasset
464 3555 584 3617 hortari
597 3554 729 3636 plerique
743 3552 837 3611 Cortii
851 3551 918 3611 libri
938 3552 997 3613 Erl.
1017 3552 1086 3634 Τις.
1101 3552 1162 3613 Bas.
1177 3574 1203 3611 1.
1215 3555 1243 3623 k.
1264 3552 1349 3613 llern.
1368 3573 1394 3619 1.
1414 3562 1442 3612 et
1457 3574 1517 3613 οιιι.
1527 3554 1597 3615 vin.

204 3688 228 3733 ι.
246 3668 303 3729 ine.
319 3688 348 3734 ι.
366 3664 452 3725 llem.
467 3681 495 3722 s.
517 3672 572 3719 tres
585 3669 718 3739 praterea
732 3656 814 3717 Cort.
835 3656 919 3717 Born.
932 3660 960 3719 3.
980 3656 1046 3721 llis.
1065 3658 1182 3719 Gruter.
1201 3656 1386 3723 wasslaeid.
1406 3658 1497 3719 honis
1505 3653 1599 3739 sugi-

202 3782 273 3837 Μ
290 3770 404 3833 itallos·
418 3789 444 3828 1.
464 3784 556 3844 nequa
578 3762 636 3823 illis
655 3782 736 3822 murt.
756 3762 825 3821 Nor.
846 3760 944 3821 Guell.
960 3782 986 3820 ι.
1007 3761 1121 3824 Falsis.
1140 3763 1228 3826 Rivii.
1247 3764 1299 3822 sed
1314 3762 1432 3842 using.
1452 3764 1521 3824 vin.
1540 3765 1599 3825 lla·

202 3876 269 3941 brie.
281 3896 309 3940 a.
328 3878 389 3937 ino.
402 3896 428 3934 ι.
448 3872 534 3932 Rem.
547 3890 574 3937 a.
594 3870 691 3929 Senat
705 3887 733 3929 a.
755 3868 855 3928 Heuss.
874 3868 955 3928 Vrat.
970 3888 996 3927 ι.
1008 3886 1037 3927 2.
1058 3866 1157 3927 Guell.
1172 3866 1237 3928 nl.
1259 3868 1320 3931 Bas.
1334 3887 1359 3932 ι.
1380 3868 1449 3927 Tur.
1470 3867 1556 3928 Bern.
1570 3890 1596 3931 ι.

204 3982 230 4044 3.
255 4002 308 4047 nae
322 3984 371 4043 vel
394 3996 485 4059 nsque
505 3976 603 4041 aeteri
631 3976 672 4035 ita
687 3973 802 4035 Gruter.
831 3972 954 4035 llorere.
979 3971 1062 4033 Leid.
1092 3972 1248 4033 circumire
1267 3972 1329 4037 Bas.
1345 3993 1370 4031 ι.
1390 3970 1481 4032 dead.
1501 3974 1598 4036 Suus.

203 4088 299 4155 luno.
317 4084 457 4155 euelli.
483 4080 610 4144 drcuire
628 4080 750 4160 plurimi
765 4076 842 4139 libri.
872 4094 1013 4139 renovare
1026 4078 1111 4156 proel.
1132 4097 1268 4139 rovooors
1287 4078 1347 4137 ine.
1361 4094 1389 4137 a.
1417 4094 1487 4137 cum
1504 4076 1599 4139 dabo-

205 4194 237 4257 tls
253 4196 348 4257 Senot.
364 4212 392 4253 a.
412 4189 509 4250 Guoll.
519 4210 549 4269 9.
568 4186 648 4249 Vrat
661 4204 690 4245 s.
709 4183 813 4245 drlbius
823 4181 933 4243 instare
951 4180 1013 4243 Bas.
1032 4204 1058 4247 ι.
1077 4182 1161 4246 fabr.
1175 4204 1203 4242 ι.

280 4320 353 4408 Cup.
368 4322 416 4384 52.
436 4316 545 4381 mmmi
562 4336 623 4376 orn.
638 4313 735 4379 Guell.
748 4332 774 4379 ι.
793 4311 894 4383 ΒΜ.
922 4311 1079 4371 rumorosi
1103 4313 1187 4372 Rem.
1201 4333 1227 4371 ι.
1256 4310 1385 4392 dispares
1405 4308 1486 4376 leid.
1499 4332 1525 4375 ο.
1545 4311 1597 4372 in·

205 4430 337 4514 tssssgrnrt
353 4429 450 4493 Sonat.
463 4446 489 4492 1.
516 4422 613 4485 Guell.
631 4440 656 4481 1.
669 4438 697 4482 s.
724 4418 792 4481 Eoo.
810 4414 983 4499 prqfugium
1002 4436 1109 4480 norem
1130 4415 1224 4477 Curtii
1239 4417 1404 4477 deteriores.
1423 4417 1485 4481 Bas.
1497 4416 1526 4488 A.
1547 4417 1597 4477 die

1150 4519 1176 4574 >a
