4050 5009
1557 395 1628 466 ὄπι

228 588 488 680 opitulantem
517 587 780 670 constituerat,
806 583 1035 675 agitabatur.
1063 587 1112 653 tt.
1144 594 1311 674 gesserat
1339 591 1389 654 lo.
1423 597 1630 674 caperent,

228 696 453 778 nequiverat,
462 691 600 784 suerat
614 697 662 757 ⁵1.
684 703 916 784 cognoverat.
931 695 977 756 60.
999 687 1235 773 remiserant,
1251 694 1587 777 prospectabant&
1600 699 1633 760 6.

227 810 338 866 toturn
358 811 470 886 caput.
495 823 525 882 7.
551 802 690 864 arduus
710 807 808 882 erat,
829 801 1032 864 domuerat.
1053 819 1083 880 9.
1112 793 1177 860 ubi
1188 817 1270 879 pas:
1290 805 1455 863 evenerat
1475 820 1525 864 ιο.
1543 803 1634 865 doo-

227 907 291 972 bns
310 907 396 982 locis
416 907 527 991 plusq.
546 907 619 968 vim
639 901 832 987 imperfecti
852 903 982 966 habere
1000 904 1149 966 videtur.
1176 901 1239 967 cir.
1260 903 1296 965 C.
1317 907 1368 966 ⁵0.
1393 913 1427 970 J.
1450 927 1500 989 7⁰·
1527 902 1636 971 soliti

229 1021 355 1085 erant3
376 1012 414 1075 id
435 1015 530 1095 quod
552 1030 593 1075 co
614 1009 784 1090 firmatur,
799 1008 902 1088 quod
924 1006 1103 1070 Prisciano
1122 1015 1205 1072 teste
1218 1029 1249 1087 9.
1272 1029 1319 1070 ιο.
1338 1031 1375 1093 p.
1394 1011 1468 1087 468.
1485 1013 1547 1074 Ed
1567 1013 1630 1074 Kr.

228 1117 341 1199 plusq-
361 1117 529 1180 solnerat
549 1113 692 1195 antique
713 1113 861 1188 duent,
891 1110 1006 1196 ipsum
1026 1111 1268 1196 imperfectum
1288 1131 1361 1177 non
1380 1135 1454 1180 uno
1472 1116 1551 1180 loco
1568 1137 1635 1201 pro

228 1219 363 1305 impert.
385 1220 509 1284 action.
531 1217 766 1305 ingredienda
786 1215 946 1302 positum.
968 1215 1030 1281 cir.
1047 1227 1082 1284 J·
1104 1239 1134 1298 7·
1153 1213 1325 1282 mittebat
1345 1235 1397 1300 29.
1416 1219 1636 1306 redimebat,

227 1325 414 1408 perfectum
427 1325 625 1408 aliquoties,
642 1333 679 1388 ut
694 1325 817 1390 Acrist.
828 1327 982 1411 Grascus,
997 1335 1037 1391 ut
1047 1325 1227 1392 notionem
1243 1324 1504 1392 consuetudinis
1518 1325 1635 1390 inclu-

229 1434 306 1508 dat,
321 1433 381 1495 scd
392 1429 568 1515 propriam
582 1429 652 1492 vim
667 1450 740 1496 non
756 1431 859 1516 plane
879 1415 1021 1496 amittat.
1036 1431 1098 1495 cir.
1120 1433 1159 1494 c.
1175 1451 1220 1498 ιο.
1244 1430 1401 1498 edocuit.
1417 1435 1467 1496 io.
1481 1429 1632 1520 gravius

228 1557 332 1619 aquo
353 1537 520 1602 habuere.
540 1536 621 1601 vide
634 1538 824 1602 Commem.
838 1538 881 1600 ad
895 1539 966 1600 Cat.
983 1558 1032 1600 ιο.
1052 1539 1211 1602 ceterum
1230 1558 1295 1623 per
1313 1558 1351 1602 sc
1369 1546 1464 1622 patet
1483 1556 1527 1601 ne
1547 1536 1633 1600 dili·

227 1642 427 1726 gentissima
451 1641 593 1725 quidem
615 1641 850 1727 exemplorum
871 1641 1127 1725 conquisitione
1152 1640 1244 1706 effici
1267 1661 1387 1727 posse,
1406 1650 1467 1718 ut,
1485 1642 1571 1723 quid
1591 1640 1632 1706 in

228 1747 390 1810 omnihus
410 1757 444 1812 et
463 1747 611 1834 singulis
630 1748 717 1812 locis
731 1756 852 1814 auctor
872 1749 912 1811 in
925 1756 1131 1832 temporum
1145 1743 1412 1831 compositione
1422 1756 1558 1812 secunus
1575 1747 1634 1830 sit,

227 1853 422 1936 generalior
450 1853 637 1938 disputatio
658 1853 915 1938 complectatur.
935 1855 1024 1918 .Sed
1043 1854 1117 1918 hec
1135 1871 1245 1937 pauca
1263 1853 1416 1918 notanda
1436 1871 1509 1918 esse
1528 1851 1633 1930 duri,

227 1965 266 2020 ut
286 1967 320 2022 et
340 1967 507 2040 quantum
527 1958 573 2022 sit
591 1958 791 2023 Salustiann
811 1957 979 2023 orationis
999 1958 1203 2043 artificium,
1223 1959 1351 2024 clauus
1369 1955 1634 2044 perspiceretur,

227 2070 261 2128 ct
279 2084 382 2145 quam
403 2083 524 2128 manca
545 2073 579 2126 et
598 2063 797 2147 imperfecta
815 2061 1119 2148 grammaticorum
1137 2065 1210 2125 siut
1228 2071 1414 2147 precepta,
1434 2064 1497 2144 qui
1514 2064 1633 2147 sapis-
1654 2071 1661 2092 ⁴

226 2169 312 2232 sime
332 2187 474 2253 pervum
495 2168 731 2251 exemplorum
751 2185 936 2230 numerum
958 2185 1107 2249 eumque
1127 2169 1172 2230 ab
1191 2167 1272 2230 aliis
1291 2173 1492 2252 congestum
1510 2165 1632 2249 neno,

227 2274 483 2338 conclusionem
505 2277 548 2338 de
568 2273 716 2337 maxime
734 2271 902 2337 orationis
920 2270 1083 2338 varietate
1101 2271 1245 2341 nsunt

305 2383 335 2442 N
337 2399 383 2444 on
398 2380 509 2442 minus
522 2379 675 2444 diversus
688 2387 738 2442 est
750 2381 843 2464 apud
851 2377 1040 2444 Salustium
1049 2377 1335 2460 conjunctionum
1352 2396 1444 2444 usus.
1463 2381 1516 2443 lta
1534 2377 1632 2444 coins

226 2481 357 2548 terebat
385 2494 419 2550 ct
447 2485 556 2571 ipsius
581 2485 758 2572 scriptoris
783 2483 981 2573 ingenium,
1015 2495 1048 2550 et
1068 2484 1247 2569 historie,
1270 2485 1410 2568 qualem
1429 2485 1493 2550 illc
1513 2493 1632 2551 mente

226 2587 295 2652 sibi
315 2589 472 2674 tinxerat,
494 2592 569 2676 lcx,
590 2599 624 2656 et
642 2591 841 2676 antiquum,
860 2593 958 2678 qupd
977 2584 1179 2676 affectabat,
1198 2589 1341 2658 dicendi
1360 2609 1476 2677 genus.
1492 2591 1634 2658 Scilicet

224 2693 407 2778 Salustius,
435 2699 530 2777 cujus
555 2717 677 2760 sanum
698 2707 732 2762 ct
750 2706 880 2762 rectum
902 2705 975 2762 erat
989 2695 1183 2790 judicium,
1211 2697 1317 2783 plane
1336 2705 1372 2762 ct
1391 2706 1509 2782 aperte
1528 2697 1631 2780 loqui

226 2819 328 2880 quam
350 2800 525 2862 subtiliter
544 2810 577 2860 et
597 2811 732 2862 versute
752 2805 920 2862 disserere
938 2803 1073 2864 maluit.
1105 2805 1190 2879 Qua
1211 2802 1306 2862 enim
1325 2802 1391 2862 alii
1410 2802 1530 2864 multis
1549 2821 1633 2885 ope·

223 2921 370 2982 roscque
390 2901 594 2982 conquisitis
613 2899 806 2963 rationibus
826 2899 1008 2982 evincunt,
1027 2901 1102 2962 haec
1120 2899 1183 2962 illc
1202 2901 1403 2965 excellentis
1421 2901 1558 2986 ingenii
1575 2903 1631 2966 lu·

226 3003 321 3068 mine
341 3010 375 3066 et
394 3003 574 3068 velocitate
593 3003 757 3087 arripuit,
781 3004 968 3086 omniaque
988 3003 1036 3066 ita
1057 3003 1275 3089 enunciavit,
1304 3004 1515 3070 utbreviter
1533 3027 1630 3071 com·

225 3107 405 3193 prehensis
424 3107 603 3172 sententiis
622 3109 721 3190 qussi
740 3109 882 3176 oracula
900 3107 1051 3172 edidisse
1069 3107 1254 3176 videretur.
1295 3109 1367 3193 Ipsi
1386 3116 1502 3175 autern
1520 3113 1629 3177 histo-

226 3214 304 3286 riae,
325 3223 358 3276 ut
381 3213 473 3278 testis
494 3221 687 3297 temporum
708 3221 740 3276 et
759 3212 821 3277 lux
839 3211 994 3278 veritatis
1014 3221 1106 3279 recte
1126 3213 1275 3301 dimtur,
1295 3215 1442 3300 simplex
1453 3225 1495 3280 ‚et
1514 3218 1631 3302 gruis

227 3319 338 3382 oratio
358 3319 507 3384 maxime
526 3318 693 3383 convenit.
720 3319 788 3382 Sed
807 3318 1014 3402 antiquioris
1033 3319 1202 3384 sermonis
1222 3321 1261 3384 id
1280 3321 1462 3405 proprium
1481 3339 1554 3387 esse
1574 3343 1630 3386 sc-
1739 3344 1742 3349 ’

227 3424 293 3509 let,
311 3439 442 3509 utpura
451 3425 650 3506 illustrique
667 3423 833 3508 gravitate
848 3425 957 3509 magis
976 3446 1081 3509 quam
1093 3427 1263 3491 concinna
1276 3435 1312 3490 et
1325 3426 1629 3492 artificiosamcm·

226 3530 367 3594 bromm
389 3529 639 3614 compositione
659 3528 812 3596 excellat.
852 3531 1021 3606 Salustius
1039 3531 1164 3614 igitur,
1190 3531 1330 3614 grandis
1349 3531 1480 3606 verbis,
1507 3533 1629 3597 creber

225 3634 422 3710 sententiis,
450 3633 703 3718 compressione
723 3655 839 3699 rerum
859 3635 993 3719 brevis,
1026 3635 1219 3699 orationem
1237 3635 1287 3698 ita
1307 3635 1555 3727 conformavit,
1588 3645 1629 3702 ut

226 3739 419 3823 sententiae,
440 3738 547 3802 nullis
566 3739 621 3804 vel
642 3739 760 3823 paucis
780 3739 977 3825 particulis,
999 3740 1092 3804 inter
1109 3757 1147 3804 se
1165 3741 1359 3822 aequatione
1379 3744 1528 3823 quadarn
1543 3742 1629 3822 jun·

225 3853 403 3930 gerento,
431 3845 540 3908 altera
559 3846 700 3909 alteram
721 3845 912 3930 exciperet,
939 3845 1156 3931 explanaret,
1175 3845 1373 3912 illustraret.
1412 3848 1501 3912 Satis
1520 3847 1629 3934 igitur

225 3949 330 4012 habet
350 3951 458 4012 multa
478 3970 647 4030 enarrare,
669 3961 707 4014 ut
729 3928 894 4036 temporis
913 3954 999 4015 ordo
1021 3951 1168 4034 ferebat,
1180 3971 1257 4033 quas
1278 3951 1317 4015 in
1337 3954 1487 4018 oratorio
1509 3956 1628 4017 dicen·

227 4054 265 4116 di
283 4073 408 4140 genere
429 4067 506 4140 apta
537 4065 818 4141 argumentorum
838 4055 1067 4141 dispositione
1087 4056 1181 4120 inter
1196 4076 1233 4121 se
1254 4057 1495 4142 conjungenda
1514 4065 1549 4122 et
1568 4075 1628 4120 co-

225 4162 453 4244 agmentanda
471 4157 578 4224 lucre.
619 4164 671 4223 lta
691 4161 875 4244 saepissime
903 4180 983 4226 usus
1012 4171 1064 4226 cst
1088 4161 1287 4247 particulis:
1315 4161 1392 4244 nbi,
1406 4169 1629 4245 postquam,

226 4273 324 4348 tum,
345 4264 452 4347 dum,
481 4261 652 4343 interim,
679 4263 780 4350 dein,
807 4262 953 4349 dehinc,
975 4264 1120 4345 deinde,
1136 4277 1244 4351 post,
1270 4269 1519 4352 paulopost,
1545 4269 1637 4332 Μ’

1282 4380 1328 4468 4ι
