<?xml version="1.0" encoding="UTF-8"?>
<!DOCTYPE html PUBLIC "-//W3C//DTD XHTML 1.0 Transitional//EN"
    "http://www.w3.org/TR/xhtml1/DTD/xhtml1-transitional.dtd">
<html xmlns="http://www.w3.org/1999/xhtml" xml:lang="en" lang="en">
 <head>
  <title>
</title>
<meta http-equiv="Content-Type" content="text/html;charset=utf-8" />
  <meta name='ocr-system' content='tesseract 3.04.00' />
  <meta name='ocr-capabilities' content='ocr_page ocr_carea ocr_par ocr_line ocrx_word'/>
</head>
<body>
  <div class='ocr_page' id='page_1' title='image "./salustiiquaeexs00sallgoog_0043.png"; bbox 0 0 4050 5009; ppageno 0'>
   <div class='ocr_carea' id='block_1_1' title="bbox 1590 414 1639 489">
    <p class='ocr_par' dir='ltr' id='par_1_1' title="bbox 1590 414 1639 489">
     <span class='ocr_line' id='line_1_1' title="bbox 1590 414 1639 489; baseline 0.041 -2"><span class='ocrx_word' id='word_1_1' title='bbox 1590 414 1639 489; x_wconf 76' lang='lat'>33</span> 
     </span>
    </p>
   </div>
   <div class='ocr_carea' id='block_1_2' title="bbox 233 594 1641 1427">
    <p class='ocr_par' dir='ltr' id='par_1_2' title="bbox 233 594 1641 997">
     <span class='ocr_line' id='line_1_2' title="bbox 234 594 1641 693; baseline 0.006 -32"><span class='ocrx_word' id='word_1_2' title='bbox 234 594 411 662; x_wconf 85' lang='lat' dir='ltr'>llomanos</span> <span class='ocrx_word' id='word_1_3' title='bbox 429 594 590 662; x_wconf 87' lang='lat' dir='ltr'>translata</span> <span class='ocrx_word' id='word_1_4' title='bbox 611 595 751 681; x_wconf 75' lang='lat' dir='ltr'>sunt.⁰)</span> <span class='ocrx_word' id='word_1_5' title='bbox 783 596 847 660; x_wconf 78' lang='lat' dir='ltr'>cn.</span> <span class='ocrx_word' id='word_1_6' title='bbox 873 595 1042 663; x_wconf 74' lang='lat' dir='ltr'>Lentulus</span> <span class='ocrx_word' id='word_1_7' title='bbox 1068 600 1103 664; x_wconf 89' lang='lat' dir='ltr'>et</span> <span class='ocrx_word' id='word_1_8' title='bbox 1125 598 1164 663; x_wconf 88' lang='lat'>1.</span> <span class='ocrx_word' id='word_1_9' title='bbox 1190 596 1322 665; x_wconf 77' lang='lat' dir='ltr'>Gellius</span> <span class='ocrx_word' id='word_1_10' title='bbox 1351 601 1517 669; x_wconf 85' lang='lat' dir='ltr'>Censores</span> <span class='ocrx_word' id='word_1_11' title='bbox 1544 623 1641 693; x_wconf 81' lang='lat' dir='ltr'>aspe-</span> 
     </span>
     <span class='ocr_line' id='line_1_3' title="bbox 234 704 1638 792; baseline 0.008 -27"><span class='ocrx_word' id='word_1_12' title='bbox 234 716 310 765; x_wconf 79' lang='lat' dir='ltr'>ram</span> <span class='ocrx_word' id='word_1_13' title='bbox 334 722 516 775; x_wconf 51' lang='lat' dir='ltr'>censuram¹</span> <span class='ocrx_word' id='word_1_14' title='bbox 530 710 689 789; x_wconf 84' lang='lat' dir='ltr'>egerunt,</span> <span class='ocrx_word' id='word_1_15' title='bbox 722 710 871 785; x_wconf 88' lang='lat' dir='ltr'>quatuor</span> <span class='ocrx_word' id='word_1_16' title='bbox 897 712 931 767; x_wconf 88' lang='lat' dir='ltr'>et</span> <span class='ocrx_word' id='word_1_17' title='bbox 954 704 1129 790; x_wconf 76' lang='lat' dir='ltr'><strong>sexaginta</strong></span> <span class='ocrx_word' id='word_1_18' title='bbox 1159 715 1277 769; x_wconf 89' lang='lat' dir='ltr'>senatu</span> <span class='ocrx_word' id='word_1_19' title='bbox 1299 708 1420 788; x_wconf 85' lang='lat' dir='ltr'>motis;</span> <span class='ocrx_word' id='word_1_20' title='bbox 1454 728 1476 773; x_wconf 84' lang='lat' dir='ltr'>a</span> <span class='ocrx_word' id='word_1_21' title='bbox 1496 710 1638 792; x_wconf 89' lang='lat' dir='ltr'>quibus,</span> 
     </span>
     <span class='ocr_line' id='line_1_4' title="bbox 235 804 1641 904; baseline 0.011 -35"><span class='ocrx_word' id='word_1_22' title='bbox 235 804 346 871; x_wconf 88' lang='lat' dir='ltr'>lustro</span> <span class='ocrx_word' id='word_1_23' title='bbox 378 808 538 887; x_wconf 84' lang='lat' dir='ltr'>condito,</span> <span class='ocrx_word' id='word_1_24' title='bbox 567 828 667 874; x_wconf 84' lang='lat' dir='ltr'>censa</span> <span class='ocrx_word' id='word_1_25' title='bbox 695 816 776 874; x_wconf 87' lang='lat' dir='ltr'>sunt</span> <span class='ocrx_word' id='word_1_26' title='bbox 808 806 936 873; x_wconf 82' lang='lat' dir='ltr'>civium</span> <span class='ocrx_word' id='word_1_27' title='bbox 967 810 1081 895; x_wconf 83' lang='lat' dir='ltr'>capita</span> <span class='ocrx_word' id='word_1_28' title='bbox 1105 810 1357 897; x_wconf 74' lang='lat' dir='ltr'>quadringenta</span> <span class='ocrx_word' id='word_1_29' title='bbox 1387 814 1641 904; x_wconf 80' lang='lat' dir='ltr'>quinquaginta</span> 
     </span>
     <span class='ocr_line' id='line_1_5' title="bbox 233 910 430 997; baseline 0.005 -22"><span class='ocrx_word' id='word_1_30' title='bbox 233 910 355 976; x_wconf 85' lang='lat' dir='ltr'>millia.</span> <span class='ocrx_word' id='word_1_31' title='bbox 371 913 430 997; x_wconf 61' lang='grc' dir='ltr'>θ’)</span> 
     </span>
    </p>

    <p class='ocr_par' dir='ltr' id='par_1_3' title="bbox 233 1014 1641 1427">
     <span class='ocr_line' id='line_1_6' title="bbox 312 1014 1639 1105; baseline 0.009 -23"><span class='ocrx_word' id='word_1_32' title='bbox 312 1021 355 1091; x_wconf 86' lang='lat' dir='ltr'>In</span> <span class='ocrx_word' id='word_1_33' title='bbox 374 1018 455 1083; x_wconf 80' lang='lat' dir='ltr'>Asia</span> <span class='ocrx_word' id='word_1_34' title='bbox 475 1019 657 1101; x_wconf 83' lang='lat' dir='ltr'><strong>Lucullus,</strong></span> <span class='ocrx_word' id='word_1_35' title='bbox 682 1023 761 1103; x_wconf 88' lang='lat' dir='ltr'>post</span> <span class='ocrx_word' id='word_1_36' title='bbox 783 1014 874 1101; x_wconf 78' lang='lat' dir='ltr'>regis</span> <span class='ocrx_word' id='word_1_37' title='bbox 896 1014 1032 1105; x_wconf 83' lang='lat' dir='ltr'>fugam,</span> <span class='ocrx_word' id='word_1_38' title='bbox 1065 1026 1100 1083; x_wconf 89' lang='lat' dir='ltr'>et</span> <span class='ocrx_word' id='word_1_39' title='bbox 1129 1018 1168 1083; x_wconf 90' lang='lat' dir='ltr'>in</span> <span class='ocrx_word' id='word_1_40' title='bbox 1198 1022 1287 1087; x_wconf 76' lang='lat' dir='ltr'>Asiae</span> <span class='ocrx_word' id='word_1_41' title='bbox 1306 1024 1409 1089; x_wconf 89' lang='lat' dir='ltr'>rebus</span> <span class='ocrx_word' id='word_1_42' title='bbox 1434 1026 1639 1095; x_wconf 71' lang='lat' dir='ltr'>ordinandis</span> 
     </span>
     <span class='ocr_line' id='line_1_7' title="bbox 233 1112 1640 1217; baseline 0.006 -29"><span class='ocrx_word' id='word_1_43' title='bbox 233 1130 337 1207; x_wconf 85' lang='lat' dir='ltr'>atque</span> <span class='ocrx_word' id='word_1_44' title='bbox 357 1112 605 1217; x_wconf 63' lang='lat' dir='ltr'><strong>constituendis</strong></span> <span class='ocrx_word' id='word_1_45' title='bbox 625 1133 658 1187; x_wconf 89' lang='lat' dir='ltr'>et</span> <span class='ocrx_word' id='word_1_46' title='bbox 681 1122 719 1184; x_wconf 93' lang='lat' dir='ltr'>in</span> <span class='ocrx_word' id='word_1_47' title='bbox 740 1122 850 1183; x_wconf 90' lang='lat' dir='ltr'>Ponto</span> <span class='ocrx_word' id='word_1_48' title='bbox 873 1126 1030 1205; x_wconf 83' lang='lat' dir='ltr'>pacando</span> <span class='ocrx_word' id='word_1_49' title='bbox 1045 1135 1224 1211; x_wconf 84' lang='lat' dir='ltr'>occupatus</span> <span class='ocrx_word' id='word_1_50' title='bbox 1243 1128 1328 1208; x_wconf 78' lang='lat' dir='ltr'>fuit,</span> <span class='ocrx_word' id='word_1_51' title='bbox 1347 1129 1498 1215; x_wconf 84' lang='lat' dir='ltr'>Sinopen</span> <span class='ocrx_word' id='word_1_52' title='bbox 1515 1133 1640 1197; x_wconf 86' lang='lat' dir='ltr'>urbem</span> 
     </span>
     <span class='ocr_line' id='line_1_8' title="bbox 235 1227 1641 1323; baseline 0.009 -32"><span class='ocrx_word' id='word_1_53' title='bbox 235 1230 534 1312; x_wconf 69' lang='lat' dir='ltr'>opulentissimam</span> <span class='ocrx_word' id='word_1_54' title='bbox 550 1228 641 1311; x_wconf 87' lang='lat' dir='ltr'>cepit</span> <span class='ocrx_word' id='word_1_55' title='bbox 658 1227 905 1310; x_wconf 82' lang='lat' dir='ltr'>etMaeharen,</span> <span class='ocrx_word' id='word_1_56' title='bbox 926 1229 1140 1297; x_wconf 84' lang='lat' dir='ltr'>Mithridatis</span> <span class='ocrx_word' id='word_1_57' title='bbox 1159 1234 1293 1319; x_wconf 86' lang='lat' dir='ltr'>filium,</span> <span class='ocrx_word' id='word_1_58' title='bbox 1312 1236 1455 1319; x_wconf 84' lang='lat' dir='ltr'>Bospori</span> <span class='ocrx_word' id='word_1_59' title='bbox 1471 1258 1587 1323; x_wconf 81' lang='lat' dir='ltr'>regem</span> <span class='ocrx_word' id='word_1_60' title='bbox 1599 1236 1641 1303; x_wconf 84' lang='lat' dir='ltr'>in</span> 
     </span>
     <span class='ocr_line' id='line_1_9' title="bbox 234 1330 1640 1427; baseline 0.01 -33"><span class='ocrx_word' id='word_1_61' title='bbox 234 1331 423 1395; x_wconf 75' lang='lat' dir='ltr'>amicitiam</span> <span class='ocrx_word' id='word_1_62' title='bbox 437 1334 575 1417; x_wconf 87' lang='lat' dir='ltr'>recepit.</span> <span class='ocrx_word' id='word_1_63' title='bbox 595 1330 654 1397; x_wconf 78' lang='lat' dir='ltr'>cir.</span> <span class='ocrx_word' id='word_1_64' title='bbox 671 1331 813 1417; x_wconf 77' lang='lat' dir='ltr'>Appias.</span> <span class='ocrx_word' id='word_1_65' title='bbox 841 1334 893 1397; x_wconf 86' lang='lat' dir='ltr'>De</span> <span class='ocrx_word' id='word_1_66' title='bbox 910 1338 946 1399; x_wconf 90' lang='lat' dir='ltr'>B.</span> <span class='ocrx_word' id='word_1_67' title='bbox 968 1338 1125 1402; x_wconf 84' lang='lat' dir='ltr'>Mithrid.</span> <span class='ocrx_word' id='word_1_68' title='bbox 1146 1359 1176 1403; x_wconf 85' lang='lat' dir='ltr'>e.</span> <span class='ocrx_word' id='word_1_69' title='bbox 1191 1342 1241 1403; x_wconf 88' lang='grc'>83.</span> <span class='ocrx_word' id='word_1_70' title='bbox 1262 1342 1431 1405; x_wconf 68' lang='lat' dir='ltr'>Praeterea</span> <span class='ocrx_word' id='word_1_71' title='bbox 1447 1341 1577 1427; x_wconf 79' lang='lat' dir='ltr'>legatos</span> <span class='ocrx_word' id='word_1_72' title='bbox 1594 1344 1640 1407; x_wconf 79' lang='lat' dir='ltr'>ad</span> 
     </span>
    </p>
   </div>
   <div class='ocr_carea' id='block_1_3' title="bbox 235 1435 1639 1533">
    <p class='ocr_par' dir='ltr' id='par_1_4' title="bbox 235 1435 1639 1533">
     <span class='ocr_line' id='line_1_10' title="bbox 235 1435 1639 1533; baseline 0.007 -32"><span class='ocrx_word' id='word_1_73' title='bbox 235 1435 419 1523; x_wconf 82' lang='lat' dir='ltr'>Tigranem</span> <span class='ocrx_word' id='word_1_74' title='bbox 445 1436 615 1503; x_wconf 73' lang='lat' dir='ltr'>Armemae</span> <span class='ocrx_word' id='word_1_75' title='bbox 645 1458 762 1525; x_wconf 86' lang='lat' dir='ltr'>regem</span> <span class='ocrx_word' id='word_1_76' title='bbox 782 1438 894 1525; x_wconf 87' lang='lat' dir='ltr'>misit,</span> <span class='ocrx_word' id='word_1_77' title='bbox 925 1442 988 1530; x_wconf 86' lang='lat' dir='ltr'>qui</span> <span class='ocrx_word' id='word_1_78' title='bbox 1014 1444 1059 1509; x_wconf 85' lang='lat' dir='ltr'>ab</span> <span class='ocrx_word' id='word_1_79' title='bbox 1082 1464 1123 1511; x_wconf 87' lang='lat' dir='ltr'>eo</span> <span class='ocrx_word' id='word_1_80' title='bbox 1143 1453 1316 1533; x_wconf 85' lang='lat' dir='ltr'>peterent,</span> <span class='ocrx_word' id='word_1_81' title='bbox 1344 1452 1385 1510; x_wconf 91' lang='lat' dir='ltr'>ut</span> <span class='ocrx_word' id='word_1_82' title='bbox 1400 1446 1639 1513; x_wconf 83' lang='lat' dir='ltr'>Mithridatem</span> 
     </span>
    </p>
   </div>
   <div class='ocr_carea' id='block_1_4' title="bbox 230 1790 1642 2403">
    <p class='ocr_par' dir='ltr' id='par_1_5' title="bbox 230 1790 1642 2403">
     <span class='ocr_line' id='line_1_11' title="bbox 232 1790 1641 1889; baseline 0.009 -34"><span class='ocrx_word' id='word_1_83' title='bbox 232 1790 371 1874; x_wconf 85' lang='lat' dir='ltr'>habuit,</span> <span class='ocrx_word' id='word_1_84' title='bbox 391 1794 454 1859; x_wconf 90' lang='lat' dir='ltr'>ubi</span> <span class='ocrx_word' id='word_1_85' title='bbox 469 1795 525 1873; x_wconf 88' lang='lat' dir='ltr'>id,</span> <span class='ocrx_word' id='word_1_86' title='bbox 545 1799 639 1879; x_wconf 89' lang='lat' dir='ltr'>quod</span> <span class='ocrx_word' id='word_1_87' title='bbox 660 1798 808 1869; x_wconf 84' lang='lat' dir='ltr'>maxime</span> <span class='ocrx_word' id='word_1_88' title='bbox 822 1804 1012 1889; x_wconf 78' lang='lat' dir='ltr'>exspectari</span> <span class='ocrx_word' id='word_1_89' title='bbox 1033 1802 1235 1888; x_wconf 83' lang='lat' dir='ltr'>ridebatur,</span> <span class='ocrx_word' id='word_1_90' title='bbox 1255 1802 1407 1869; x_wconf 84' lang='lat' dir='ltr'>ostendit</span> <span class='ocrx_word' id='word_1_91' title='bbox 1428 1821 1466 1868; x_wconf 86' lang='lat' dir='ltr'>se</span> <span class='ocrx_word' id='word_1_92' title='bbox 1487 1799 1641 1867; x_wconf 89' lang='lat' dir='ltr'>tribuni·</span> 
     </span>
     <span class='ocr_line' id='line_1_12' title="bbox 232 1896 1642 1996; baseline 0.006 -33"><span class='ocrx_word' id='word_1_93' title='bbox 232 1896 320 1964; x_wconf 85' lang='lat' dir='ltr'>ciam</span> <span class='ocrx_word' id='word_1_94' title='bbox 341 1909 545 1986; x_wconf 85' lang='lat' dir='ltr'>potestatem</span> <span class='ocrx_word' id='word_1_95' title='bbox 567 1903 824 1986; x_wconf 86' lang='lat' dir='ltr'>restituturum,</span> <span class='ocrx_word' id='word_1_96' title='bbox 845 1908 954 1973; x_wconf 83' lang='lat' dir='ltr'>faetus</span> <span class='ocrx_word' id='word_1_97' title='bbox 971 1918 1019 1975; x_wconf 81' lang='lat' dir='ltr'>est</span> <span class='ocrx_word' id='word_1_98' title='bbox 1039 1908 1079 1975; x_wconf 88' lang='lat' dir='ltr'>in</span> <span class='ocrx_word' id='word_1_99' title='bbox 1096 1930 1139 1975; x_wconf 86' lang='lat' dir='ltr'>eo</span> <span class='ocrx_word' id='word_1_100' title='bbox 1155 1909 1317 1993; x_wconf 88' lang='lat' dir='ltr'>strepitus</span> <span class='ocrx_word' id='word_1_101' title='bbox 1331 1918 1367 1975; x_wconf 88' lang='lat' dir='ltr'>et</span> <span class='ocrx_word' id='word_1_102' title='bbox 1387 1918 1484 1996; x_wconf 74' lang='lat' dir='ltr'>grata</span> <span class='ocrx_word' id='word_1_103' title='bbox 1500 1908 1642 1974; x_wconf 85' lang='lat' dir='ltr'>concio·</span> 
     </span>
     <span class='ocr_line' id='line_1_13' title="bbox 230 2003 1637 2101; baseline 0.007 -34"><span class='ocrx_word' id='word_1_104' title='bbox 230 2003 287 2069; x_wconf 86' lang='lat' dir='ltr'>nis</span> <span class='ocrx_word' id='word_1_105' title='bbox 300 2008 583 2074; x_wconf 85' lang='lat' dir='ltr'>admurmuratio.</span> <span class='ocrx_word' id='word_1_106' title='bbox 602 2010 743 2077; x_wconf 90' lang='lat' dir='ltr'>Plebem</span> <span class='ocrx_word' id='word_1_107' title='bbox 761 2016 985 2083; x_wconf 84' lang='lat' dir='ltr'>tribuniciam</span> <span class='ocrx_word' id='word_1_108' title='bbox 998 2024 1202 2101; x_wconf 88' lang='lat' dir='ltr'>potestatem</span> <span class='ocrx_word' id='word_1_109' title='bbox 1216 2016 1296 2080; x_wconf 91' lang='lat' dir='ltr'>ideo</span> <span class='ocrx_word' id='word_1_110' title='bbox 1311 2017 1500 2099; x_wconf 84' lang='lat' dir='ltr'>postulasse</span> <span class='ocrx_word' id='word_1_111' title='bbox 1517 2014 1637 2079; x_wconf 89' lang='lat' dir='ltr'>Cicero</span> 
     </span>
     <span class='ocr_line' id='line_1_14' title="bbox 233 2118 1641 2205; baseline 0.004 -32"><span class='ocrx_word' id='word_1_112' title='bbox 233 2122 354 2175; x_wconf 82' lang='lat' dir='ltr'>auctor</span> <span class='ocrx_word' id='word_1_113' title='bbox 374 2126 440 2197; x_wconf 85' lang='lat' dir='ltr'>est,</span> <span class='ocrx_word' id='word_1_114' title='bbox 460 2120 555 2195; x_wconf 90' lang='lat' dir='ltr'>quod</span> <span class='ocrx_word' id='word_1_115' title='bbox 574 2128 709 2183; x_wconf 86' lang='lat' dir='ltr'>senatus</span> <span class='ocrx_word' id='word_1_116' title='bbox 725 2120 857 2199; x_wconf 85' lang='lat' dir='ltr'>judicia</span> <span class='ocrx_word' id='word_1_117' title='bbox 883 2122 975 2185; x_wconf 88' lang='lat' dir='ltr'>male</span> <span class='ocrx_word' id='word_1_118' title='bbox 997 2130 1032 2185; x_wconf 87' lang='lat' dir='ltr'>et</span> <span class='ocrx_word' id='word_1_119' title='bbox 1053 2120 1223 2205; x_wconf 82' lang='lat' dir='ltr'>flagitiose</span> <span class='ocrx_word' id='word_1_120' title='bbox 1241 2121 1412 2183; x_wconf 87' lang='lat' dir='ltr'>tuebatur.</span> <span class='ocrx_word' id='word_1_121' title='bbox 1440 2118 1500 2179; x_wconf 83' lang='lat' dir='ltr'>cir.</span> <span class='ocrx_word' id='word_1_122' title='bbox 1517 2119 1641 2179; x_wconf 74' lang='lat' dir='ltr'>Aaron.</span> 
     </span>
     <span class='ocr_line' id='line_1_15' title="bbox 235 2213 1642 2307; baseline 0.003 -30"><span class='ocrx_word' id='word_1_123' title='bbox 235 2213 378 2278; x_wconf 89' lang='lat' dir='ltr'>Pedian.</span> <span class='ocrx_word' id='word_1_124' title='bbox 397 2218 524 2277; x_wconf 87' lang='lat' dir='ltr'>Comm.</span> <span class='ocrx_word' id='word_1_125' title='bbox 546 2216 585 2279; x_wconf 87' lang='lat' dir='ltr'>in</span> <span class='ocrx_word' id='word_1_126' title='bbox 605 2220 751 2283; x_wconf 81' lang='lat' dir='ltr'>Prooem</span> <span class='ocrx_word' id='word_1_127' title='bbox 773 2226 845 2281; x_wconf 75' lang='lat' dir='ltr'>Aet.</span> <span class='ocrx_word' id='word_1_128' title='bbox 863 2224 903 2283; x_wconf 87' lang='lat' dir='ltr'>in</span> <span class='ocrx_word' id='word_1_129' title='bbox 916 2218 1016 2287; x_wconf 80' lang='lat' dir='ltr'>Verr&#39;.</span> <span class='ocrx_word' id='word_1_130' title='bbox 1034 2244 1071 2301; x_wconf 87' lang='lat' dir='ltr'>p.</span> <span class='ocrx_word' id='word_1_131' title='bbox 1087 2227 1138 2307; x_wconf 75' lang='lat' dir='ltr'>tir.</span> <span class='ocrx_word' id='word_1_132' title='bbox 1159 2222 1232 2281; x_wconf 89' lang='lat' dir='ltr'>cie.</span> <span class='ocrx_word' id='word_1_133' title='bbox 1250 2224 1303 2281; x_wconf 89' lang='lat' dir='ltr'>De</span> <span class='ocrx_word' id='word_1_134' title='bbox 1320 2223 1424 2301; x_wconf 77' lang='lat' dir='ltr'>Legg.</span> <span class='ocrx_word' id='word_1_135' title='bbox 1442 2223 1472 2277; x_wconf 91' lang='grc'>3.</span> <span class='ocrx_word' id='word_1_136' title='bbox 1491 2238 1523 2295; x_wconf 83' lang='lat'>9.</span> <span class='ocrx_word' id='word_1_137' title='bbox 1551 2217 1642 2281; x_wconf 84' lang='lat' dir='ltr'>Plut.</span> 
     </span>
     <span class='ocr_line' id='line_1_16' title="bbox 231 2318 477 2403; baseline 0.016 -20"><span class='ocrx_word' id='word_1_138' title='bbox 231 2318 354 2403; x_wconf 79' lang='lat' dir='ltr'>Pomp.</span> <span class='ocrx_word' id='word_1_139' title='bbox 378 2340 407 2381; x_wconf 88' lang='lat' dir='ltr'>c.</span> <span class='ocrx_word' id='word_1_140' title='bbox 428 2337 477 2388; x_wconf 81' lang='lat' dir='ltr'>aa.</span> 
     </span>
    </p>
   </div>
   <div class='ocr_carea' id='block_1_5' title="bbox 231 2438 1643 2849">
    <p class='ocr_par' dir='ltr' id='par_1_6' title="bbox 231 2438 1643 2849">
     <span class='ocr_line' id='line_1_17' title="bbox 313 2438 1643 2529; baseline 0.002 -26"><span class='ocrx_word' id='word_1_141' title='bbox 313 2438 350 2525; x_wconf 68' lang='grc' dir='ltr'>θ)</span> <span class='ocrx_word' id='word_1_142' title='bbox 370 2440 558 2515; x_wconf 55' lang='lat' dir='ltr'>,Periclem</span> <span class='ocrx_word' id='word_1_143' title='bbox 572 2448 706 2529; x_wconf 82' lang='lat' dir='ltr'>tempus</span> <span class='ocrx_word' id='word_1_144' title='bbox 722 2444 820 2508; x_wconf 81' lang='lat' dir='ltr'>Cotta</span> <span class='ocrx_word' id='word_1_145' title='bbox 825 2442 1007 2523; x_wconf 87' lang='lat' dir='ltr'>judicandi</span> <span class='ocrx_word' id='word_1_146' title='bbox 1022 2460 1165 2528; x_wconf 88' lang='lat' dir='ltr'>munus,</span> <span class='ocrx_word' id='word_1_147' title='bbox 1183 2444 1281 2526; x_wconf 93' lang='lat' dir='ltr'>quod</span> <span class='ocrx_word' id='word_1_148' title='bbox 1299 2445 1335 2507; x_wconf 83' lang='lat' dir='ltr'>C.</span> <span class='ocrx_word' id='word_1_149' title='bbox 1352 2442 1526 2509; x_wconf 83' lang='lat' dir='ltr'>Graoehus</span> <span class='ocrx_word' id='word_1_150' title='bbox 1542 2460 1643 2529; x_wconf 83' lang='lat' dir='ltr'>erep-</span> 
     </span>
     <span class='ocr_line' id='line_1_18' title="bbox 232 2548 1643 2632; baseline 0.001 -21"><span class='ocrx_word' id='word_1_151' title='bbox 232 2551 308 2611; x_wconf 89' lang='lat' dir='ltr'>tum</span> <span class='ocrx_word' id='word_1_152' title='bbox 325 2548 462 2613; x_wconf 88' lang='lat' dir='ltr'>senatui</span> <span class='ocrx_word' id='word_1_153' title='bbox 477 2552 523 2613; x_wconf 86' lang='lat' dir='ltr'>ad</span> <span class='ocrx_word' id='word_1_154' title='bbox 538 2550 686 2631; x_wconf 79' lang='lat' dir='ltr'>equites,</span> <span class='ocrx_word' id='word_1_155' title='bbox 705 2551 802 2615; x_wconf 87' lang='lat' dir='ltr'>Sulla</span> <span class='ocrx_word' id='word_1_156' title='bbox 819 2553 862 2617; x_wconf 89' lang='lat' dir='ltr'>ab</span> <span class='ocrx_word' id='word_1_157' title='bbox 879 2551 953 2615; x_wconf 85' lang='lat' dir='ltr'>illis</span> <span class='ocrx_word' id='word_1_158' title='bbox 972 2552 1018 2615; x_wconf 84' lang='lat' dir='ltr'>ad</span> <span class='ocrx_word' id='word_1_159' title='bbox 1033 2560 1190 2615; x_wconf 88' lang='lat' dir='ltr'>senatum</span> <span class='ocrx_word' id='word_1_160' title='bbox 1211 2549 1471 2632; x_wconf 83' lang='lat' dir='ltr'>transtulerant,</span> <span class='ocrx_word' id='word_1_161' title='bbox 1498 2548 1643 2630; x_wconf 72' lang='lat' dir='ltr'>aequali·</span> 
     </span>
     <span class='ocr_line' id='line_1_19' title="bbox 233 2652 1642 2743; baseline 0.001 -28"><span class='ocrx_word' id='word_1_162' title='bbox 233 2655 284 2716; x_wconf 83' lang='lat' dir='ltr'>ter</span> <span class='ocrx_word' id='word_1_163' title='bbox 298 2652 390 2717; x_wconf 88' lang='lat' dir='ltr'>inter</span> <span class='ocrx_word' id='word_1_164' title='bbox 402 2664 586 2739; x_wconf 88' lang='lat' dir='ltr'>utrumque</span> <span class='ocrx_word' id='word_1_165' title='bbox 600 2660 756 2723; x_wconf 89' lang='lat' dir='ltr'>ordinem</span> <span class='ocrx_word' id='word_1_166' title='bbox 771 2658 917 2743; x_wconf 88' lang='lat' dir='ltr'>partitus</span> <span class='ocrx_word' id='word_1_167' title='bbox 932 2666 1015 2721; x_wconf 65' lang='lat' dir='ltr'>est.»</span> <span class='ocrx_word' id='word_1_168' title='bbox 1028 2656 1088 2721; x_wconf 83' lang='lat' dir='ltr'>cfr.</span> <span class='ocrx_word' id='word_1_169' title='bbox 1098 2659 1220 2725; x_wconf 81' lang='lat' dir='ltr'>Aaron.</span> <span class='ocrx_word' id='word_1_170' title='bbox 1234 2652 1374 2720; x_wconf 88' lang='lat' dir='ltr'>Pedian.</span> <span class='ocrx_word' id='word_1_171' title='bbox 1384 2654 1424 2718; x_wconf 90' lang='lat' dir='ltr'>in</span> <span class='ocrx_word' id='word_1_172' title='bbox 1435 2655 1530 2721; x_wconf 84' lang='lat' dir='ltr'>Verr.</span> <span class='ocrx_word' id='word_1_173' title='bbox 1539 2676 1574 2737; x_wconf 90' lang='lat' dir='ltr'>p.</span> <span class='ocrx_word' id='word_1_174' title='bbox 1590 2657 1642 2730; x_wconf 82' lang='grc'>43.</span> 
     </span>
     <span class='ocr_line' id='line_1_20' title="bbox 231 2754 1642 2849; baseline 0.005 -31"><span class='ocrx_word' id='word_1_175' title='bbox 231 2754 300 2819; x_wconf 83' lang='lat' dir='ltr'>Sed</span> <span class='ocrx_word' id='word_1_176' title='bbox 317 2758 395 2845; x_wconf 80' lang='lat' dir='ltr'>lege</span> <span class='ocrx_word' id='word_1_177' title='bbox 416 2762 556 2849; x_wconf 78' lang='lat' dir='ltr'>Aurelia</span> <span class='ocrx_word' id='word_1_178' title='bbox 582 2764 685 2830; x_wconf 86' lang='lat' dir='ltr'>etiam</span> <span class='ocrx_word' id='word_1_179' title='bbox 712 2766 871 2829; x_wconf 89' lang='lat' dir='ltr'>tribunos</span> <span class='ocrx_word' id='word_1_180' title='bbox 897 2760 1038 2829; x_wconf 70' lang='lat' dir='ltr'>aerarios</span> <span class='ocrx_word' id='word_1_181' title='bbox 1066 2762 1106 2825; x_wconf 88' lang='lat' dir='ltr'>in</span> <span class='ocrx_word' id='word_1_182' title='bbox 1134 2761 1296 2842; x_wconf 84' lang='lat' dir='ltr'>judicum</span> <span class='ocrx_word' id='word_1_183' title='bbox 1321 2778 1505 2823; x_wconf 86' lang='lat' dir='ltr'>numerum</span> <span class='ocrx_word' id='word_1_184' title='bbox 1536 2756 1642 2825; x_wconf 80' lang='lat' dir='ltr'>fuisse</span> 
     </span>
    </p>
   </div>
   <div class='ocr_carea' id='block_1_6' title="bbox 232 2860 1643 3046">
    <p class='ocr_par' dir='ltr' id='par_1_7' title="bbox 232 2860 1643 3046">
     <span class='ocr_line' id='line_1_21' title="bbox 232 2860 1643 2959; baseline 0.014 -36"><span class='ocrx_word' id='word_1_185' title='bbox 232 2863 420 2959; x_wconf 81' lang='lat' dir='ltr'>admissos,</span> <span class='ocrx_word' id='word_1_186' title='bbox 436 2868 529 2934; x_wconf 82' lang='lat' dir='ltr'>testis</span> <span class='ocrx_word' id='word_1_187' title='bbox 548 2880 597 2933; x_wconf 91' lang='lat' dir='ltr'>est</span> <span class='ocrx_word' id='word_1_188' title='bbox 609 2873 729 2935; x_wconf 65' lang='lat' dir='ltr'>Maon.</span> <span class='ocrx_word' id='word_1_189' title='bbox 743 2894 774 2954; x_wconf 88' lang='lat' dir='ltr'>p</span> <span class='ocrx_word' id='word_1_190' title='bbox 789 2876 846 2932; x_wconf 84' lang='lat'>130</span> <span class='ocrx_word' id='word_1_191' title='bbox 862 2878 895 2933; x_wconf 89' lang='lat' dir='ltr'>et</span> <span class='ocrx_word' id='word_1_192' title='bbox 911 2891 946 2953; x_wconf 92' lang='lat' dir='ltr'>p.</span> <span class='ocrx_word' id='word_1_193' title='bbox 960 2885 1027 2943; x_wconf 71' lang='lat' dir='ltr'>rao.</span> <span class='ocrx_word' id='word_1_194' title='bbox 1049 2867 1210 2938; x_wconf 60' lang='lat' dir='ltr'>,Aurelia</span> <span class='ocrx_word' id='word_1_195' title='bbox 1226 2863 1304 2937; x_wconf 79' lang='lat' dir='ltr'>tege</span> <span class='ocrx_word' id='word_1_196' title='bbox 1320 2860 1571 2921; x_wconf 65' lang='lat' dir='ltr'>⁰⁰m¹¹¹¹¹¹¹3⁰⁸¹³</span> <span class='ocrx_word' id='word_1_197' title='bbox 1582 2862 1643 2937; x_wconf 65' lang='lat'>1⁸¹1·</span> 
     </span>
     <span class='ocr_line' id='line_1_22' title="bbox 236 2956 1642 3046; baseline -0.001 -20"><span class='ocrx_word' id='word_1_198' title='bbox 236 2964 330 3026; x_wconf 73' lang='lat' dir='ltr'>dicia</span> <span class='ocrx_word' id='word_1_199' title='bbox 352 2968 443 3028; x_wconf 82' lang='lat' dir='ltr'>inter</span> <span class='ocrx_word' id='word_1_200' title='bbox 462 2980 635 3030; x_wconf 84' lang='lat' dir='ltr'>senatores</span> <span class='ocrx_word' id='word_1_201' title='bbox 658 2986 691 3029; x_wconf 86' lang='lat' dir='ltr'>et</span> <span class='ocrx_word' id='word_1_202' title='bbox 712 2982 904 3046; x_wconf 81' lang='lat' dir='ltr'>equestrem</span> <span class='ocrx_word' id='word_1_203' title='bbox 927 2968 1106 3041; x_wconf 82' lang='lat' dir='ltr'>ordinem,</span> <span class='ocrx_word' id='word_1_204' title='bbox 1124 2966 1158 3019; x_wconf 75' lang='lat' dir='ltr'>el</span> <span class='ocrx_word' id='word_1_205' title='bbox 1182 2956 1340 3020; x_wconf 85' lang='lat' dir='ltr'>tribunos</span> <span class='ocrx_word' id='word_1_206' title='bbox 1357 2958 1495 3024; x_wconf 67' lang='lat' dir='ltr'>erarius</span> <span class='ocrx_word' id='word_1_207' title='bbox 1514 2983 1550 3046; x_wconf 86' lang='lat' dir='ltr'>p.</span> <span class='ocrx_word' id='word_1_208' title='bbox 1573 2965 1642 3044; x_wconf 76' lang='lat'>167.</span> 
     </span>
    </p>
   </div>
   <div class='ocr_carea' id='block_1_7' title="bbox 232 3060 1643 3555">
    <p class='ocr_par' dir='ltr' id='par_1_8' title="bbox 232 3060 1643 3555">
     <span class='ocr_line' id='line_1_23' title="bbox 233 3060 1642 3145; baseline 0.003 -14"><span class='ocrx_word' id='word_1_209' title='bbox 233 3064 274 3131; x_wconf 80' lang='lat' dir='ltr'>in</span> <span class='ocrx_word' id='word_1_210' title='bbox 287 3064 401 3131; x_wconf 87' lang='lat' dir='ltr'>Pison.</span> <span class='ocrx_word' id='word_1_211' title='bbox 420 3068 494 3129; x_wconf 75' lang='lat' dir='ltr'>hare</span> <span class='ocrx_word' id='word_1_212' title='bbox 512 3068 569 3132; x_wconf 85' lang='lat' dir='ltr'>lex</span> <span class='ocrx_word' id='word_1_213' title='bbox 591 3088 634 3129; x_wconf 85' lang='lat' dir='ltr'>eo</span> <span class='ocrx_word' id='word_1_214' title='bbox 653 3068 727 3145; x_wconf 80' lang='lat' dir='ltr'>ipso</span> <span class='ocrx_word' id='word_1_215' title='bbox 747 3074 900 3142; x_wconf 84' lang='lat' dir='ltr'>tempore</span> <span class='ocrx_word' id='word_1_216' title='bbox 921 3060 1112 3138; x_wconf 80' lang='lat' dir='ltr'>terebatur,</span> <span class='ocrx_word' id='word_1_217' title='bbox 1132 3082 1203 3142; x_wconf 92' lang='lat' dir='ltr'>quo</span> <span class='ocrx_word' id='word_1_218' title='bbox 1223 3062 1343 3129; x_wconf 84' lang='lat' dir='ltr'>Cicero</span> <span class='ocrx_word' id='word_1_219' title='bbox 1362 3075 1479 3132; x_wconf 81' lang='lat' dir='ltr'>contra</span> <span class='ocrx_word' id='word_1_220' title='bbox 1499 3070 1642 3135; x_wconf 84' lang='lat' dir='ltr'>Verrem</span> 
     </span>
     <span class='ocr_line' id='line_1_24' title="bbox 234 3162 1641 3251; baseline 0.003 -16"><span class='ocrx_word' id='word_1_221' title='bbox 234 3170 354 3238; x_wconf 69' lang='lat' dir='ltr'>dixit.»</span> <span class='ocrx_word' id='word_1_222' title='bbox 380 3170 440 3235; x_wconf 86' lang='lat' dir='ltr'>cfr.</span> <span class='ocrx_word' id='word_1_223' title='bbox 460 3169 528 3230; x_wconf 86' lang='lat' dir='ltr'>cic.</span> <span class='ocrx_word' id='word_1_224' title='bbox 546 3165 626 3229; x_wconf 76' lang='lat' dir='ltr'>Dia.</span> <span class='ocrx_word' id='word_1_225' title='bbox 647 3164 686 3229; x_wconf 87' lang='lat' dir='ltr'>in</span> <span class='ocrx_word' id='word_1_226' title='bbox 701 3162 814 3229; x_wconf 83' lang='lat' dir='ltr'>Caecil.</span> <span class='ocrx_word' id='word_1_227' title='bbox 835 3166 866 3227; x_wconf 89' lang='grc'>3.</span> <span class='ocrx_word' id='word_1_228' title='bbox 885 3163 1011 3239; x_wconf 64' lang='lat' dir='ltr'>,Ordo</span> <span class='ocrx_word' id='word_1_229' title='bbox 1035 3183 1173 3245; x_wconf 89' lang='lat' dir='ltr'>quoque</span> <span class='ocrx_word' id='word_1_230' title='bbox 1192 3166 1282 3230; x_wconf 87' lang='lat' dir='ltr'>alius</span> <span class='ocrx_word' id='word_1_231' title='bbox 1305 3172 1350 3232; x_wconf 91' lang='lat' dir='ltr'>ad</span> <span class='ocrx_word' id='word_1_232' title='bbox 1365 3190 1420 3235; x_wconf 87' lang='lat' dir='ltr'>res</span> <span class='ocrx_word' id='word_1_233' title='bbox 1435 3172 1641 3251; x_wconf 84' lang='lat' dir='ltr'>judicandas</span> 
     </span>
     <span class='ocr_line' id='line_1_25' title="bbox 232 3266 1643 3362; baseline 0.001 -21"><span class='ocrx_word' id='word_1_234' title='bbox 232 3276 434 3362; x_wconf 87' lang='lat' dir='ltr'>postulatur.</span> <span class='ocrx_word' id='word_1_235' title='bbox 446 3282 463 3317; x_wconf 66' lang='lat'><strong>⁹</strong></span> <span class='ocrx_word' id='word_1_236' title='bbox 490 3274 611 3336; x_wconf 63' lang='lat' dir='ltr'>Maon.</span> <span class='ocrx_word' id='word_1_237' title='bbox 630 3292 665 3355; x_wconf 91' lang='lat' dir='ltr'>p.</span> <span class='ocrx_word' id='word_1_238' title='bbox 685 3290 734 3351; x_wconf 82' lang='lat'>19.</span> <span class='ocrx_word' id='word_1_239' title='bbox 758 3309 776 3345; x_wconf 76' lang='lat' dir='ltr'>a</span> <span class='ocrx_word' id='word_1_240' title='bbox 790 3288 889 3333; x_wconf 79' lang='lat' dir='ltr'>nune</span> <span class='ocrx_word' id='word_1_241' title='bbox 906 3266 1069 3332; x_wconf 84' lang='lat' dir='ltr'>Aurelius</span> <span class='ocrx_word' id='word_1_242' title='bbox 1080 3270 1178 3333; x_wconf 86' lang='lat' dir='ltr'>Cotta</span> <span class='ocrx_word' id='word_1_243' title='bbox 1190 3270 1305 3356; x_wconf 79' lang='lat' dir='ltr'>legem</span> <span class='ocrx_word' id='word_1_244' title='bbox 1317 3270 1399 3357; x_wconf 82' lang='lat' dir='ltr'>tert,</span> <span class='ocrx_word' id='word_1_245' title='bbox 1418 3284 1457 3337; x_wconf 93' lang='lat' dir='ltr'>ut</span> <span class='ocrx_word' id='word_1_246' title='bbox 1469 3286 1643 3343; x_wconf 87' lang='lat' dir='ltr'>senatores</span> 
     </span>
     <span class='ocr_line' id='line_1_26' title="bbox 235 3372 1641 3473; baseline 0 -27"><span class='ocrx_word' id='word_1_247' title='bbox 235 3388 270 3446; x_wconf 86' lang='lat' dir='ltr'>et</span> <span class='ocrx_word' id='word_1_248' title='bbox 291 3382 422 3464; x_wconf 83' lang='lat' dir='ltr'>equites</span> <span class='ocrx_word' id='word_1_249' title='bbox 439 3378 590 3473; x_wconf 72' lang='lat' dir='ltr'>Romani</span> <span class='ocrx_word' id='word_1_250' title='bbox 611 3396 650 3442; x_wconf 87' lang='lat' dir='ltr'>ae</span> <span class='ocrx_word' id='word_1_251' title='bbox 674 3375 809 3441; x_wconf 87' lang='lat' dir='ltr'>tribuni</span> <span class='ocrx_word' id='word_1_252' title='bbox 825 3374 940 3442; x_wconf 79' lang='lat' dir='ltr'>erarii</span> <span class='ocrx_word' id='word_1_253' title='bbox 964 3373 1070 3441; x_wconf 86' lang='lat' dir='ltr'>simul</span> <span class='ocrx_word' id='word_1_254' title='bbox 1084 3372 1275 3455; x_wconf 70' lang='lat' dir='ltr'>judicent.l</span> <span class='ocrx_word' id='word_1_255' title='bbox 1292 3377 1429 3446; x_wconf 63' lang='lat' dir='ltr'>&amp;nesti</span> <span class='ocrx_word' id='word_1_256' title='bbox 1446 3376 1560 3445; x_wconf 80' lang='lat' dir='ltr'>clavis</span> <span class='ocrx_word' id='word_1_257' title='bbox 1570 3380 1641 3447; x_wconf 85' lang='lat' dir='ltr'>cie.</span> 
     </span>
     <span class='ocr_line' id='line_1_27' title="bbox 235 3486 530 3555; baseline 0.007 -6"><span class='ocrx_word' id='word_1_258' title='bbox 235 3502 308 3555; x_wconf 71' lang='lat' dir='ltr'>aa.</span> <span class='ocrx_word' id='word_1_259' title='bbox 322 3486 489 3554; x_wconf 81' lang='lat' dir='ltr'>Aurelia.</span> <span class='ocrx_word' id='word_1_260' title='bbox 521 3516 530 3543; x_wconf 70' lang='grc' dir='ltr'><em>ι</em></span> 
     </span>
    </p>
   </div>
   <div class='ocr_carea' id='block_1_8' title="bbox 236 3602 1643 4330">
    <p class='ocr_par' dir='ltr' id='par_1_9' title="bbox 236 3602 1643 4330">
     <span class='ocr_line' id='line_1_28' title="bbox 316 3602 1637 3691; baseline 0.001 -23"><span class='ocrx_word' id='word_1_261' title='bbox 316 3604 382 3689; x_wconf 74' lang='lat'>⁰⁹)</span> <span class='ocrx_word' id='word_1_262' title='bbox 410 3606 478 3669; x_wconf 84' lang='lat' dir='ltr'>Cic.</span> <span class='ocrx_word' id='word_1_263' title='bbox 502 3604 654 3670; x_wconf 81' lang='lat' dir='ltr'>Divinat.</span> <span class='ocrx_word' id='word_1_264' title='bbox 671 3605 710 3669; x_wconf 88' lang='lat' dir='ltr'>in</span> <span class='ocrx_word' id='word_1_265' title='bbox 731 3602 844 3671; x_wconf 75' lang='lat' dir='ltr'>Canii.</span> <span class='ocrx_word' id='word_1_266' title='bbox 864 3626 892 3669; x_wconf 87' lang='lat' dir='ltr'>c.</span> <span class='ocrx_word' id='word_1_267' title='bbox 912 3608 942 3673; x_wconf 87' lang='grc'>3.</span> <span class='ocrx_word' id='word_1_268' title='bbox 959 3604 1084 3669; x_wconf 63' lang='lat' dir='ltr'>Maon.</span> <span class='ocrx_word' id='word_1_269' title='bbox 1104 3606 1151 3669; x_wconf 88' lang='lat' dir='ltr'>ad</span> <span class='ocrx_word' id='word_1_270' title='bbox 1173 3606 1210 3668; x_wconf 84' lang='lat'>11.</span> <span class='ocrx_word' id='word_1_271' title='bbox 1229 3604 1254 3667; x_wconf 81' lang='lat' dir='ltr'>L</span> <span class='ocrx_word' id='word_1_272' title='bbox 1275 3626 1310 3689; x_wconf 94' lang='lat' dir='ltr'>p.</span> <span class='ocrx_word' id='word_1_273' title='bbox 1329 3624 1378 3669; x_wconf 78' lang='lat' dir='ltr'>ao.</span> <span class='ocrx_word' id='word_1_274' title='bbox 1408 3606 1498 3669; x_wconf 88' lang='lat' dir='ltr'>Plut.</span> <span class='ocrx_word' id='word_1_275' title='bbox 1519 3607 1637 3691; x_wconf 81' lang='lat' dir='ltr'>Pomp</span> 
     </span>
     <span class='ocr_line' id='line_1_29' title="bbox 236 3708 1642 3794; baseline -0.001 -15"><span class='ocrx_word' id='word_1_276' title='bbox 236 3730 265 3779; x_wconf 83' lang='lat' dir='ltr'>o.</span> <span class='ocrx_word' id='word_1_277' title='bbox 279 3728 329 3777; x_wconf 84' lang='lat' dir='ltr'>aa.</span> <span class='ocrx_word' id='word_1_278' title='bbox 350 3710 419 3775; x_wconf 85' lang='lat' dir='ltr'>Cic.</span> <span class='ocrx_word' id='word_1_279' title='bbox 441 3729 505 3794; x_wconf 92' lang='lat' dir='ltr'>pro</span> <span class='ocrx_word' id='word_1_280' title='bbox 522 3710 680 3777; x_wconf 86' lang='lat' dir='ltr'>Cluentio</span> <span class='ocrx_word' id='word_1_281' title='bbox 693 3726 743 3789; x_wconf 73' lang='lat'>4²·</span> <span class='ocrx_word' id='word_1_282' title='bbox 763 3710 1007 3779; x_wconf 81' lang='lat' dir='ltr'>Va1.Max.v.</span> <span class='ocrx_word' id='word_1_283' title='bbox 1030 3729 1060 3790; x_wconf 85' lang='lat'>9.</span> <span class='ocrx_word' id='word_1_284' title='bbox 1081 3710 1140 3785; x_wconf 72' lang='lat'>.1.</span> <span class='ocrx_word' id='word_1_285' title='bbox 1157 3708 1291 3775; x_wconf 88' lang='lat' dir='ltr'>Gellius</span> <span class='ocrx_word' id='word_1_286' title='bbox 1313 3710 1476 3777; x_wconf 84' lang='lat' dir='ltr'>omnihus</span> <span class='ocrx_word' id='word_1_287' title='bbox 1495 3712 1642 3781; x_wconf 87' lang='lat' dir='ltr'>honori·</span> 
     </span>
     <span class='ocr_line' id='line_1_30' title="bbox 236 3812 1640 3903; baseline -0.003 -20"><span class='ocrx_word' id='word_1_288' title='bbox 236 3819 301 3884; x_wconf 85' lang='lat' dir='ltr'>bus</span> <span class='ocrx_word' id='word_1_289' title='bbox 319 3820 360 3883; x_wconf 88' lang='lat' dir='ltr'>ad</span> <span class='ocrx_word' id='word_1_290' title='bbox 380 3835 558 3882; x_wconf 86' lang='lat' dir='ltr'>censuram</span> <span class='ocrx_word' id='word_1_291' title='bbox 574 3817 770 3901; x_wconf 80' lang='lat' dir='ltr'>perfunctus</span> <span class='ocrx_word' id='word_1_292' title='bbox 787 3826 850 3883; x_wconf 87' lang='lat' dir='ltr'>etc.</span> <span class='ocrx_word' id='word_1_293' title='bbox 868 3818 991 3881; x_wconf 79' lang='lat' dir='ltr'>Aaron.</span> <span class='ocrx_word' id='word_1_294' title='bbox 1015 3812 1055 3877; x_wconf 88' lang='lat' dir='ltr'>in</span> <span class='ocrx_word' id='word_1_295' title='bbox 1076 3834 1230 3900; x_wconf 89' lang='lat' dir='ltr'>prooem.</span> <span class='ocrx_word' id='word_1_296' title='bbox 1252 3818 1325 3881; x_wconf 78' lang='lat' dir='ltr'>Act.</span> <span class='ocrx_word' id='word_1_297' title='bbox 1346 3815 1386 3881; x_wconf 92' lang='lat' dir='ltr'>in</span> <span class='ocrx_word' id='word_1_298' title='bbox 1411 3820 1508 3886; x_wconf 87' lang='lat' dir='ltr'>Verr.</span> <span class='ocrx_word' id='word_1_299' title='bbox 1534 3840 1568 3903; x_wconf 88' lang='lat' dir='ltr'>p.</span> <span class='ocrx_word' id='word_1_300' title='bbox 1590 3820 1640 3881; x_wconf 87' lang='grc'>63.</span> 
     </span>
     <span class='ocr_line' id='line_1_31' title="bbox 238 3921 1641 4010; baseline -0.002 -23"><span class='ocrx_word' id='word_1_301' title='bbox 238 3926 472 4001; x_wconf 59' lang='lat' dir='ltr'>,Convenerat</span> <span class='ocrx_word' id='word_1_302' title='bbox 488 3928 602 3985; x_wconf 89' lang='lat' dir='ltr'>autem</span> <span class='ocrx_word' id='word_1_303' title='bbox 617 3944 659 3989; x_wconf 87' lang='lat' dir='ltr'>ex</span> <span class='ocrx_word' id='word_1_304' title='bbox 670 3922 870 4010; x_wconf 86' lang='lat' dir='ltr'>municipiis</span> <span class='ocrx_word' id='word_1_305' title='bbox 881 3921 1113 4004; x_wconf 85' lang='lat' dir='ltr'>cujuscunque</span> <span class='ocrx_word' id='word_1_306' title='bbox 1127 3921 1225 3985; x_wconf 91' lang='lat' dir='ltr'>modi</span> <span class='ocrx_word' id='word_1_307' title='bbox 1239 3922 1443 4008; x_wconf 88' lang='lat' dir='ltr'>multitudo,</span> <span class='ocrx_word' id='word_1_308' title='bbox 1463 3930 1523 3987; x_wconf 87' lang='lat' dir='ltr'>aut</span> <span class='ocrx_word' id='word_1_309' title='bbox 1536 3938 1641 4006; x_wconf 81' lang='lat' dir='ltr'>prop·</span> 
     </span>
     <span class='ocr_line' id='line_1_32' title="bbox 237 4022 1637 4115; baseline -0.004 -22"><span class='ocrx_word' id='word_1_310' title='bbox 237 4037 293 4095; x_wconf 89' lang='lat' dir='ltr'>ter</span> <span class='ocrx_word' id='word_1_311' title='bbox 315 4028 455 4095; x_wconf 87' lang='lat' dir='ltr'>comitia</span> <span class='ocrx_word' id='word_1_312' title='bbox 474 4022 716 4115; x_wconf 82' lang='lat' dir='ltr'>suffragiorum</span> <span class='ocrx_word' id='word_1_313' title='bbox 738 4049 857 4115; x_wconf 87' lang='lat' dir='ltr'>causa,</span> <span class='ocrx_word' id='word_1_314' title='bbox 877 4035 937 4093; x_wconf 87' lang='lat' dir='ltr'>aut</span> <span class='ocrx_word' id='word_1_315' title='bbox 960 4026 1124 4092; x_wconf 84' lang='lat' dir='ltr'>ludorum</span> <span class='ocrx_word' id='word_1_316' title='bbox 1147 4026 1361 4114; x_wconf 80' lang='lat' dir='ltr'>votivorum,</span> <span class='ocrx_word' id='word_1_317' title='bbox 1384 4032 1637 4101; x_wconf 79' lang='lat' dir='ltr'>Romanorum,</span> 
     </span>
     <span class='ocr_line' id='line_1_33' title="bbox 240 4130 1643 4220; baseline -0.006 -15"><span class='ocrx_word' id='word_1_318' title='bbox 240 4134 663 4220; x_wconf 73' lang='lat' dir='ltr'>victorie,p1ehej0rum,</span> <span class='ocrx_word' id='word_1_319' title='bbox 681 4144 741 4201; x_wconf 83' lang='lat' dir='ltr'>eut</span> <span class='ocrx_word' id='word_1_320' title='bbox 754 4146 793 4203; x_wconf 87' lang='lat' dir='ltr'>ut</span> <span class='ocrx_word' id='word_1_321' title='bbox 813 4141 1033 4203; x_wconf 69' lang='lat' dir='ltr'>remeantur</span> <span class='ocrx_word' id='word_1_322' title='bbox 1042 4135 1136 4219; x_wconf 81' lang='lat' dir='ltr'>apud</span> <span class='ocrx_word' id='word_1_323' title='bbox 1154 4134 1319 4204; x_wconf 63' lang='lat' dir='ltr'>&amp;morea</span> <span class='ocrx_word' id='word_1_324' title='bbox 1338 4134 1491 4202; x_wconf 85' lang='lat' dir='ltr'>Gellium</span> <span class='ocrx_word' id='word_1_325' title='bbox 1503 4138 1537 4197; x_wconf 84' lang='lat' dir='ltr'>et</span> <span class='ocrx_word' id='word_1_326' title='bbox 1548 4130 1643 4197; x_wconf 62' lang='lat' dir='ltr'>Ian·</span> 
     </span>
     <span class='ocr_line' id='line_1_34' title="bbox 240 4240 695 4330; baseline -0.004 -23"><span class='ocrx_word' id='word_1_327' title='bbox 240 4242 369 4327; x_wconf 86' lang='lat' dir='ltr'>tulum,</span> <span class='ocrx_word' id='word_1_328' title='bbox 388 4240 548 4330; x_wconf 76' lang='lat' dir='ltr'>quitum</span> <span class='ocrx_word' id='word_1_329' title='bbox 566 4246 695 4311; x_wconf 77' lang='lat' dir='ltr'>erant·</span> 
     </span>
    </p>
   </div>
   <div class='ocr_carea' id='block_1_9' title="bbox 1317 4366 1341 4443">
    <p class='ocr_par' dir='ltr' id='par_1_10' title="bbox 1317 4366 1341 4443">
     <span class='ocr_line' id='line_1_35' title="bbox 1317 4366 1341 4443; baseline 0 0"><span class='ocrx_word' id='word_1_330' title='bbox 1317 4366 1341 4443; x_wconf 76' lang='lat' dir='ltr'>o</span> 
     </span>
    </p>
   </div>
   <div class='ocr_carea' id='block_1_10' title="bbox 0 0 2033 5009">
    <p class='ocr_par' dir='ltr' id='par_1_11' title="bbox 0 0 2033 5009">
     <span class='ocr_line' id='line_1_36' title="bbox 0 0 2033 5009; baseline 0 0"><span class='ocrx_word' id='word_1_331' title='bbox 0 0 2033 5009; x_wconf 95' lang='lat' dir='ltr'> </span> 
     </span>
    </p>
   </div>
  </div>
 </body>
</html>
