<?xml version="1.0" encoding="UTF-8"?>
<!DOCTYPE html PUBLIC "-//W3C//DTD XHTML 1.0 Transitional//EN"
    "http://www.w3.org/TR/xhtml1/DTD/xhtml1-transitional.dtd">
<html xmlns="http://www.w3.org/1999/xhtml" xml:lang="en" lang="en">
 <head>
  <title>
</title>
<meta http-equiv="Content-Type" content="text/html;charset=utf-8" />
  <meta name='ocr-system' content='tesseract 3.04.00' />
  <meta name='ocr-capabilities' content='ocr_page ocr_carea ocr_par ocr_line ocrx_word'/>
</head>
<body>
  <div class='ocr_page' id='page_1' title='image "./salustiiquaeexs00sallgoog_0075.png"; bbox 0 0 4050 5009; ppageno 0'>
   <div class='ocr_carea' id='block_1_1' title="bbox 1591 406 1639 509">
    <p class='ocr_par' dir='ltr' id='par_1_1' title="bbox 1591 406 1639 509">
     <span class='ocr_line' id='line_1_1' title="bbox 1591 406 1639 509; baseline 0 0"><span class='ocrx_word' id='word_1_1' title='bbox 1591 406 1639 509; x_wconf 65' lang='grc' dir='ltr'><strong>δν</strong></span> 
     </span>
    </p>
   </div>
   <div class='ocr_carea' id='block_1_2' title="bbox 111 596 1642 2059">
    <p class='ocr_par' dir='ltr' id='par_1_2' title="bbox 111 596 1642 2059">
     <span class='ocr_line' id='line_1_2' title="bbox 236 596 1642 685; baseline 0 -18"><span class='ocrx_word' id='word_1_2' title='bbox 236 598 298 667; x_wconf 82' lang='lat' dir='ltr'><strong>cir.</strong></span> <span class='ocrx_word' id='word_1_3' title='bbox 316 602 403 666; x_wconf 82' lang='lat' dir='ltr'><strong>Fest.</strong></span> <span class='ocrx_word' id='word_1_4' title='bbox 434 602 526 667; x_wconf 79' lang='lat' dir='ltr'><strong>Sem.</strong></span> <span class='ocrx_word' id='word_1_5' title='bbox 550 602 593 663; x_wconf 91' lang='lat' dir='ltr'><strong>ad</strong></span> <span class='ocrx_word' id='word_1_6' title='bbox 613 602 696 665; x_wconf 80' lang='lat' dir='ltr'><strong>Aen.</strong></span> <span class='ocrx_word' id='word_1_7' title='bbox 718 603 746 667; x_wconf 81' lang='lat'><strong>6.</strong></span> <span class='ocrx_word' id='word_1_8' title='bbox 768 596 1189 683; x_wconf 75' lang='lat' dir='ltr'><strong>13Non.1.³1o;Veget.</strong></span> <span class='ocrx_word' id='word_1_9' title='bbox 1211 601 1240 661; x_wconf 77' lang='lat'><strong>³.</strong></span> <span class='ocrx_word' id='word_1_10' title='bbox 1266 600 1304 678; x_wconf 67' lang='grc' dir='ltr'><strong>σς</strong></span> <span class='ocrx_word' id='word_1_11' title='bbox 1321 598 1464 685; x_wconf 84' lang='lat' dir='ltr'>proprie</span> <span class='ocrx_word' id='word_1_12' title='bbox 1486 599 1642 667; x_wconf 87' lang='lat' dir='ltr'><strong>militum</strong></span> 
     </span>
     <span class='ocr_line' id='line_1_3' title="bbox 111 683 1639 793; baseline -0.001 -20"><span class='ocrx_word' id='word_1_13' title='bbox 111 683 117 694; x_wconf 51' lang='grc'><em>’</em></span> <span class='ocrx_word' id='word_1_14' title='bbox 234 707 341 790; x_wconf 78' lang='lat' dir='ltr'><strong>servi,</strong></span> <span class='ocrx_word' id='word_1_15' title='bbox 358 708 442 771; x_wconf 92' lang='lat' dir='ltr'><strong>dicti</strong></span> <span class='ocrx_word' id='word_1_16' title='bbox 456 728 477 770; x_wconf 87' lang='lat' dir='ltr'><strong>a</strong></span> <span class='ocrx_word' id='word_1_17' title='bbox 498 708 571 771; x_wconf 86' lang='lat' dir='ltr'><strong>cala</strong></span> <span class='ocrx_word' id='word_1_18' title='bbox 588 688 691 762; x_wconf 65' lang='grc' dir='ltr'><strong>κᾶλον</strong></span> <span class='ocrx_word' id='word_1_19' title='bbox 705 707 841 791; x_wconf 83' lang='lat' dir='ltr'><strong>lignum</strong></span> <span class='ocrx_word' id='word_1_20' title='bbox 853 705 965 778; x_wconf 59' lang='lat' dir='ltr'><strong>,colas</strong></span> <span class='ocrx_word' id='word_1_21' title='bbox 973 704 1136 769; x_wconf 82' lang='lat' dir='ltr'><strong>dicebant</strong></span> <span class='ocrx_word' id='word_1_22' title='bbox 1145 705 1292 783; x_wconf 88' lang='lat' dir='ltr'><strong>majores</strong></span> <span class='ocrx_word' id='word_1_23' title='bbox 1304 706 1414 769; x_wconf 91' lang='lat' dir='ltr'><strong>nostri</strong></span> <span class='ocrx_word' id='word_1_24' title='bbox 1426 706 1540 793; x_wconf 83' lang='lat' dir='ltr'><strong>instes,</strong></span> <span class='ocrx_word' id='word_1_25' title='bbox 1550 728 1639 790; x_wconf 89' lang='lat' dir='ltr'><strong>quos</strong></span> 
     </span>
     <span class='ocr_line' id='line_1_4' title="bbox 233 810 1641 901; baseline 0.002 -26"><span class='ocrx_word' id='word_1_26' title='bbox 233 815 416 899; x_wconf 78' lang='lat' dir='ltr'><strong>portabant</strong></span> <span class='ocrx_word' id='word_1_27' title='bbox 428 814 517 877; x_wconf 84' lang='lat' dir='ltr'><strong>servi</strong></span> <span class='ocrx_word' id='word_1_28' title='bbox 526 820 704 895; x_wconf 87' lang='lat' dir='ltr'><strong>sequentes</strong></span> <span class='ocrx_word' id='word_1_29' title='bbox 716 811 876 877; x_wconf 88' lang='lat' dir='ltr'><strong>dominos</strong></span> <span class='ocrx_word' id='word_1_30' title='bbox 890 814 934 873; x_wconf 92' lang='lat' dir='ltr'><strong>ad</strong></span> <span class='ocrx_word' id='word_1_31' title='bbox 945 810 1107 897; x_wconf 72' lang='lat' dir='ltr'><strong>proelium</strong></span> <span class='ocrx_word' id='word_1_32' title='bbox 1113 820 1146 890; x_wconf 54' lang='grc' dir='ltr'><strong>,θ</strong></span> <span class='ocrx_word' id='word_1_33' title='bbox 1165 814 1225 875; x_wconf 89' lang='lat' dir='ltr'><strong>sed</strong></span> <span class='ocrx_word' id='word_1_34' title='bbox 1241 810 1356 894; x_wconf 90' lang='lat' dir='ltr'><strong>potius</strong></span> <span class='ocrx_word' id='word_1_35' title='bbox 1366 812 1451 875; x_wconf 93' lang='lat' dir='ltr'><strong>dicti</strong></span> <span class='ocrx_word' id='word_1_36' title='bbox 1462 814 1641 901; x_wconf 83' lang='lat' dir='ltr'><strong>videntur,</strong></span> 
     </span>
     <span class='ocr_line' id='line_1_5' title="bbox 234 915 1639 1001; baseline 0.005 -23"><span class='ocrx_word' id='word_1_37' title='bbox 234 918 316 1000; x_wconf 85' lang='lat' dir='ltr'><strong>quia</strong></span> <span class='ocrx_word' id='word_1_38' title='bbox 330 917 501 1001; x_wconf 82' lang='lat' dir='ltr'><strong>lignatum</strong></span> <span class='ocrx_word' id='word_1_39' title='bbox 519 927 552 983; x_wconf 88' lang='lat' dir='ltr'><strong>et</strong></span> <span class='ocrx_word' id='word_1_40' title='bbox 569 928 732 1001; x_wconf 89' lang='lat' dir='ltr'><strong>aquatum</strong></span> <span class='ocrx_word' id='word_1_41' title='bbox 752 915 1012 993; x_wconf 86' lang='lat' dir='ltr'><strong>emittebantur;</strong></span> <span class='ocrx_word' id='word_1_42' title='bbox 1033 926 1151 1000; x_wconf 90' lang='lat' dir='ltr'><strong>postea</strong></span> <span class='ocrx_word' id='word_1_43' title='bbox 1162 926 1252 989; x_wconf 82' lang='lat' dir='ltr'><strong>certe</strong></span> <span class='ocrx_word' id='word_1_44' title='bbox 1269 918 1335 981; x_wconf 89' lang='lat' dir='ltr'><strong>boc</strong></span> <span class='ocrx_word' id='word_1_45' title='bbox 1349 918 1490 983; x_wconf 90' lang='lat' dir='ltr'><strong>nomine</strong></span> <span class='ocrx_word' id='word_1_46' title='bbox 1503 920 1639 985; x_wconf 85' lang='lat' dir='ltr'><strong>varium</strong></span> 
     </span>
     <span class='ocr_line' id='line_1_6' title="bbox 235 1018 1640 1114; baseline 0.004 -27"><span class='ocrx_word' id='word_1_47' title='bbox 235 1022 420 1087; x_wconf 87' lang='lat' dir='ltr'><strong>hominum</strong></span> <span class='ocrx_word' id='word_1_48' title='bbox 439 1044 547 1111; x_wconf 85' lang='lat' dir='ltr'><strong>genus</strong></span> <span class='ocrx_word' id='word_1_49' title='bbox 567 1024 762 1104; x_wconf 81' lang='lat' dir='ltr'>dicebatur,</span> <span class='ocrx_word' id='word_1_50' title='bbox 788 1018 850 1100; x_wconf 92' lang='lat' dir='ltr'><strong>qui</strong></span> <span class='ocrx_word' id='word_1_51' title='bbox 870 1019 1049 1081; x_wconf 88' lang='lat' dir='ltr'><strong>sordidum</strong></span> <span class='ocrx_word' id='word_1_52' title='bbox 1070 1029 1236 1102; x_wconf 78' lang='lat' dir='ltr'><strong>quaestum</strong></span> <span class='ocrx_word' id='word_1_53' title='bbox 1254 1022 1293 1084; x_wconf 90' lang='lat' dir='ltr'><strong>in</strong></span> <span class='ocrx_word' id='word_1_54' title='bbox 1316 1028 1429 1087; x_wconf 86' lang='lat' dir='ltr'><strong>castris</strong></span> <span class='ocrx_word' id='word_1_55' title='bbox 1451 1024 1640 1114; x_wconf 82' lang='lat' dir='ltr'><strong>iaciebant,</strong></span> 
     </span>
     <span class='ocr_line' id='line_1_7' title="bbox 233 1125 1641 1214; baseline 0.006 -22"><span class='ocrx_word' id='word_1_56' title='bbox 233 1148 444 1214; x_wconf 81' lang='lat' dir='ltr'><strong>operamque</strong></span> <span class='ocrx_word' id='word_1_57' title='bbox 464 1148 560 1191; x_wconf 87' lang='lat' dir='ltr'><strong>suam</strong></span> <span class='ocrx_word' id='word_1_58' title='bbox 577 1126 748 1190; x_wconf 82' lang='lat' dir='ltr'><strong>militibus</strong></span> <span class='ocrx_word' id='word_1_59' title='bbox 765 1126 919 1187; x_wconf 83' lang='lat' dir='ltr'>mercede</span> <span class='ocrx_word' id='word_1_60' title='bbox 934 1125 1109 1208; x_wconf 79' lang='lat' dir='ltr'><strong>locabant,</strong></span> <span class='ocrx_word' id='word_1_61' title='bbox 1130 1127 1331 1210; x_wconf 91' lang='lat' dir='ltr'><strong>plerumque</strong></span> <span class='ocrx_word' id='word_1_62' title='bbox 1350 1130 1452 1193; x_wconf 89' lang='lat' dir='ltr'><strong>simul</strong></span> <span class='ocrx_word' id='word_1_63' title='bbox 1467 1154 1545 1197; x_wconf 88' lang='lat' dir='ltr'><strong>cum</strong></span> <span class='ocrx_word' id='word_1_64' title='bbox 1558 1135 1641 1201; x_wconf 80' lang='lat' dir='ltr'><strong>liris</strong></span> 
     </span>
     <span class='ocr_line' id='line_1_8' title="bbox 233 1226 1639 1311; baseline 0.004 -14"><span class='ocrx_word' id='word_1_65' title='bbox 233 1242 558 1297; x_wconf 82' lang='lat' dir='ltr'><strong>commemorantur.</strong></span> <span class='ocrx_word' id='word_1_66' title='bbox 580 1232 695 1297; x_wconf 85' lang='lat' dir='ltr'><strong>Nemo</strong></span> <span class='ocrx_word' id='word_1_67' title='bbox 710 1228 818 1311; x_wconf 85' lang='lat' dir='ltr'><strong>(non)</strong></span> <span class='ocrx_word' id='word_1_68' title='bbox 840 1226 975 1293; x_wconf 82' lang='lat' dir='ltr'><strong>diurna</strong></span> <span class='ocrx_word' id='word_1_69' title='bbox 990 1231 1154 1296; x_wconf 77' lang='lat' dir='ltr'><strong>mercede</strong></span> <span class='ocrx_word' id='word_1_70' title='bbox 1172 1229 1281 1297; x_wconf 80' lang='lat' dir='ltr'><strong>vitam</strong></span> <span class='ocrx_word' id='word_1_71' title='bbox 1299 1234 1494 1300; x_wconf 82' lang='lat' dir='ltr'><strong>mutaverit</strong></span> <span class='ocrx_word' id='word_1_72' title='bbox 1516 1242 1591 1305; x_wconf 82' lang='lat' dir='ltr'><strong>Vnt.</strong></span> <span class='ocrx_word' id='word_1_73' title='bbox 1608 1258 1639 1303; x_wconf 79' lang='lat' dir='ltr'><strong>a.</strong></span> 
     </span>
     <span class='ocr_line' id='line_1_9' title="bbox 238 1331 1637 1427; baseline 0.004 -24"><span class='ocrx_word' id='word_1_74' title='bbox 238 1346 273 1403; x_wconf 90' lang='lat' dir='ltr'><strong>et</strong></span> <span class='ocrx_word' id='word_1_75' title='bbox 295 1337 399 1400; x_wconf 84' lang='lat' dir='ltr'><strong>Editt.</strong></span> <span class='ocrx_word' id='word_1_76' title='bbox 420 1341 556 1403; x_wconf 73' lang='lat' dir='ltr'><strong>Venetae</strong></span> <span class='ocrx_word' id='word_1_77' title='bbox 581 1334 798 1422; x_wconf 84' lang='lat' dir='ltr'><strong>negationem</strong></span> <span class='ocrx_word' id='word_1_78' title='bbox 821 1331 1000 1421; x_wconf 60' lang='lat' dir='ltr'><strong>ignorant,</strong></span> <span class='ocrx_word' id='word_1_79' title='bbox 1028 1339 1123 1418; x_wconf 90' lang='lat' dir='ltr'><strong>quod</strong></span> <span class='ocrx_word' id='word_1_80' title='bbox 1144 1339 1279 1403; x_wconf 81' lang='lat' dir='ltr'><strong>Cottius</strong></span> <span class='ocrx_word' id='word_1_81' title='bbox 1298 1338 1347 1403; x_wconf 91' lang='lat' dir='ltr'><strong>ita</strong></span> <span class='ocrx_word' id='word_1_82' title='bbox 1367 1342 1530 1427; x_wconf 77' lang='lat' dir='ltr'><strong>explicat:</strong></span> <span class='ocrx_word' id='word_1_83' title='bbox 1549 1364 1637 1418; x_wconf 59' lang='lat' dir='ltr'><strong>,no-</strong></span> 
     </span>
     <span class='ocr_line' id='line_1_10' title="bbox 179 1422 1638 1532; baseline 0.004 -25"><span class='ocrx_word' id='word_1_84' title='bbox 179 1508 181 1517; x_wconf 16' lang='grc' dir='ltr'><em>Α</em></span> <span class='ocrx_word' id='word_1_85' title='bbox 234 1422 451 1509; x_wconf 75' lang='lat' dir='ltr'><strong>tarseorum</strong></span> <span class='ocrx_word' id='word_1_86' title='bbox 473 1441 647 1506; x_wconf 89' lang='lat' dir='ltr'><strong>neminem</strong></span> <span class='ocrx_word' id='word_1_87' title='bbox 672 1462 736 1526; x_wconf 89' lang='lat' dir='ltr'><strong>pro</strong></span> <span class='ocrx_word' id='word_1_88' title='bbox 760 1441 885 1505; x_wconf 82' lang='lat' dir='ltr'><strong>diurna</strong></span> <span class='ocrx_word' id='word_1_89' title='bbox 906 1444 1063 1507; x_wconf 84' lang='lat' dir='ltr'><strong>mercede</strong></span> <span class='ocrx_word' id='word_1_90' title='bbox 1082 1443 1189 1505; x_wconf 84' lang='lat' dir='ltr'><strong>vitam</strong></span> <span class='ocrx_word' id='word_1_91' title='bbox 1211 1456 1447 1532; x_wconf 91' lang='lat' dir='ltr'><strong>sumpturum,</strong></span> <span class='ocrx_word' id='word_1_92' title='bbox 1477 1450 1512 1511; x_wconf 90' lang='lat' dir='ltr'><strong>b.</strong></span> <span class='ocrx_word' id='word_1_93' title='bbox 1538 1468 1567 1512; x_wconf 88' lang='lat' dir='ltr'><strong>e.</strong></span> <span class='ocrx_word' id='word_1_94' title='bbox 1593 1447 1638 1513; x_wconf 88' lang='lat' dir='ltr'><strong>iis</strong></span> 
     </span>
     <span class='ocr_line' id='line_1_11' title="bbox 232 1546 1641 1637; baseline 0.004 -26"><span class='ocrx_word' id='word_1_95' title='bbox 232 1546 396 1612; x_wconf 85' lang='lat' dir='ltr'><strong>diurnam</strong></span> <span class='ocrx_word' id='word_1_96' title='bbox 436 1550 627 1612; x_wconf 88' lang='lat' dir='ltr'><strong>mercedem</strong></span> <span class='ocrx_word' id='word_1_97' title='bbox 663 1548 737 1633; x_wconf 88' lang='lat' dir='ltr'><strong>ipsa</strong></span> <span class='ocrx_word' id='word_1_98' title='bbox 772 1548 843 1612; x_wconf 83' lang='lat' dir='ltr'><strong>vita</strong></span> <span class='ocrx_word' id='word_1_99' title='bbox 870 1548 1038 1613; x_wconf 89' lang='lat' dir='ltr'><strong>cariorem</strong></span> <span class='ocrx_word' id='word_1_100' title='bbox 1069 1568 1159 1623; x_wconf 76' lang='lat' dir='ltr'><strong>esses</strong></span> <span class='ocrx_word' id='word_1_101' title='bbox 1192 1555 1286 1633; x_wconf 89' lang='lat' dir='ltr'><strong>quod</strong></span> <span class='ocrx_word' id='word_1_102' title='bbox 1317 1554 1497 1637; x_wconf 76' lang='lat' dir='ltr'><strong>postremis</strong></span> <span class='ocrx_word' id='word_1_103' title='bbox 1524 1553 1641 1619; x_wconf 90' lang='lat' dir='ltr'><strong>bomi-</strong></span> 
     </span>
     <span class='ocr_line' id='line_1_12' title="bbox 233 1654 1640 1739; baseline 0.003 -22"><span class='ocrx_word' id='word_1_104' title='bbox 233 1674 318 1717; x_wconf 87' lang='lat' dir='ltr'><strong>num</strong></span> <span class='ocrx_word' id='word_1_105' title='bbox 330 1664 363 1718; x_wconf 92' lang='lat' dir='ltr'><strong>et</strong></span> <span class='ocrx_word' id='word_1_106' title='bbox 385 1654 626 1738; x_wconf 73' lang='lat' dir='ltr'><strong>perditissimis</strong></span> <span class='ocrx_word' id='word_1_107' title='bbox 644 1654 825 1739; x_wconf 87' lang='lat' dir='ltr'><strong>proprium</strong></span> <span class='ocrx_word' id='word_1_108' title='bbox 843 1674 914 1719; x_wconf 85' lang='lat' dir='ltr'><strong>esse</strong></span> <span class='ocrx_word' id='word_1_109' title='bbox 931 1654 1056 1734; x_wconf 67' lang='lat' dir='ltr'><strong>solen»</strong></span> <span class='ocrx_word' id='word_1_110' title='bbox 1074 1656 1240 1739; x_wconf 84' lang='lat' dir='ltr'><strong>pessime,</strong></span> <span class='ocrx_word' id='word_1_111' title='bbox 1261 1656 1292 1721; x_wconf 84' lang='lat' dir='ltr'><strong>ci</strong></span> <span class='ocrx_word' id='word_1_112' title='bbox 1312 1656 1398 1739; x_wconf 89' lang='lat' dir='ltr'><strong>quid</strong></span> <span class='ocrx_word' id='word_1_113' title='bbox 1416 1659 1536 1737; x_wconf 80' lang='lat' dir='ltr'><strong>vide03</strong></span> <span class='ocrx_word' id='word_1_114' title='bbox 1559 1678 1640 1721; x_wconf 88' lang='lat' dir='ltr'><strong>nam</strong></span> 
     </span>
     <span class='ocr_line' id='line_1_13' title="bbox 232 1759 1638 1847; baseline 0.003 -24"><span class='ocrx_word' id='word_1_115' title='bbox 232 1759 345 1823; x_wconf 90' lang='lat' dir='ltr'><strong>ullum</strong></span> <span class='ocrx_word' id='word_1_116' title='bbox 368 1780 519 1841; x_wconf 87' lang='lat' dir='ltr'><strong>unquam</strong></span> <span class='ocrx_word' id='word_1_117' title='bbox 541 1760 736 1844; x_wconf 68' lang='lat' dir='ltr'><strong>scriptorem</strong></span> <span class='ocrx_word' id='word_1_118' title='bbox 761 1760 921 1823; x_wconf 87' lang='lat' dir='ltr'><strong>Latinum</strong></span> <span class='ocrx_word' id='word_1_119' title='bbox 947 1759 996 1823; x_wconf 90' lang='lat' dir='ltr'><strong>ita</strong></span> <span class='ocrx_word' id='word_1_120' title='bbox 1020 1760 1176 1825; x_wconf 88' lang='lat' dir='ltr'><strong>locutum</strong></span> <span class='ocrx_word' id='word_1_121' title='bbox 1204 1780 1276 1825; x_wconf 88' lang='lat' dir='ltr'><strong>esse</strong></span> <span class='ocrx_word' id='word_1_122' title='bbox 1304 1780 1404 1847; x_wconf 81' lang='lat' dir='ltr'><strong>nego.</strong></span> <span class='ocrx_word' id='word_1_123' title='bbox 1433 1762 1521 1845; x_wconf 89' lang='lat' dir='ltr'><strong>quid</strong></span> <span class='ocrx_word' id='word_1_124' title='bbox 1544 1762 1638 1827; x_wconf 85' lang='lat' dir='ltr'><strong>enim</strong></span> 
     </span>
     <span class='ocr_line' id='line_1_14' title="bbox 226 1862 1637 1953; baseline 0.003 -26"><span class='ocrx_word' id='word_1_125' title='bbox 226 1862 326 1943; x_wconf 82' lang='lat' dir='ltr'><strong>juvat</strong></span> <span class='ocrx_word' id='word_1_126' title='bbox 345 1884 473 1929; x_wconf 81' lang='lat' dir='ltr'><strong>merces</strong></span> <span class='ocrx_word' id='word_1_127' title='bbox 492 1864 633 1949; x_wconf 88' lang='lat' dir='ltr'><strong>diurna,</strong></span> <span class='ocrx_word' id='word_1_128' title='bbox 654 1886 733 1928; x_wconf 89' lang='lat' dir='ltr'><strong>cum</strong></span> <span class='ocrx_word' id='word_1_129' title='bbox 752 1866 824 1929; x_wconf 85' lang='lat' dir='ltr'><strong>vita</strong></span> <span class='ocrx_word' id='word_1_130' title='bbox 852 1888 923 1930; x_wconf 89' lang='lat' dir='ltr'><strong>nou</strong></span> <span class='ocrx_word' id='word_1_131' title='bbox 943 1866 1092 1932; x_wconf 81' lang='lat' dir='ltr'><strong>fruaris?</strong></span> <span class='ocrx_word' id='word_1_132' title='bbox 1119 1868 1187 1931; x_wconf 83' lang='lat' dir='ltr'><strong>Sed</strong></span> <span class='ocrx_word' id='word_1_133' title='bbox 1211 1866 1242 1932; x_wconf 88' lang='lat' dir='ltr'><strong>si</strong></span> <span class='ocrx_word' id='word_1_134' title='bbox 1263 1868 1337 1931; x_wconf 74' lang='lat' dir='ltr'><strong>bec</strong></span> <span class='ocrx_word' id='word_1_135' title='bbox 1356 1868 1565 1953; x_wconf 83' lang='lat' dir='ltr'><strong>conjungere</strong></span> <span class='ocrx_word' id='word_1_136' title='bbox 1589 1866 1637 1931; x_wconf 87' lang='lat' dir='ltr'><strong>li·</strong></span> 
     </span>
     <span class='ocr_line' id='line_1_15' title="bbox 232 1972 1639 2059; baseline 0.004 -25"><span class='ocrx_word' id='word_1_137' title='bbox 232 1985 339 2056; x_wconf 87' lang='lat' dir='ltr'><strong>ceret,</strong></span> <span class='ocrx_word' id='word_1_138' title='bbox 361 1972 405 2045; x_wconf 89' lang='lat' dir='ltr'><strong>ii,</strong></span> <span class='ocrx_word' id='word_1_139' title='bbox 420 1974 547 2055; x_wconf 88' lang='lat' dir='ltr'><strong>quibus</strong></span> <span class='ocrx_word' id='word_1_140' title='bbox 564 1993 691 2036; x_wconf 90' lang='lat' dir='ltr'><strong>merces</strong></span> <span class='ocrx_word' id='word_1_141' title='bbox 710 1972 833 2035; x_wconf 87' lang='lat' dir='ltr'><strong>diurna</strong></span> <span class='ocrx_word' id='word_1_142' title='bbox 854 1972 926 2057; x_wconf 88' lang='lat' dir='ltr'><strong>ipsa</strong></span> <span class='ocrx_word' id='word_1_143' title='bbox 942 1972 1013 2036; x_wconf 83' lang='lat' dir='ltr'><strong>vita</strong></span> <span class='ocrx_word' id='word_1_144' title='bbox 1028 1985 1078 2037; x_wconf 89' lang='lat' dir='ltr'><strong>est</strong></span> <span class='ocrx_word' id='word_1_145' title='bbox 1092 1975 1222 2049; x_wconf 87' lang='lat' dir='ltr'><strong>carior,</strong></span> <span class='ocrx_word' id='word_1_146' title='bbox 1243 1995 1317 2039; x_wconf 87' lang='lat' dir='ltr'><strong>eam</strong></span> <span class='ocrx_word' id='word_1_147' title='bbox 1335 1996 1400 2059; x_wconf 91' lang='lat' dir='ltr'><strong>pro</strong></span> <span class='ocrx_word' id='word_1_148' title='bbox 1415 1976 1530 2058; x_wconf 85' lang='lat' dir='ltr'><strong>parvis</strong></span> <span class='ocrx_word' id='word_1_149' title='bbox 1549 1992 1639 2058; x_wconf 73' lang='lat' dir='ltr'><strong>prae·</strong></span> 
     </span>
    </p>
   </div>
   <div class='ocr_carea' id='block_1_3' title="bbox 232 2074 1641 2265">
    <p class='ocr_par' dir='ltr' id='par_1_3' title="bbox 232 2074 1641 2265">
     <span class='ocr_line' id='line_1_16' title="bbox 232 2074 1640 2167; baseline 0.002 -29"><span class='ocrx_word' id='word_1_150' title='bbox 232 2075 313 2138; x_wconf 85' lang='lat' dir='ltr'><strong>miis</strong></span> <span class='ocrx_word' id='word_1_151' title='bbox 332 2080 503 2159; x_wconf 87' lang='lat' dir='ltr'><strong>deponere</strong></span> <span class='ocrx_word' id='word_1_152' title='bbox 522 2099 593 2142; x_wconf 90' lang='lat' dir='ltr'><strong>non</strong></span> <span class='ocrx_word' id='word_1_153' title='bbox 612 2078 839 2164; x_wconf 80' lang='lat' dir='ltr'><strong>dubitabunt,</strong></span> <span class='ocrx_word' id='word_1_154' title='bbox 861 2100 936 2161; x_wconf 81' lang='lat' dir='ltr'><strong>quae</strong></span> <span class='ocrx_word' id='word_1_155' title='bbox 956 2074 1098 2163; x_wconf 86' lang='lat' dir='ltr'><strong>quidem</strong></span> <span class='ocrx_word' id='word_1_156' title='bbox 1121 2102 1254 2144; x_wconf 83' lang='lat' dir='ltr'><strong>summa</strong></span> <span class='ocrx_word' id='word_1_157' title='bbox 1271 2092 1321 2145; x_wconf 89' lang='lat' dir='ltr'><strong>est</strong></span> <span class='ocrx_word' id='word_1_158' title='bbox 1339 2082 1511 2167; x_wconf 81' lang='lat' dir='ltr'><strong>temeritas</strong></span> <span class='ocrx_word' id='word_1_159' title='bbox 1535 2087 1640 2159; x_wconf 86' lang='lat' dir='ltr'><strong>atque</strong></span> 
     </span>
     <span class='ocr_line' id='line_1_17' title="bbox 234 2180 1641 2265; baseline 0.002 -27"><span class='ocrx_word' id='word_1_160' title='bbox 234 2180 389 2239; x_wconf 87' lang='lat' dir='ltr'><strong>audacia.</strong></span> <span class='ocrx_word' id='word_1_161' title='bbox 407 2182 474 2239; x_wconf 86' lang='lat' dir='ltr'><strong>Sed</strong></span> <span class='ocrx_word' id='word_1_162' title='bbox 487 2182 645 2240; x_wconf 82' lang='lat' dir='ltr'><strong>homines</strong></span> <span class='ocrx_word' id='word_1_163' title='bbox 658 2183 828 2253; x_wconf 84' lang='lat' dir='ltr'><strong>ejusmodi</strong></span> <span class='ocrx_word' id='word_1_164' title='bbox 841 2184 883 2243; x_wconf 87' lang='lat' dir='ltr'><strong>ab</strong></span> <span class='ocrx_word' id='word_1_165' title='bbox 895 2197 1031 2249; x_wconf 87' lang='lat' dir='ltr'><strong>oratore</strong></span> <span class='ocrx_word' id='word_1_166' title='bbox 1045 2206 1115 2247; x_wconf 91' lang='lat' dir='ltr'><strong>uon</strong></span> <span class='ocrx_word' id='word_1_167' title='bbox 1126 2186 1293 2265; x_wconf 78' lang='lat' dir='ltr'><strong>intelligi,</strong></span> <span class='ocrx_word' id='word_1_168' title='bbox 1308 2206 1369 2265; x_wconf 86' lang='lat' dir='ltr'><strong>per</strong></span> <span class='ocrx_word' id='word_1_169' title='bbox 1382 2204 1417 2245; x_wconf 89' lang='lat' dir='ltr'><strong>se</strong></span> <span class='ocrx_word' id='word_1_170' title='bbox 1430 2190 1522 2263; x_wconf 87' lang='lat' dir='ltr'><strong>patet</strong></span> <span class='ocrx_word' id='word_1_171' title='bbox 1534 2206 1544 2251; x_wconf 65' lang='grc' dir='ltr'><strong>ς</strong></span> <span class='ocrx_word' id='word_1_172' title='bbox 1559 2198 1641 2241; x_wconf 83' lang='lat' dir='ltr'><strong>nam</strong></span> 
     </span>
    </p>
   </div>
   <div class='ocr_carea' id='block_1_4' title="bbox 228 2280 1642 2900">
    <p class='ocr_par' dir='ltr' id='par_1_4' title="bbox 228 2280 1642 2900">
     <span class='ocr_line' id='line_1_18' title="bbox 232 2280 1641 2369; baseline 0.001 -24"><span class='ocrx_word' id='word_1_173' title='bbox 232 2280 408 2367; x_wconf 81' lang='lat' dir='ltr'><strong>ignaviam</strong></span> <span class='ocrx_word' id='word_1_174' title='bbox 415 2281 531 2367; x_wconf 90' lang='lat' dir='ltr'><strong>potius</strong></span> <span class='ocrx_word' id='word_1_175' title='bbox 543 2292 644 2365; x_wconf 87' lang='lat' dir='ltr'><strong>atque</strong></span> <span class='ocrx_word' id='word_1_176' title='bbox 654 2282 816 2346; x_wconf 87' lang='lat' dir='ltr'><strong>inertiam</strong></span> <span class='ocrx_word' id='word_1_177' title='bbox 827 2286 953 2369; x_wconf 69' lang='lat' dir='ltr'><strong>berum</strong></span> <span class='ocrx_word' id='word_1_178' title='bbox 962 2286 1144 2346; x_wconf 86' lang='lat' dir='ltr'><strong>hominum</strong></span> <span class='ocrx_word' id='word_1_179' title='bbox 1157 2285 1313 2367; x_wconf 82' lang='lat' dir='ltr'><strong>exagitat.</strong></span> <span class='ocrx_word' id='word_1_180' title='bbox 1328 2288 1445 2363; x_wconf 88' lang='lat' dir='ltr'><strong>Neque</strong></span> <span class='ocrx_word' id='word_1_181' title='bbox 1455 2282 1641 2347; x_wconf 84' lang='lat' dir='ltr'><strong>minusLe·</strong></span> 
     </span>
     <span class='ocr_line' id='line_1_19' title="bbox 230 2386 1641 2473; baseline 0.004 -24"><span class='ocrx_word' id='word_1_182' title='bbox 230 2386 309 2473; x_wconf 88' lang='lat' dir='ltr'><strong>pidi</strong></span> <span class='ocrx_word' id='word_1_183' title='bbox 334 2388 442 2472; x_wconf 89' lang='lat' dir='ltr'><strong>ipsius</strong></span> <span class='ocrx_word' id='word_1_184' title='bbox 466 2390 648 2455; x_wconf 84' lang='lat' dir='ltr'><strong>iufirmitas</strong></span> <span class='ocrx_word' id='word_1_185' title='bbox 674 2402 830 2473; x_wconf 87' lang='lat' dir='ltr'><strong>notatur,</strong></span> <span class='ocrx_word' id='word_1_186' title='bbox 855 2393 917 2473; x_wconf 90' lang='lat' dir='ltr'><strong>qui</strong></span> <span class='ocrx_word' id='word_1_187' title='bbox 944 2412 1022 2453; x_wconf 91' lang='lat' dir='ltr'><strong>cum</strong></span> <span class='ocrx_word' id='word_1_188' title='bbox 1044 2390 1295 2452; x_wconf 85' lang='lat' dir='ltr'><strong>atrocissimum</strong></span> <span class='ocrx_word' id='word_1_189' title='bbox 1321 2388 1454 2451; x_wconf 83' lang='lat' dir='ltr'><strong>facinus</strong></span> <span class='ocrx_word' id='word_1_190' title='bbox 1474 2408 1641 2454; x_wconf 69' lang='lat' dir='ltr'><strong>aususes⁴</strong></span> 
     </span>
     <span class='ocr_line' id='line_1_20' title="bbox 228 2493 1642 2583; baseline 0.001 -26"><span class='ocrx_word' id='word_1_191' title='bbox 228 2500 297 2577; x_wconf 90' lang='lat' dir='ltr'><strong>set,</strong></span> <span class='ocrx_word' id='word_1_192' title='bbox 318 2514 361 2557; x_wconf 91' lang='lat' dir='ltr'><strong>ne</strong></span> <span class='ocrx_word' id='word_1_193' title='bbox 379 2494 471 2574; x_wconf 88' lang='lat' dir='ltr'><strong>justa</strong></span> <span class='ocrx_word' id='word_1_194' title='bbox 489 2498 629 2579; x_wconf 91' lang='lat' dir='ltr'><strong>quidem</strong></span> <span class='ocrx_word' id='word_1_195' title='bbox 652 2497 795 2583; x_wconf 73' lang='lat' dir='ltr'><strong>premia</strong></span> <span class='ocrx_word' id='word_1_196' title='bbox 817 2495 1066 2576; x_wconf 87' lang='lat' dir='ltr'><strong>conjurationis</strong></span> <span class='ocrx_word' id='word_1_197' title='bbox 1086 2494 1188 2558; x_wconf 87' lang='lat' dir='ltr'><strong>sociis</strong></span> <span class='ocrx_word' id='word_1_198' title='bbox 1207 2493 1340 2556; x_wconf 81' lang='lat' dir='ltr'><strong>solvere</strong></span> <span class='ocrx_word' id='word_1_199' title='bbox 1364 2502 1519 2579; x_wconf 86' lang='lat' dir='ltr'><strong>poterat,</strong></span> <span class='ocrx_word' id='word_1_200' title='bbox 1539 2494 1588 2557; x_wconf 91' lang='lat' dir='ltr'><strong>ita</strong></span> <span class='ocrx_word' id='word_1_201' title='bbox 1602 2500 1642 2559; x_wconf 86' lang='lat' dir='ltr'><strong>ut</strong></span> 
     </span>
     <span class='ocr_line' id='line_1_21' title="bbox 229 2600 1640 2689; baseline 0 -26"><span class='ocrx_word' id='word_1_202' title='bbox 229 2620 334 2685; x_wconf 79' lang='lat' dir='ltr'><strong>parva</strong></span> <span class='ocrx_word' id='word_1_203' title='bbox 355 2606 512 2667; x_wconf 89' lang='lat' dir='ltr'><strong>mercede</strong></span> <span class='ocrx_word' id='word_1_204' title='bbox 539 2604 693 2689; x_wconf 88' lang='lat' dir='ltr'><strong>ipsorum</strong></span> <span class='ocrx_word' id='word_1_205' title='bbox 714 2604 817 2669; x_wconf 87' lang='lat' dir='ltr'><strong>iidem</strong></span> <span class='ocrx_word' id='word_1_206' title='bbox 846 2604 984 2667; x_wconf 86' lang='lat' dir='ltr'><strong>firmare</strong></span> <span class='ocrx_word' id='word_1_207' title='bbox 1010 2611 1199 2687; x_wconf 82' lang='lat' dir='ltr'><strong>cogeretur.</strong></span> <span class='ocrx_word' id='word_1_208' title='bbox 1225 2600 1292 2662; x_wconf 81' lang='lat' dir='ltr'><strong>Sed</strong></span> <span class='ocrx_word' id='word_1_209' title='bbox 1308 2620 1386 2663; x_wconf 90' lang='lat' dir='ltr'><strong>cum</strong></span> <span class='ocrx_word' id='word_1_210' title='bbox 1403 2600 1563 2663; x_wconf 90' lang='lat' dir='ltr'><strong>homines</strong></span> <span class='ocrx_word' id='word_1_211' title='bbox 1580 2600 1640 2664; x_wconf 93' lang='lat' dir='ltr'><strong>isti</strong></span> 
     </span>
     <span class='ocr_line' id='line_1_22' title="bbox 228 2706 1638 2796; baseline 0.001 -28"><span class='ocrx_word' id='word_1_212' title='bbox 228 2709 353 2791; x_wconf 80' lang='lat' dir='ltr'><strong>praedae</strong></span> <span class='ocrx_word' id='word_1_213' title='bbox 373 2730 477 2790; x_wconf 88' lang='lat' dir='ltr'><strong>qnam</strong></span> <span class='ocrx_word' id='word_1_214' title='bbox 495 2712 726 2796; x_wconf 88' lang='lat' dir='ltr'><strong>periculorum</strong></span> <span class='ocrx_word' id='word_1_215' title='bbox 744 2709 941 2795; x_wconf 84' lang='lat' dir='ltr'><strong>cupidiores</strong></span> <span class='ocrx_word' id='word_1_216' title='bbox 961 2720 1071 2775; x_wconf 91' lang='lat' dir='ltr'><strong>essent</strong></span> <span class='ocrx_word' id='word_1_217' title='bbox 1086 2720 1119 2773; x_wconf 92' lang='lat' dir='ltr'><strong>et</strong></span> <span class='ocrx_word' id='word_1_218' title='bbox 1138 2728 1262 2795; x_wconf 84' lang='lat' dir='ltr'><strong>magua</strong></span> <span class='ocrx_word' id='word_1_219' title='bbox 1279 2706 1472 2773; x_wconf 84' lang='lat' dir='ltr'><strong>facinorum</strong></span> <span class='ocrx_word' id='word_1_220' title='bbox 1493 2706 1638 2792; x_wconf 76' lang='lat' dir='ltr'><strong>praemia</strong></span> 
     </span>
     <span class='ocr_line' id='line_1_23' title="bbox 232 2810 1640 2900; baseline 0.004 -27"><span class='ocrx_word' id='word_1_221' title='bbox 232 2810 303 2873; x_wconf 86' lang='lat' dir='ltr'><strong>sibi</strong></span> <span class='ocrx_word' id='word_1_222' title='bbox 316 2813 435 2876; x_wconf 86' lang='lat' dir='ltr'><strong>deberi</strong></span> <span class='ocrx_word' id='word_1_223' title='bbox 448 2816 695 2894; x_wconf 83' lang='lat' dir='ltr'><strong>existimarent,</strong></span> <span class='ocrx_word' id='word_1_224' title='bbox 710 2818 794 2881; x_wconf 89' lang='lat' dir='ltr'><strong>fides</strong></span> <span class='ocrx_word' id='word_1_225' title='bbox 807 2839 926 2881; x_wconf 90' lang='lat' dir='ltr'><strong>eorum</strong></span> <span class='ocrx_word' id='word_1_226' title='bbox 941 2836 1062 2900; x_wconf 89' lang='lat' dir='ltr'><strong>parum</strong></span> <span class='ocrx_word' id='word_1_227' title='bbox 1074 2814 1172 2876; x_wconf 85' lang='lat' dir='ltr'><strong>firma</strong></span> <span class='ocrx_word' id='word_1_228' title='bbox 1188 2823 1270 2875; x_wconf 88' lang='lat' dir='ltr'><strong>erat.</strong></span> <span class='ocrx_word' id='word_1_229' title='bbox 1287 2814 1354 2873; x_wconf 88' lang='lat' dir='ltr'><strong>Sed</strong></span> <span class='ocrx_word' id='word_1_230' title='bbox 1369 2812 1479 2873; x_wconf 79' lang='lat' dir='ltr'><strong>vitam</strong></span> <span class='ocrx_word' id='word_1_231' title='bbox 1494 2824 1640 2879; x_wconf 82' lang='lat' dir='ltr'><strong>mutare</strong></span> 
     </span>
    </p>
   </div>
   <div class='ocr_carea' id='block_1_5' title="bbox 198 2911 1642 3107">
    <p class='ocr_par' dir='ltr' id='par_1_5' title="bbox 198 2911 1642 3107">
     <span class='ocr_line' id='line_1_24' title="bbox 233 2911 1642 2999; baseline 0.002 -23"><span class='ocrx_word' id='word_1_232' title='bbox 233 2918 394 2979; x_wconf 82' lang='lat' dir='ltr'><strong>mercede</strong></span> <span class='ocrx_word' id='word_1_233' title='bbox 408 2940 488 2981; x_wconf 89' lang='lat' dir='ltr'><strong>mon</strong></span> <span class='ocrx_word' id='word_1_234' title='bbox 496 2922 607 2984; x_wconf 91' lang='lat' dir='ltr'><strong>solum</strong></span> <span class='ocrx_word' id='word_1_235' title='bbox 617 2934 666 2985; x_wconf 90' lang='lat' dir='ltr'><strong>est</strong></span> <span class='ocrx_word' id='word_1_236' title='bbox 678 2924 785 2983; x_wconf 82' lang='lat' dir='ltr'><strong>vitam</strong></span> <span class='ocrx_word' id='word_1_237' title='bbox 795 2923 982 2998; x_wconf 88' lang='lat' dir='ltr'><strong>redimere,</strong></span> <span class='ocrx_word' id='word_1_238' title='bbox 997 2922 1055 2979; x_wconf 87' lang='lat' dir='ltr'><strong>sed</strong></span> <span class='ocrx_word' id='word_1_239' title='bbox 1065 2914 1324 2974; x_wconf 81' lang='lat' dir='ltr'><strong>etiamveudere</strong></span> <span class='ocrx_word' id='word_1_240' title='bbox 1335 2911 1541 2997; x_wconf 73' lang='lat' dir='ltr'><strong>cfr-Jug.ttz</strong></span> <span class='ocrx_word' id='word_1_241' title='bbox 1554 2934 1642 2999; x_wconf 76' lang='lat' dir='ltr'><strong>pras-</strong></span> 
     </span>
     <span class='ocr_line' id='line_1_25' title="bbox 198 3012 1639 3107; baseline 0.003 -28"><span class='ocrx_word' id='word_1_242' title='bbox 198 3012 211 3039; x_wconf 82' lang='lat'><strong><em>‘</em></strong></span> <span class='ocrx_word' id='word_1_243' title='bbox 235 3018 297 3080; x_wconf 91' lang='lat' dir='ltr'><strong>das</strong></span> <span class='ocrx_word' id='word_1_244' title='bbox 311 3026 497 3080; x_wconf 89' lang='lat' dir='ltr'><strong>-mutare</strong></span> <span class='ocrx_word' id='word_1_245' title='bbox 508 3020 642 3079; x_wconf 67' lang='lat' dir='ltr'><strong>-t-vino</strong></span> <span class='ocrx_word' id='word_1_246' title='bbox 658 3018 854 3091; x_wconf 83' lang='lat' dir='ltr'><strong>advectitio;</strong></span> <span class='ocrx_word' id='word_1_247' title='bbox 875 3018 964 3075; x_wconf 87' lang='lat' dir='ltr'><strong>bene</strong></span> <span class='ocrx_word' id='word_1_248' title='bbox 980 3014 1087 3097; x_wconf 82' lang='lat' dir='ltr'><strong>igitur</strong></span> <span class='ocrx_word' id='word_1_249' title='bbox 1097 3012 1278 3080; x_wconf 74' lang='lat' dir='ltr'><strong>infirmitas</strong></span> <span class='ocrx_word' id='word_1_250' title='bbox 1291 3036 1397 3083; x_wconf 76' lang='lat' dir='ltr'><strong>causae</strong></span> <span class='ocrx_word' id='word_1_251' title='bbox 1415 3019 1639 3107; x_wconf 81' lang='lat' dir='ltr'><strong>describitur,</strong></span> 
     </span>
    </p>
   </div>
   <div class='ocr_carea' id='block_1_6' title="bbox 229 3118 1641 3524">
    <p class='ocr_par' dir='ltr' id='par_1_6' title="bbox 229 3118 1641 3524">
     <span class='ocr_line' id='line_1_26' title="bbox 231 3118 1641 3205; baseline 0.004 -19"><span class='ocrx_word' id='word_1_252' title='bbox 231 3124 328 3205; x_wconf 83' lang='lat' dir='ltr'><strong>quod</strong></span> <span class='ocrx_word' id='word_1_253' title='bbox 342 3130 376 3184; x_wconf 91' lang='lat' dir='ltr'><strong>et</strong></span> <span class='ocrx_word' id='word_1_254' title='bbox 390 3121 540 3205; x_wconf 79' lang='lat' dir='ltr'><strong>duxipse</strong></span> <span class='ocrx_word' id='word_1_255' title='bbox 554 3124 643 3183; x_wconf 88' lang='lat' dir='ltr'><strong>latro</strong></span> <span class='ocrx_word' id='word_1_256' title='bbox 654 3119 796 3201; x_wconf 90' lang='lat' dir='ltr'><strong>dicitur,</strong></span> <span class='ocrx_word' id='word_1_257' title='bbox 812 3120 871 3200; x_wconf 91' lang='lat' dir='ltr'><strong>qui</strong></span> <span class='ocrx_word' id='word_1_258' title='bbox 885 3118 1026 3181; x_wconf 88' lang='lat' dir='ltr'><strong>nonnisi</strong></span> <span class='ocrx_word' id='word_1_259' title='bbox 1038 3118 1162 3181; x_wconf 88' lang='lat' dir='ltr'><strong>diurna</strong></span> <span class='ocrx_word' id='word_1_260' title='bbox 1173 3124 1328 3183; x_wconf 91' lang='lat' dir='ltr'><strong>mercede</strong></span> <span class='ocrx_word' id='word_1_261' title='bbox 1342 3144 1479 3188; x_wconf 87' lang='lat' dir='ltr'><strong>manum</strong></span> <span class='ocrx_word' id='word_1_262' title='bbox 1492 3136 1641 3191; x_wconf 85' lang='lat' dir='ltr'><strong>armato-</strong></span> 
     </span>
     <span class='ocr_line' id='line_1_27' title="bbox 229 3207 1640 3316; baseline 0.003 -25"><span class='ocrx_word' id='word_1_263' title='bbox 229 3246 308 3291; x_wconf 85' lang='lat' dir='ltr'><strong>rum</strong></span> <span class='ocrx_word' id='word_1_264' title='bbox 321 3227 490 3301; x_wconf 84' lang='lat' dir='ltr'><strong>continet,</strong></span> <span class='ocrx_word' id='word_1_265' title='bbox 508 3233 541 3289; x_wconf 89' lang='lat' dir='ltr'><strong>et</strong></span> <span class='ocrx_word' id='word_1_266' title='bbox 556 3228 651 3307; x_wconf 92' lang='lat' dir='ltr'><strong>quod</strong></span> <span class='ocrx_word' id='word_1_267' title='bbox 668 3224 740 3303; x_wconf 87' lang='lat' dir='ltr'><strong>ejus</strong></span> <span class='ocrx_word' id='word_1_268' title='bbox 757 3223 921 3288; x_wconf 85' lang='lat' dir='ltr'><strong>satellites</strong></span> <span class='ocrx_word' id='word_1_269' title='bbox 933 3207 1078 3308; x_wconf 83' lang='lat' dir='ltr'><strong>propter</strong></span> <span class='ocrx_word' id='word_1_270' title='bbox 1091 3224 1265 3309; x_wconf 85' lang='lat' dir='ltr'><strong>ignaviam</strong></span> <span class='ocrx_word' id='word_1_271' title='bbox 1283 3233 1385 3305; x_wconf 89' lang='lat' dir='ltr'><strong>atque</strong></span> <span class='ocrx_word' id='word_1_272' title='bbox 1402 3230 1561 3293; x_wconf 88' lang='lat' dir='ltr'><strong>inertiam</strong></span> <span class='ocrx_word' id='word_1_273' title='bbox 1574 3251 1640 3316; x_wconf 91' lang='lat' dir='ltr'><strong>pro</strong></span> 
     </span>
     <span class='ocr_line' id='line_1_28' title="bbox 231 3329 1641 3421; baseline 0.001 -24"><span class='ocrx_word' id='word_1_274' title='bbox 231 3335 363 3421; x_wconf 79' lang='lat' dir='ltr'><strong>parvis,</strong></span> <span class='ocrx_word' id='word_1_275' title='bbox 384 3333 511 3417; x_wconf 89' lang='lat' dir='ltr'><strong>quibus</strong></span> <span class='ocrx_word' id='word_1_276' title='bbox 525 3340 706 3412; x_wconf 88' lang='lat' dir='ltr'><strong>ornantur,</strong></span> <span class='ocrx_word' id='word_1_277' title='bbox 727 3330 878 3415; x_wconf 83' lang='lat' dir='ltr'><strong>praemiis</strong></span> <span class='ocrx_word' id='word_1_278' title='bbox 897 3332 940 3393; x_wconf 91' lang='lat' dir='ltr'><strong>de</strong></span> <span class='ocrx_word' id='word_1_279' title='bbox 962 3329 1033 3392; x_wconf 83' lang='lat' dir='ltr'><strong>vita</strong></span> <span class='ocrx_word' id='word_1_280' title='bbox 1055 3331 1247 3414; x_wconf 89' lang='lat' dir='ltr'><strong>periclitari</strong></span> <span class='ocrx_word' id='word_1_281' title='bbox 1266 3332 1400 3394; x_wconf 86' lang='lat' dir='ltr'><strong>nolunt.</strong></span> <span class='ocrx_word' id='word_1_282' title='bbox 1430 3352 1505 3396; x_wconf 83' lang='lat' dir='ltr'><strong>non</strong></span> <span class='ocrx_word' id='word_1_283' title='bbox 1525 3343 1641 3420; x_wconf 86' lang='lat' dir='ltr'><strong>emto,</strong></span> 
     </span>
     <span class='ocr_line' id='line_1_29' title="bbox 231 3435 1640 3524; baseline -0.001 -19"><span class='ocrx_word' id='word_1_284' title='bbox 231 3448 360 3524; x_wconf 86' lang='lat' dir='ltr'><strong>spectat</strong></span> <span class='ocrx_word' id='word_1_285' title='bbox 387 3441 454 3503; x_wconf 90' lang='lat' dir='ltr'><strong>hoc</strong></span> <span class='ocrx_word' id='word_1_286' title='bbox 481 3442 525 3502; x_wconf 88' lang='lat' dir='ltr'><strong>ad</strong></span> <span class='ocrx_word' id='word_1_287' title='bbox 550 3437 786 3501; x_wconf 80' lang='lat' dir='ltr'><strong>antecedentia</strong></span> <span class='ocrx_word' id='word_1_288' title='bbox 795 3478 806 3509; x_wconf 88' lang='lat'><strong>,</strong></span> <span class='ocrx_word' id='word_1_289' title='bbox 838 3445 1021 3518; x_wconf 83' lang='lat' dir='ltr'><strong>antequam</strong></span> <span class='ocrx_word' id='word_1_290' title='bbox 1050 3435 1145 3499; x_wconf 90' lang='lat' dir='ltr'><strong>euim</strong></span> <span class='ocrx_word' id='word_1_291' title='bbox 1169 3436 1319 3521; x_wconf 89' lang='lat' dir='ltr'><strong>Lepidus</strong></span> <span class='ocrx_word' id='word_1_292' title='bbox 1346 3440 1534 3523; x_wconf 89' lang='lat' dir='ltr'><strong>proconsul</strong></span> <span class='ocrx_word' id='word_1_293' title='bbox 1558 3448 1640 3523; x_wconf 89' lang='lat' dir='ltr'><strong>erat,</strong></span> 
     </span>
    </p>
   </div>
   <div class='ocr_carea' id='block_1_7' title="bbox 232 3535 1749 3635">
    <p class='ocr_par' dir='ltr' id='par_1_7' title="bbox 232 3535 1749 3635">
     <span class='ocr_line' id='line_1_30' title="bbox 232 3535 1749 3635; baseline 0.003 -29"><span class='ocrx_word' id='word_1_294' title='bbox 232 3535 385 3630; x_wconf 86' lang='lat' dir='ltr'><strong>propriis</strong></span> <span class='ocrx_word' id='word_1_295' title='bbox 400 3544 590 3628; x_wconf 90' lang='lat' dir='ltr'><strong>sumptibus</strong></span> <span class='ocrx_word' id='word_1_296' title='bbox 606 3552 742 3628; x_wconf 85' lang='lat' dir='ltr'><strong>paratos</strong></span> <span class='ocrx_word' id='word_1_297' title='bbox 763 3540 890 3603; x_wconf 89' lang='lat' dir='ltr'><strong>milites</strong></span> <span class='ocrx_word' id='word_1_298' title='bbox 911 3541 1045 3603; x_wconf 85' lang='lat' dir='ltr'><strong>habuit.</strong></span> <span class='ocrx_word' id='word_1_299' title='bbox 1069 3563 1151 3604; x_wconf 88' lang='lat' dir='ltr'><strong>cum</strong></span> <span class='ocrx_word' id='word_1_300' title='bbox 1173 3541 1305 3629; x_wconf 80' lang='lat' dir='ltr'><strong>legatis</strong></span> <span class='ocrx_word' id='word_1_301' title='bbox 1327 3545 1448 3607; x_wconf 80' lang='lat' dir='ltr'><strong>adduc</strong></span> <span class='ocrx_word' id='word_1_302' title='bbox 1460 3542 1553 3635; x_wconf 85' lang='lat' dir='ltr'><strong>jure</strong></span> <span class='ocrx_word' id='word_1_303' title='bbox 1566 3567 1640 3630; x_wconf 84' lang='lat' dir='ltr'><strong>pa·</strong></span> <span class='ocrx_word' id='word_1_304' title='bbox 1743 3599 1749 3610; x_wconf 93' lang='lat'><strong>.</strong></span> 
     </span>
    </p>
   </div>
   <div class='ocr_carea' id='block_1_8' title="bbox 124 3645 1640 4443">
    <p class='ocr_par' dir='ltr' id='par_1_8' title="bbox 124 3645 1640 4443">
     <span class='ocr_line' id='line_1_31' title="bbox 232 3645 1640 3737; baseline 0.004 -24"><span class='ocrx_word' id='word_1_305' title='bbox 232 3645 419 3723; x_wconf 73' lang='lat' dir='ltr'><strong>rentibus,</strong></span> <span class='ocrx_word' id='word_1_306' title='bbox 440 3669 516 3711; x_wconf 90' lang='lat' dir='ltr'><strong>cum</strong></span> <span class='ocrx_word' id='word_1_307' title='bbox 534 3650 683 3735; x_wconf 82' lang='lat' dir='ltr'><strong>lepidus</strong></span> <span class='ocrx_word' id='word_1_308' title='bbox 701 3649 857 3713; x_wconf 87' lang='lat' dir='ltr'><strong>nondum</strong></span> <span class='ocrx_word' id='word_1_309' title='bbox 868 3647 975 3713; x_wconf 88' lang='lat' dir='ltr'><strong>bostis</strong></span> <span class='ocrx_word' id='word_1_310' title='bbox 986 3645 1160 3725; x_wconf 78' lang='lat' dir='ltr'><strong>judicatus</strong></span> <span class='ocrx_word' id='word_1_311' title='bbox 1174 3653 1269 3710; x_wconf 88' lang='lat' dir='ltr'><strong>esset.</strong></span> <span class='ocrx_word' id='word_1_312' title='bbox 1281 3645 1496 3737; x_wconf 81' lang='lat' dir='ltr'><strong>flagrantes</strong></span> <span class='ocrx_word' id='word_1_313' title='bbox 1513 3648 1640 3736; x_wconf 81' lang='lat' dir='ltr'><strong>inopia</strong></span> 
     </span>
     <span class='ocr_line' id='line_1_32' title="bbox 231 3750 1638 3839; baseline 0.004 -21"><span class='ocrx_word' id='word_1_314' title='bbox 231 3762 271 3818; x_wconf 84' lang='lat' dir='ltr'><strong>et</strong></span> <span class='ocrx_word' id='word_1_315' title='bbox 287 3750 517 3837; x_wconf 84' lang='lat' dir='ltr'><strong>cupidinibus</strong></span> <span class='ocrx_word' id='word_1_316' title='bbox 527 3754 550 3815; x_wconf 89' lang='lat' dir='ltr'><strong>i.</strong></span> <span class='ocrx_word' id='word_1_317' title='bbox 564 3776 592 3817; x_wconf 93' lang='lat' dir='ltr'><strong>e.</strong></span> <span class='ocrx_word' id='word_1_318' title='bbox 604 3754 756 3839; x_wconf 87' lang='lat' dir='ltr'><strong>incensi,</strong></span> <span class='ocrx_word' id='word_1_319' title='bbox 777 3754 937 3818; x_wconf 81' lang='lat' dir='ltr'><strong>lucentes.</strong></span> <span class='ocrx_word' id='word_1_320' title='bbox 959 3751 1020 3815; x_wconf 87' lang='lat' dir='ltr'><strong>cir.</strong></span> <span class='ocrx_word' id='word_1_321' title='bbox 1030 3752 1101 3815; x_wconf 86' lang='lat' dir='ltr'><strong>Cic.</strong></span> <span class='ocrx_word' id='word_1_322' title='bbox 1108 3752 1191 3836; x_wconf 89' lang='lat' dir='ltr'><strong>Epp.</strong></span> <span class='ocrx_word' id='word_1_323' title='bbox 1205 3753 1249 3814; x_wconf 85' lang='lat' dir='ltr'><strong>ad</strong></span> <span class='ocrx_word' id='word_1_324' title='bbox 1260 3752 1360 3817; x_wconf 81' lang='lat' dir='ltr'><strong>Attio.</strong></span> <span class='ocrx_word' id='word_1_325' title='bbox 1373 3770 1403 3831; x_wconf 75' lang='grc'><strong>4.</strong></span> <span class='ocrx_word' id='word_1_326' title='bbox 1415 3756 1478 3818; x_wconf 89' lang='lat' dir='ltr'><strong>ult.</strong></span> <span class='ocrx_word' id='word_1_327' title='bbox 1494 3756 1638 3823; x_wconf 74' lang='lat' dir='ltr'><strong>infamio</strong></span> 
     </span>
     <span class='ocr_line' id='line_1_33' title="bbox 235 3858 1639 3948; baseline 0 -24"><span class='ocrx_word' id='word_1_328' title='bbox 235 3868 270 3924; x_wconf 87' lang='lat' dir='ltr'><strong>et</strong></span> <span class='ocrx_word' id='word_1_329' title='bbox 292 3859 443 3934; x_wconf 78' lang='lat' dir='ltr'><strong>invidia3</strong></span> <span class='ocrx_word' id='word_1_330' title='bbox 463 3860 548 3923; x_wconf 90' lang='lat' dir='ltr'><strong>Hor.</strong></span> <span class='ocrx_word' id='word_1_331' title='bbox 572 3860 668 3923; x_wconf 86' lang='lat' dir='ltr'><strong>Satir.</strong></span> <span class='ocrx_word' id='word_1_332' title='bbox 687 3876 716 3937; x_wconf 76' lang='grc'><strong>4.</strong></span> <span class='ocrx_word' id='word_1_333' title='bbox 735 3872 765 3927; x_wconf 72' lang='lat' dir='ltr'><strong>a.</strong></span> <span class='ocrx_word' id='word_1_334' title='bbox 789 3862 841 3924; x_wconf 77' lang='lat' dir='ltr'><strong>ab.</strong></span> <span class='ocrx_word' id='word_1_335' title='bbox 862 3864 1000 3923; x_wconf 88' lang='lat' dir='ltr'><strong>rumore</strong></span> <span class='ocrx_word' id='word_1_336' title='bbox 1019 3858 1127 3936; x_wconf 80' lang='lat' dir='ltr'><strong>ma103</strong></span> <span class='ocrx_word' id='word_1_337' title='bbox 1149 3860 1239 3924; x_wconf 86' lang='lat' dir='ltr'><strong>Flor.</strong></span> <span class='ocrx_word' id='word_1_338' title='bbox 1263 3862 1367 3940; x_wconf 80' lang='lat'><strong>2.18;</strong></span> <span class='ocrx_word' id='word_1_339' title='bbox 1388 3861 1583 3948; x_wconf 86' lang='lat' dir='ltr'><strong>ignominia</strong></span> <span class='ocrx_word' id='word_1_340' title='bbox 1604 3868 1639 3928; x_wconf 87' lang='lat' dir='ltr'><strong>et</strong></span> 
     </span>
     <span class='ocr_line' id='line_1_34' title="bbox 234 3957 1639 4052; baseline 0.001 -27"><span class='ocrx_word' id='word_1_341' title='bbox 234 3957 460 4049; x_wconf 79' lang='lat' dir='ltr'><strong>pudore3ja&#39;m</strong></span> <span class='ocrx_word' id='word_1_342' title='bbox 470 3958 595 4046; x_wconf 82' lang='lat' dir='ltr'><strong>inopia</strong></span> <span class='ocrx_word' id='word_1_343' title='bbox 604 3966 877 4051; x_wconf 82' lang='lat' dir='ltr'><strong>aliquistlagrare</strong></span> <span class='ocrx_word' id='word_1_344' title='bbox 887 3964 1014 4029; x_wconf 90' lang='lat' dir='ltr'><strong>dicitur</strong></span> <span class='ocrx_word' id='word_1_345' title='bbox 1019 3965 1255 4049; x_wconf 83' lang='lat' dir='ltr'><strong>‚quiegestate</strong></span> <span class='ocrx_word' id='word_1_346' title='bbox 1264 3967 1458 4052; x_wconf 88' lang='lat' dir='ltr'><strong>compulsus</strong></span> <span class='ocrx_word' id='word_1_347' title='bbox 1466 3970 1557 4034; x_wconf 89' lang='lat' dir='ltr'><strong>nihil</strong></span> <span class='ocrx_word' id='word_1_348' title='bbox 1565 3984 1639 4028; x_wconf 85' lang='lat' dir='ltr'><strong>non</strong></span> 
     </span>
     <span class='ocr_line' id='line_1_35' title="bbox 124 4050 1639 4159; baseline -0.001 -25"><span class='ocrx_word' id='word_1_349' title='bbox 124 4058 127 4063; x_wconf 30' lang='lat'>³</span> <span class='ocrx_word' id='word_1_350' title='bbox 235 4070 506 4151; x_wconf 80' lang='lat' dir='ltr'><strong>audereparatus</strong></span> <span class='ocrx_word' id='word_1_351' title='bbox 516 4078 575 4133; x_wconf 87' lang='lat' dir='ltr'><strong>est.</strong></span> <span class='ocrx_word' id='word_1_352' title='bbox 587 4050 776 4158; x_wconf 73' lang='lat' dir='ltr'><strong>exagitoti.</strong></span> <span class='ocrx_word' id='word_1_353' title='bbox 788 4070 848 4136; x_wconf 85' lang='lat' dir='ltr'><strong>cir.</strong></span> <span class='ocrx_word' id='word_1_354' title='bbox 860 4072 995 4155; x_wconf 54' lang='lat' dir='ltr'><strong>Catil„</strong></span> <span class='ocrx_word' id='word_1_355' title='bbox 1008 4089 1095 4152; x_wconf 91' lang='lat' dir='ltr'><strong>quos</strong></span> <span class='ocrx_word' id='word_1_356' title='bbox 1110 4068 1286 4156; x_wconf 81' lang='lat' dir='ltr'><strong>flagitium,</strong></span> <span class='ocrx_word' id='word_1_357' title='bbox 1296 4084 1425 4159; x_wconf 86' lang='lat' dir='ltr'><strong>egestas</strong></span> <span class='ocrx_word' id='word_1_358' title='bbox 1439 4084 1471 4137; x_wconf 84' lang='lat' dir='ltr'><strong>et</strong></span> <span class='ocrx_word' id='word_1_359' title='bbox 1481 4067 1639 4136; x_wconf 81' lang='lat' dir='ltr'><strong>conscius</strong></span> 
     </span>
     <span class='ocr_line' id='line_1_36' title="bbox 236 4170 1637 4263; baseline -0.001 -25"><span class='ocrx_word' id='word_1_360' title='bbox 236 4173 374 4238; x_wconf 84' lang='lat' dir='ltr'><strong>animus</strong></span> <span class='ocrx_word' id='word_1_361' title='bbox 383 4177 584 4260; x_wconf 86' lang='lat' dir='ltr'><strong>exagitabat.</strong></span> <span class='ocrx_word' id='word_1_362' title='bbox 593 4170 790 4240; x_wconf 83' lang='lat' dir='ltr'><strong>Saturnini</strong></span> <span class='ocrx_word' id='word_1_363' title='bbox 794 4172 892 4243; x_wconf 86' lang='lat' dir='ltr'><strong>olim.</strong></span> <span class='ocrx_word' id='word_1_364' title='bbox 901 4176 990 4238; x_wconf 88' lang='lat' dir='ltr'><strong>Plut.</strong></span> <span class='ocrx_word' id='word_1_365' title='bbox 999 4178 1141 4256; x_wconf 61' lang='lat' dir='ltr'><strong>Marad.</strong></span> <span class='ocrx_word' id='word_1_366' title='bbox 1153 4195 1210 4259; x_wconf 74' lang='lat'><strong>²93</strong></span> <span class='ocrx_word' id='word_1_367' title='bbox 1224 4181 1309 4263; x_wconf 76' lang='lat' dir='ltr'><strong>App.</strong></span> <span class='ocrx_word' id='word_1_368' title='bbox 1318 4182 1362 4243; x_wconf 91' lang='lat' dir='ltr'><strong>de</strong></span> <span class='ocrx_word' id='word_1_369' title='bbox 1371 4184 1405 4241; x_wconf 87' lang='lat' dir='ltr'><strong>B.</strong></span> <span class='ocrx_word' id='word_1_370' title='bbox 1417 4173 1637 4272; x_wconf 62' lang='lat' dir='ltr'><strong>Cium-33.</strong></span> 
     </span>
     <span class='ocr_line' id='line_1_37' title="bbox 237 4279 1636 4369; baseline 0.002 -26"><span class='ocrx_word' id='word_1_371' title='bbox 237 4280 337 4346; x_wconf 75' lang='lat' dir='ltr'><strong>Oros.</strong></span> <span class='ocrx_word' id='word_1_372' title='bbox 358 4282 388 4345; x_wconf 84' lang='lat'><strong>⁵.</strong></span> <span class='ocrx_word' id='word_1_373' title='bbox 408 4282 461 4363; x_wconf 73' lang='lat'><strong>¹⁶5</strong></span> <span class='ocrx_word' id='word_1_374' title='bbox 480 4279 547 4351; x_wconf 86' lang='lat' dir='ltr'><strong>Cic.</strong></span> <span class='ocrx_word' id='word_1_375' title='bbox 562 4284 607 4349; x_wconf 88' lang='lat' dir='ltr'><strong>de</strong></span> <span class='ocrx_word' id='word_1_376' title='bbox 626 4282 769 4369; x_wconf 84' lang='lat' dir='ltr'><strong>Harusp.</strong></span> <span class='ocrx_word' id='word_1_377' title='bbox 781 4284 881 4369; x_wconf 87' lang='lat' dir='ltr'><strong>llesp.</strong></span> <span class='ocrx_word' id='word_1_378' title='bbox 897 4284 1070 4368; x_wconf 77' lang='lat' dir='ltr'><strong>c.203&#39;.pm</strong></span> <span class='ocrx_word' id='word_1_379' title='bbox 1083 4283 1199 4353; x_wconf 85' lang='lat' dir='ltr'><strong>Sextio</strong></span> <span class='ocrx_word' id='word_1_380' title='bbox 1213 4303 1323 4369; x_wconf 53' lang='lat'><strong>1747,</strong></span> <span class='ocrx_word' id='word_1_381' title='bbox 1340 4281 1439 4346; x_wconf 86' lang='lat' dir='ltr'><strong>Catil.</strong></span> <span class='ocrx_word' id='word_1_382' title='bbox 1460 4298 1492 4361; x_wconf 83' lang='grc'><strong>4.</strong></span> <span class='ocrx_word' id='word_1_383' title='bbox 1511 4296 1551 4359; x_wconf 69' lang='grc' dir='ltr'><strong>η</strong></span> <span class='ocrx_word' id='word_1_384' title='bbox 1569 4297 1636 4365; x_wconf 80' lang='lat' dir='ltr'><strong>pro</strong></span> 
     </span>
     <span class='ocr_line' id='line_1_38' title="bbox 1311 4395 1336 4443; baseline 0 -15"><span class='ocrx_word' id='word_1_385' title='bbox 1311 4395 1336 4443; x_wconf 57' lang='lat' dir='ltr'><strong>qs</strong></span> 
     </span>
    </p>
   </div>
   <div class='ocr_carea' id='block_1_9' title="bbox 0 0 2030 5009">
    <p class='ocr_par' dir='ltr' id='par_1_9' title="bbox 0 0 2030 5009">
     <span class='ocr_line' id='line_1_39' title="bbox 0 0 2030 5009; baseline 0 0"><span class='ocrx_word' id='word_1_386' title='bbox 0 0 2030 5009; x_wconf 95' lang='lat' dir='ltr'><strong> </strong></span> 
     </span>
    </p>
   </div>
  </div>
 </body>
</html>
