4050 5009
1519 394 1588 469 aar

81 629 82 648 ,
193 564 377 657 venditas,
401 596 519 671 quam
540 568 767 675 turpissume
787 571 938 676 parasti.
982 574 1145 660 Verum,
1166 587 1212 647 ut
1230 569 1387 676 opinor,
1410 569 1592 675 splendor

193 685 434 781 domesticus,
459 692 529 767 tibi
547 692 695 769 animos
719 694 881 788 attollit3
904 720 1003 769 uxor
1022 693 1200 800 murilega
1226 720 1271 770 ac
1290 692 1470 798 periuriis
1497 692 1592 769 deli-

81 859 82 872 ,
191 798 304 904 bula3
346 815 426 889 filia
460 816 591 891 matris
627 816 774 919 pellex,
810 816 880 892 tibi
912 815 1121 891 iucundior
1159 832 1276 919 atque
1301 816 1590 920 obsequentior,

81 909 82 930 Χ
190 959 306 1035 quam
325 939 474 1041 parenti
493 965 565 1041 par
584 954 647 1013 est
671 941 842 1013 Domum
863 939 984 1043 ipsam
998 954 1105 1013 tuam
1125 938 1162 1014 vi
1182 955 1221 1013 et
1237 940 1383 1043 rapinis
1400 940 1592 1015 funestam

190 1058 326 1134 tibiae
350 1061 426 1135 tuis
451 1061 703 1165 comparasti-2
727 1060 902 1137 videlicet
926 1061 987 1136 uti
1009 1086 1078 1135 nos
1109 1060 1449 1150 commonefacias,
1472 1090 1600 1165 quam

187 1204 366 1255 convorsa
383 1184 433 1257 sit
457 1183 693 1286 respublica,
719 1210 810 1258 cum
831 1182 875 1259 in
900 1208 944 1259 ea
970 1181 1085 1257 domo
1109 1180 1319 1275 habitares,
1342 1182 1457 1260 homo
1485 1184 1593 1290 flagi-

81 1299 82 1306 ’
188 1304 414 1396 tiosissume,
435 1332 522 1409 quae
539 1308 577 1380 P.
598 1304 740 1397 Crassi,
763 1306 837 1381 riri
856 1303 1082 1395 consularis,
1106 1304 1189 1380 fuit
1236 1308 1362 1408 Atque
1389 1305 1472 1383 baec
1502 1334 1592 1385 cum

81 1411 82 1418 ἵ
188 1423 240 1502 ita
263 1429 360 1519 sint3
386 1447 513 1505 tamen
530 1455 569 1506 se
595 1430 726 1506 Cicero
750 1428 847 1505 dicit
869 1429 911 1504 in
939 1428 1103 1504 concilio
1126 1427 1286 1503 deorum
1315 1428 1592 1505 immortalium

187 1549 299 1627 fuisse
306 1584 318 1646 ;
354 1552 446 1631 inde
471 1554 628 1630 missum
650 1552 745 1629 buic
771 1552 862 1627 urbi
884 1552 1106 1657 civibusque
1127 1550 1322 1627 custodem
1346 1553 1488 1655 absque
1509 1580 1590 1629 car-

189 1674 313 1752 nificis
330 1676 506 1767 nomine,
524 1677 594 1779 qui
618 1675 779 1757 civitatis
796 1675 1084 1752 incommodum
1109 1674 1151 1755 in
1168 1672 1328 1779 gloriam
1339 1664 1459 1751 suam'
1471 1678 1590 1781 ponit.

189 1798 308 1896 Quasi
325 1826 413 1875 vero
426 1826 506 1878 uon
525 1801 629 1879 illius
641 1799 915 1877 coniurationis
928 1824 1056 1875 caussa
1073 1798 1425 1875 fuerit-consulatus
1438 1817 1540 1893 tuus,
1553 1817 1592 1878 et

188 1922 331 2000 idcirco
341 1923 555 2027 respublica
568 1924 722 2000 disiecta
733 1951 778 2001 eo
792 1941 970 2029 tempore,
980 1949 1058 2025 quo
1073 1938 1109 1996 te
1120 1922 1313 1999 custodem
1320 1922 1494 1999 habebat
1509 1924 1590 2019 Sed,

188 2063 232 2121 ut
241 2047 399 2151 opinor,
410 2047 476 2122 illa
498 2063 535 2122 te
548 2048 665 2152 magis
679 2046 886 2136 extollunt,
903 2070 990 2149 quaa
1002 2062 1088 2149 post
1100 2045 1342 2123 consudatum
1355 2072 1445 2122 cum
1453 2049 1592 2124 Tereu-

133 2239 136 2247 ,
189 2171 239 2244 tia
261 2197 380 2246 uxore
399 2167 447 2244 de
471 2170 666 2274 republica
686 2168 926 2259 consuluisti,
951 2194 1042 2243 eum
1058 2168 1147 2271 legis
1161 2167 1320 2242 Plautiae
1333 2168 1473 2243 iudicia
1486 2168 1591 2251 domi

187 2292 390 2369 faciebatis:
407 2319 451 2367 ex
464 2289 671 2366 coniuratis
683 2290 776 2365 alios
788 2306 919 2381 morte,
931 2290 1025 2365 alios
1032 2288 1591 2392 pecunia-condemnabaucum

81 2457 82 2494 r
189 2417 258 2491 tibi
277 2416 375 2491 aliua
385 2415 661 2499 Tusculanam,
683 2413 781 2488 alius
798 2412 1069 2517 Pompeianam
1090 2412 1221 2485 villam
1238 2412 1468 2505 aedificabat,
1494 2414 1591 2493 alius

189 2538 348 2615 domum
366 2538 532 2629 emebat3
547 2537 616 2639 qui
630 2563 763 2614 verum
777 2533 878 2610 nibil
897 2550 1062 2638 poterat,
1087 2535 1117 2621 is
1132 2550 1220 2610 erat
1232 2536 1434 2615 calumniae
1450 2564 1592 2640 proxu-

189 2689 290 2751 mus,
302 2662 332 2740 is
345 2677 414 2736 aut
428 2660 586 2737 domum
595 2676 711 2734 tuam
727 2674 993 2762 oppugnatum
1007 2672 1180 2743 venerat,
1193 2671 1260 2731 aut
1277 2657 1430 2737 insidias
1442 2661 1591 2737 senatui

189 2786 346 2875 lecerat,
370 2767 536 2886 denique
553 2781 600 2858 de
622 2808 665 2857 eo
683 2781 753 2854 tibi
770 2796 1008 2883 compertum
1023 2796 1112 2855 erat
1138 2778 1236 2875 Quae
1254 2780 1285 2853 si
1300 2779 1370 2858 tibi
1383 2778 1475 2857 falsa
1493 2782 1618 2864 obii-t

189 2910 267 2996 cio,
302 2908 418 2983 redde
441 2906 649 2993 rationem,
681 2919 874 3005 quantum
898 2901 1121 3005 patrimonii
1151 2903 1364 3007 acceperis,
1396 2904 1492 3011 quid
1520 2904 1591 2981 tibi

190 3032 322 3109 litibus
336 3030 562 3119 accreverit„
588 3054 665 3130 qua
687 3025 734 3101 ex
749 3024 914 3129 pecunia
939 3028 1096 3105 domum
1111 3026 1592 3129 paraveris,Tusculanum

188 3173 225 3231 et
245 3155 521 3257 Pompeianum
544 3151 697 3225 infinito
721 3165 879 3253 sumptu
898 3146 1166 3224 aedificaveris?
1200 3152 1296 3237 Aut,
1313 3148 1345 3222 si
1366 3150 1513 3239 retices,
1526 3152 1591 3227 cui

191 3280 355 3355 dubium
375 3293 444 3367 est,
464 3266 560 3377 quin
581 3264 818 3378 opulentiam
834 3270 943 3344 istam
957 3296 1003 3345 ex
1023 3262 1207 3374 sanguine
1224 3287 1262 3347 et
1275 3272 1432 3347 miseriis
1448 3273 1590 3351 civium
1719 3368 1728 3381 Ι

149 3409 151 3412 ’
192 3402 403 3505 paraveris?
426 3402 593 3488 Verum,
611 3392 656 3470 ut
676 3395 831 3498 opinor,
854 3391 971 3468 bomo
996 3418 1116 3468 novus
1136 3394 1316 3497 Arpinas,
1341 3421 1387 3469 ex
1411 3398 1448 3479 C,
1476 3396 1589 3479 Marii

194 3526 360 3614 familia,
384 3525 464 3604 eius
483 3523 662 3603 virtutem
676 3500 878 3609 ,imitatum
900 3517 1112 3602 contemnit
1130 3517 1359 3607 simultates,
1383 3517 1588 3602 bominum
1658 3508 1666 3527 ⁰

196 3748 267 3831 Cup.
285 3772 313 3817 a.
335 3750 449 3810 animos
467 3747 543 3809 tollit
562 3746 623 3806 Bas.
644 3746 703 3809 inc,
725 3743 810 3804 llam,
830 3749 916 3819 utque
929 3740 1068 3821 pecuariis
1087 3739 1202 3805 laide.
1224 3740 1277 3799 tibi
1289 3738 1450 3801 iucundior
1468 3740 1549 3801 Laid.
1560 3761 1587 3801 c.

191 3850 250 3921 Bas.
271 3856 417 3916 habitores
435 3854 516 3913 Laid.
537 3875 563 3913 c.
584 3849 663 3910 Gud.
684 3846 735 3911 dc.
755 3846 815 3907 inc.
834 3844 918 3904 Rem.
941 3843 1056 3903 hubs'tus
1075 3844 1148 3902 olim
1166 3842 1288 3909 editum.
1308 3853 1407 3903 umen
1425 3863 1455 3903 se
1468 3841 1588 3911 Cicero,

196 3957 299 4022 Cicero
314 3960 386 4021 dicit
406 3970 531 4040 quatuor
545 3956 647 4022 Corui.
668 3950 749 4016 Leia.
761 3970 788 4012 c.
813 3946 916 4009 Cicero
935 3968 966 4008 se
983 3952 1083 4029 vulgo.
1103 3949 1156 4007 sed
1174 3947 1279 4027 opinor
1294 3948 1347 4008 illo
1367 3948 1495 4008 Gudian.
1512 3948 1589 4034 ulios

195 4076 287 4126 morte
306 4052 366 4125 om.
386 4064 448 4124 Bas.
468 4072 593 4145 quatuor
611 4056 693 4123 cort.
713 4052 851 4116 Oudend.
872 4072 974 4113 omnes
992 4056 1119 4112 Veneta.
1151 4051 1347 4111 lineolarum
1366 4053 1488 4131 plurimi
1506 4050 1588 4113 (lert.

197 4171 394 4248 reaedificabat
412 4168 474 4227 lias.
492 4203 535 4220 -
557 4161 630 4243 Cup,
642 4161 670 4222 ὅ.
689 4167 780 4239 potest
797 4156 919 4220 dutum
931 4175 988 4217 esto
1002 4157 1061 4219 ine.
1080 4163 1172 4233 polest
1189 4174 1246 4213 esse
1257 4155 1326 4214 dub.
1349 4153 1399 4214 dc.
1416 4154 1494 4215 Gud.
1507 4154 1588 4219 Laid.

198 4298 223 4339 c.
243 4276 292 4336 eui
305 4274 426 4335 <lisbium
442 4281 481 4333 est
501 4270 562 4334 llas.
583 4286 620 4329 ex
641 4261 786 4344 sunguine
806 4270 833 4321 sl
852 4258 975 4320 uiderit}
992 4260 1035 4322 ita
1057 4258 1160 4321 vetusti
1179 4257 1296 4343 Popmae
1322 4257 1399 4318 libri.
1421 4256 1517 4317 Guell.
1538 4258 1587 4321 tle.

1094 4379 1141 4451 36
