4050 5009
522 561 626 643 foeda
645 563 754 668 fuga,
778 560 953 666 plerique
977 555 1130 636 abiectis
1147 556 1280 648 armis,
1302 584 1535 662 proxumum
1566 556 1701 634 collem
1721 577 1926 660 occupave-

524 715 575 765 re
623 681 708 763 Nox
731 701 847 788 aupue
870 681 999 788 pracda
1018 698 1228 758 castrorum
1249 678 1382 772 hostis,
1408 709 1486 786 quo
1509 681 1638 758 miuus
1663 677 1821 754 victoria
1847 695 1926 756 ute-

503 827 680 901 rentur,
701 825 890 886 remorata
905 822 1005 882 sunt.
1042 803 1192 880 Deinde
1212 803 1397 910 Iugurtha
1418 823 1566 910 postero
1589 805 1651 881 die
1668 831 1759 880 cum
1770 801 1871 882 Aulo
1887 803 1927 878 in

466 1017 469 1024 ,
524 934 719 1038 colloquio
739 935 853 1010 rerba
876 930 982 1007 facit:
1009 929 1156 1005 tametsi
1181 928 1307 1034 ipsum
1332 955 1422 1004 cum
1442 929 1609 1006 exercitu
1631 928 1732 1004 fame
1752 927 1928 1030 ferroque

527 1059 703 1136 clausum
730 1072 858 1132 tenet:
883 1071 1011 1129 tamen
1027 1079 1066 1129 se
1081 1051 1340 1129 humanarum
1357 1081 1486 1130 rerum
1510 1081 1736 1146 memorem,
1759 1052 1790 1128 si
1803 1079 1928 1128 secum

527 1181 653 1260 foedus
678 1181 839 1269 faceret,
865 1179 1075 1254 incolumes
1095 1178 1218 1253 omnio
1239 1179 1312 1252 sub
1336 1177 1468 1284 iugum
1493 1179 1713 1254 missurum:
1740 1191 1919 1281 preterea

527 1307 587 1384 uti
617 1305 753 1384 diebus
782 1304 912 1380 decem
942 1300 1124 1378 Numidia
1159 1300 1362 1378 decederet.
1415 1303 1512 1401 Quae
1538 1329 1775 1408 quamquam
1804 1302 1928 1407 gravia

527 1447 568 1510 et
586 1429 722 1537 flagicii
745 1427 859 1533 plena
882 1442 1017 1503 erant:
1044 1442 1187 1517 tamen,
1206 1426 1297 1530 quia
1321 1426 1453 1503 mortis
1477 1444 1584 1506 metu
1602 1426 1931 1520 mutabantur,si·

482 1555 610 1648 Speuti
632 1555 711 1660 regi
744 1553 944 1643 lubucrat‚
971 1577 1048 1655 pax
1069 1549 1255 1626 convenit.
1306 1549 1380 1626 Sed
1410 1551 1479 1628 ubi
1514 1576 1557 1627 ea
1588 1552 1717 1626 Romae
1740 1567 1930 1658 comperta

528 1695 648 1769 eunt,
690 1693 813 1752 metus
841 1691 958 1778 atque
987 1699 1131 1749 moeror
1153 1672 1344 1748 civitatem
1372 1673 1563 1750 invasere:
1597 1699 1684 1779 pars
1706 1674 1836 1752 dolere
1864 1702 1931 1778 pro

495 1811 502 1818 “
529 1801 650 1908 gloria
678 1797 856 1903 imperii:
884 1823 973 1901 pars
993 1795 1146 1872 insolita
1168 1822 1296 1870 rerum
1321 1796 1550 1872 bellicarum
1581 1799 1715 1880 timere
1746 1797 1932 1874 libertati:

530 1924 630 2000 Aulo
650 1939 780 1999 omnes
792 1920 942 2010 infesti,
967 1947 1011 1994 ac
1026 1946 1223 2008 maxume,
1246 1920 1318 2022 qui,
1336 1919 1438 1996 bello
1458 1945 1556 2025 eaepe
1570 1922 1746 2026 proeclari
1762 1921 1934 2016 meunt,

530 2047 637 2151 quod
662 2062 831 2121 armatus
856 2043 1037 2118 dedecore
1063 2041 1190 2148 potius
1216 2069 1333 2146 quam
1362 2071 1483 2120 manu
1511 2043 1674 2122 salutem
1705 2048 1933 2151 quaesiverat„

530 2173 595 2250 Ob
619 2199 664 2246 ea
682 2169 824 2247 Consul
849 2167 1012 2242 Albinus
1036 2193 1083 2242 ex
1105 2167 1245 2242 delicto
1263 2167 1391 2243 fratris
1412 2168 1597 2244 invidiam
1618 2195 1663 2244 ac
1681 2170 1822 2248 deinde
1838 2171 1934 2277 peri-

532 2298 667 2374 culum
691 2295 850 2382 timens,
877 2293 1060 2366 Senatum
1078 2290 1127 2366 de
1152 2291 1293 2366 foedere
1312 2292 1552 2384 consulebat,
1574 2308 1760 2371 ettamen
1781 2295 1934 2374 interim

532 2417 715 2497 exercitui
741 2416 1053 2521 supplementum
1072 2414 1256 2504 scribere,
1280 2415 1330 2490 ab
1347 2415 1455 2492 sociis
1473 2433 1512 2492 et
1531 2417 1688 2494 nomine
1714 2419 1853 2496 Latino
1870 2447 1934 2496 au·

533 2543 627 2620 xilia
650 2565 864 2628 accersere,
902 2537 1069 2640 (lenique
1101 2538 1280 2614 omnibus
1301 2538 1424 2614 modio
1446 2540 1634 2618 festinare.
1684 2544 1844 2620 Senatm
1863 2545 1934 2634 ita,

535 2666 595 2742 uti
612 2663 845 2769 profuerat,
863 2661 1055 2752 decernit,
1082 2685 1151 2736 suo
1167 2678 1283 2766 alque
1295 2663 1432 2770 populi
1453 2663 1601 2742 iniussu
1618 2665 1774 2744 nullum
1795 2668 1935 2773 potule-

536 2871 621 2930 llem.
635 2891 659 2928 ι.
682 2871 781 2928 Franc.
812 2864 970 2932 Vratiel.3.
990 2865 1117 2948 eruperit
1137 2865 1216 2926 Leid.
1233 2869 1254 2926 l.
1276 2865 1370 2928 noelri
1381 2868 1511 2949 plerique
1522 2871 1620 2947 foedo
1648 2869 1711 2932 Bas.
1727 2893 1752 2932 1.
1785 2872 1935 2951 verbose-

536 2974 578 3035 cie
599 2972 668 3054 Τις.
684 2970 746 3030 Bau
759 2992 785 3028 1.
806 2968 875 3030 Tur.
898 2970 1134 3030 daummleneol
1154 2969 1251 3030 Guell‘.
1263 2975 1290 3034 ὅ.
1303 2993 1349 3032 ιι.
1368 2971 1449 3032 Leid.
1469 2995 1498 3056 g.
1518 2975 1632 3055 aliquot
1651 2975 1740 3039 Ririi.
1752 2978 1934 3056 fuoreserro

537 3075 636 3141 Guell.
647 3097 676 3156 9.
693 3077 753 3134 inc.
767 3093 795 3134 a.
819 3074 911 3132 blark.
929 3085 965 3136 Δ.
977 3075 1066 3150 suone
1079 3077 1145 3152 ets.
1166 3074 1229 3135 Bar.
1249 3095 1275 3136 ι.
1292 3075 1320 3148 4.
1345 3076 1397 3138 Ac.
1419 3077 1515 3141 struv.
1530 3078 1615 3140 Rem.
1632 3101 1658 3139 1.
1679 3081 1784 3143 Frauc.
1806 3081 1891 3144 Beru-
1908 3085 1933 3145 3.

528 3179 728 3261 foedassecit
746 3176 827 3238 leid.
842 3181 862 3235 1.
881 3197 911 3237 ee
928 3197 1086 3238 memorem
1104 3179 1166 3238 Bas.
1181 3201 1206 3238 ι.
1218 3179 1248 3251 A.
1269 3178 1339 3241 Tur.
1364 3181 1450 3242 Bern.
1464 3183 1528 3246 ι.3.
1555 3184 1607 3246 rub
1621 3184 1689 3266 iugo
1712 3187 1781 3253 vin.
1803 3209 1828 3254 ι.
1857 3188 1933 3250 Vnt

538 3287 568 3381 ξ.
587 3284 714 3350 Numid.
729 3283 801 3344 dr‘sc.
822 3281 884 3341 Bas.
903 3281 1064 3361 r.flugilio
1079 3284 1168 3363 pleno
1187 3283 1270 3344 Leid.
1283 3286 1303 3345 f.
1314 3309 1344 3369 g.
1355 3287 1384 3346 k.
1406 3289 1597 3350 merebamur
1616 3291 1714 3352 Guelf.
1727 3294 1864 3375 ¹·²·l·9·
1885 3296 1935 3355 Pa-

537 3392 610 3452 bric.
623 3413 649 3450 ι.
670 3388 721 3453 Ac.
741 3389 836 3448 Strur.
858 3389 918 3448 inc.
929 3406 957 3445 a.
977 3386 1081 3448 Frano.
1101 3387 1218 3449 γωδ.
1236 3388 1316 3454 Leid.
1327 3411 1354 3455 o.
1367 3388 1397 3449 b.
1409 3391 1439 3452 d.
1451 3389 1482 3451 h.
1495 3395 1514 3452 i.
1529 3393 1556 3459 k.
1572 3415 1615 3454 m.
1634 3395 1733 3462 Narar.
1752 3407 1782 3458 ot
1794 3399 1851 3458 Pal.
1872 3417 1897 3458 a.
1907 3397 1933 3457 8.

538 3497 669 3577 quinqpe
682 3493 806 3564 Wassii,
824 3493 954 3571 quinque
971 3490 1056 3552 Pario.
1076 3490 1138 3556 Bas.
1157 3511 1182 3552 ι.
1194 3493 1222 3566 4.
1242 3493 1339 3556 Turio.
1366 3495 1580 3558 miru'tobontur
1598 3500 1695 3560 Sonat.
1708 3521 1733 3560 ι.
1756 3502 1825 3568 vin.
1839 3525 1863 3563 r.
1884 3507 1935 3564 Fr·

537 3599 612 3659 bric.
628 3618 657 3658 ι.
677 3596 757 3655 Leid.
769 3599 824 3656 c.l.
845 3595 930 3655 Bern.
946 3593 976 3655 3.
996 3596 1197 3659 nullabantur
1217 3599 1319 3659 incert.
1340 3622 1366 3662 ι.
1389 3601 1486 3664 Guell.
1500 3625 1530 3684 7.
1551 3601 1610 3664 Pal.
1622 3605 1651 3665 5.
1680 3605 1852 3670 tenebamur
1871 3607 1933 3668 licc-

541 3701 639 3764 Guell'.
652 3721 698 3763 ιο.
710 3719 756 3759 12.
783 3700 865 3759 Leid.
881 3721 906 3760 e.
919 3701 939 3758 l'.
970 3699 1028 3759 Pal.
1040 3721 1067 3781 7.
1088 3700 1172 3768 Bern.
1186 3723 1211 3762 ι.
1238 3705 1389 3767 erebum
1409 3705 1506 3766 Guell.
1528 3727 1574 3768 ιι.
1594 3709 1775 3790 cogebantur
1795 3712 1891 3776 Vmor.
1907 3732 1932 3770 ι.

542 3807 624 3868 leid.
638 3827 667 3888 g.
686 3803 843 3883 cogebatur
861 3805 940 3864 Vrat,
954 3823 981 3870 ι.
1001 3806 1247 3884 ougrutiobontur
1266 3808 1333 3870 Seu.
1346 3831 1373 3871 ι.
1384 3811 1484 3888 Heuse.
1506 3813 1688 3893 urgebamur
1705 3815 1786 3878 Vnt.
1804 3838 1830 3878 ι.
1850 3837 1932 3898 ruge

544 3912 631 3971 batur
652 3909 738 3968 Palat.
755 3909 784 3966 6.
804 3906 907 3967 mortio
921 3909 1084 3968 metuebant
1099 3911 1230 3990 periculo
1254 3912 1351 3981 Guell'.
1369 3921 1397 3980 ὅ.
1426 3919 1612 3980 terrebuntur
1641 3919 1723 3980 Leid.
1739 3943 1767 3982 u.
1788 3923 1932 3984 mutabam

542 4018 641 4097 plures
654 4011 732 4088 libri,
752 4023 819 4074 leue
831 4011 924 4077 nivio.
946 4021 1025 4072 melu
1035 4015 1137 4076 mortio
1154 4017 1223 4078 Tur.

627 4139 701 4220 Cup.
713 4140 763 4221 39.
789 4159 862 4220 eope
876 4140 955 4200 clari
973 4143 1034 4202 inc.
1050 4162 1076 4202 ι.
1094 4143 1162 4206 Ecc.
1182 4144 1279 4208 Guell.
1290 4151 1318 4211 3.
1335 4167 1381 4210 ιι.
1400 4150 1481 4212 Leid.
1492 4155 1514 4217 l.
1530 4171 1587 4232 per
1600 4155 1762 4220 dedecora,
1782 4157 1929 4220 Febrim.

544 4245 715 4327 puniuerat
732 4249 822 4328 louge
833 4244 956 4325 plurimi
968 4245 1047 4308 libri.
1068 4247 1210 4327 quoeer'eril
1229 4252 1295 4328 alii,
1307 4251 1340 4316 iu
1354 4253 1435 4337 quib.
1455 4255 1524 4339 Τις.
1545 4256 1642 4324 Turie,
1663 4261 1792 4341 qwtpfp
1809 4263 1885 4326 md,
1904 4261 1930 4324 d,
