4050 5009
1575 440 1639 515 107

236 614 270 672 et
290 606 406 670 omnia
421 607 642 693 pervestigat,
666 616 705 672 ut
730 606 892 676 inveniat.
918 611 1120 696 Quanquam
1146 609 1213 671 boc
1238 614 1380 673 nonest
1404 602 1641 695 diffitendum,

234 712 343 776 multa
365 712 405 776 in
421 714 487 779 bac
508 713 656 797 epistola
674 725 832 780 enarrata
848 716 959 789 multo
973 713 1119 800 propius
1139 715 1184 776 ad
1197 733 1316 779 verum
1336 717 1515 800 accedere,
1536 736 1641 799 quam

233 836 311 900 quse
335 839 357 884 a
375 817 497 894 ceteris
517 840 633 886 rerum
653 821 879 908 scriptoribus
901 820 1077 889 memorias
1097 818 1236 907 prodita
1257 828 1345 883 sunt.
1371 820 1519 887 salustio
1546 822 1640 889 enim

231 932 392 1011 excepto,
418 926 478 991 vin
497 927 592 991 ullus
610 947 727 993 rerum
747 932 984 993 Romanarum
1003 941 1122 991 auctor
1141 947 1162 989 a
1186 946 1222 991 se
1241 926 1425 1010 impetrare
1440 928 1573 1012 potuit,
1601 936 1642 991 ut

230 1038 367 1095 sensim
396 1032 549 1097 Romani
576 1034 834 1098 fraudulentam
862 1030 1054 1099 amicitiam
1080 1040 1115 1097 et
1142 1039 1262 1097 catera
1287 1032 1455 1096 dedecora
1479 1030 1640 1117 aperiret.

228 1135 331 1201 Dum
340 1160 365 1201 o
378 1134 748 1225 Carthaginiensibus
757 1138 1020 1221 premebantur
1035 1136 1172 1217 nullus,
1193 1144 1360 1221 quantum
1373 1136 1533 1220 equidem
1549 1138 1639 1223 scio,

148 1310 154 1321 ‚
225 1256 349 1304 rerum
371 1241 534 1325 scriptor,
561 1242 769 1306 Antiochum
784 1242 857 1322 J'am
885 1242 973 1309 belli
992 1243 1119 1307 Punici
1143 1252 1300 1330 tempora
1320 1242 1437 1307 Asiam
1458 1262 1641 1329 occupasse

226 1344 348 1409 tradit.
367 1346 437 1410 Sed
456 1346 524 1410 hoc
549 1346 659 1411 serius
680 1346 808 1413 factum
827 1346 921 1415 testis
936 1356 987 1418 est
1004 1348 1078 1413 Ην.
1097 1348 1122 1410 1.
1138 1352 1189 1413 33.
1208 1368 1236 1413 c.
1253 1351 1305 1413 38.
1325 1354 1376 1431 ³9·
1400 1366 1451 1429 44.
1471 1357 1506 1413 et
1537 1354 1586 1413 bs.
1610 1350 1640 1413 8.

225 1468 260 1512 a.
277 1449 442 1513 CXCVIII
457 1469 488 1513 a.
507 1449 570 1513 Cb.
586 1472 621 1513 u.
641 1450 715 1517 imo
735 1461 836 1517 antea
852 1452 937 1519 talia
955 1473 1001 1518 ue
1016 1454 1136 1518 conari
1149 1454 1291 1538 quidem
1308 1455 1423 1540 potuit
1442 1455 1641 1539 Antiochus,

226 1574 308 1645 cum
329 1553 420 1619 etin
445 1553 582 1621 Parthis
606 1556 824 1622 debellandis
846 1572 880 1625 et
905 1559 946 1625 ia
973 1558 1159 1647 Coelesyria
1182 1571 1216 1625 ct
1239 1561 1420 1628 Palaestina
1443 1564 1643 1646 occupanda

225 1668 414 1744 occupatus
431 1659 547 1725 fuerit.
575 1660 651 1725 Ην.
675 1666 726 1726 ss.
745 1664 782 1729 iit
801 1660 1006 1730 amicitiam
1023 1659 1254 1753 simulantes,
1271 1666 1349 1732 lieri
1363 1674 1496 1753 potest,
1517 1676 1555 1731 ut
1572 1668 1642 1729 Ro-

225 1764 327 1830 mani
346 1766 454 1851 legati
474 1775 548 1830 tum
574 1768 739 1854 temporis
766 1770 938 1835 Antiocho
958 1771 1208 1855 persuaserint,
1229 1792 1266 1837 sc
1282 1774 1350 1837 hoc
1367 1772 1528 1837 amicitie
1543 1772 1641 1853 dare,

223 1874 324 1953 quod
334 1872 452 1941 Asiam
471 1874 517 1937 ab
540 1892 583 1939 eo
602 1875 765 1960 occupari
780 1884 998 1964 paterentur,
1017 1881 1078 1947 sed
1095 1896 1214 1947 resera
1233 1887 1374 1964 propter
1391 1877 1521 1943 virium
1542 1874 1641 1939 infir-

223 1976 383 2043 mitatem
407 1998 491 2043 eum
511 1988 638 2044 conatu
662 2000 735 2045 non
761 1983 1027 2067 prohibuerunt.
1055 1984 1214 2053 Ceterum
1236 1984 1346 2049 loedus
1366 1984 1541 2050 Antiocho
1561 2000 1641 2047 cum

222 2081 393 2167 Philippo
412 2083 519 2149 fuisse
536 2093 656 2149 auctor
675 2096 727 2153 est
747 2087 867 2154 Livius
888 2094 940 2153 ts.
963 2108 1022 2168 14:
1040 2092 1101 2155 sed
1115 2090 1306 2153 Antiochus
1324 2088 1489 2173 Philippo
1511 2086 1550 2149 in
1572 2088 1643 2148 Ro-

223 2205 372 2251 manum
389 2186 524 2250 bellum
537 2204 674 2269 averso,
693 2190 821 2251 multas
840 2192 927 2255 Asin
945 2192 1099 2255 civitates
1117 2193 1312 2272 ipsiusque,
1331 2210 1408 2271 quas
1430 2192 1469 2251 in
1485 2186 1645 2271 Philippi

225 2290 368 2357 ditione
391 2291 544 2376 fuerant,
564 2290 863 2359 dissimulantibus
872 2292 1041 2357 Romanis
1060 2291 1161 2376 cepit.
1180 2291 1255 2355 Ην.
1275 2294 1325 2353 33.
1344 2294 1395 2371 39.
1415 2308 1498 2353 nam
1519 2298 1554 2356 et
1573 2290 1644 2353 Ro-

223 2398 342 2463 manis
356 2398 550 2463 Antiochus
565 2397 680 2463 socius
695 2406 732 2463 et
748 2399 878 2463 amicus
892 2405 977 2465 crat.
999 2398 1059 2464 cfr.
1071 2398 1145 2462 Liv.
1163 2400 1214 2461 32.
1232 2396 1261 2461 8.
1280 2404 1313 2461 et
1330 2416 1388 2477 s7t
1408 2396 1515 2478 idque
1535 2396 1644 2461 Mith-

224 2502 356 2569 ridates
376 2499 610 2571 concessione
623 2501 726 2571 Asta
738 2504 835 2570 dicit.
863 2504 925 2570 cfr.
938 2504 1013 2569 Ην.
1031 2507 1082 2569 33.
1106 2506 1164 2581 4³3
1184 2509 1219 2569 et
1237 2522 1293 2583 19:
1301 2496 1440 2591 fracto
1457 2498 1643 2589 Plrib'ppo.

225 2607 276 2674 ita
294 2610 384 2675 Vatt.
407 2631 436 2675 s.
458 2633 487 2676 2.
515 2631 564 2676 oc
579 2632 668 2677 mox
682 2607 856 2697 Philippo
875 2650 919 2666 -
939 2606 1151 2680 Antiochus
1171 2628 1280 2674 vacuo
1298 2608 1377 2675 loco
1396 2607 1490 2673 inter
1507 2616 1643 2671 utrum-

224 2735 296 2799 que
316 2737 437 2783 vocem
459 2718 593 2783 relicto.
620 2720 682 2783 Ed.
702 2720 822 2785 Venet.
842 2723 896 2785 Pr.
917 2740 987 2804 qua
1005 2722 1049 2784 de
1069 2716 1220 2783 lectione
1245 2736 1317 2781 non
1339 2734 1426 2802 opus
1452 2721 1502 2783 est
1527 2713 1639 2779 fusius

194 2869 196 2872 -
225 2820 410 2900 disserere3
433 2830 559 2888 tracto
578 2828 675 2905 quod
688 2828 802 2889 adhuc
821 2822 862 2887 in
883 2824 1099 2889 editionibus
1122 2842 1317 2905 expressum
1330 2830 1399 2901 est,
1416 2840 1519 2883 sensu
1535 2831 1641 2898 caret;

225 2924 376 3009 pessime
397 2924 550 2988 Cottius:
570 2932 633 2991 sed
652 2936 778 2991 tracto
799 2928 943 2989 fortasse
964 2945 1038 2987 non
1052 2926 1278 3004 mutandum,
1297 2928 1335 2981 ut
1352 2920 1541 3007 significet,
1568 2926 1642 2986 Ro·

227 3044 352 3091 manos
370 3025 574 3110 Philippum
588 3028 729 3089 tandem
743 3030 787 3089 ad
802 3026 1000 3090 societatem
1016 3023 1156 3090 traxisse
1168 3024 1308 3107 ejusque
1320 3043 1424 3111 opera
1442 3025 1563 3091 vicisse
1573 3028 1643 3092 An·

226 3131 396 3198 tiochum.
416 3131 491 3198 Ην.
508 3138 561 3214 39.
580 3153 610 3196 c.
629 3132 686 3195 28:
714 3130 754 3195 id
774 3150 884 3197 causae
912 3135 949 3197 et
973 3128 1122 3195 consilio
1143 3126 1356 3195 Mithridatis
1382 3132 1491 3220 magis
1514 3134 1642 3200 servire

143 3260 147 3272 ·
224 3237 397 3305 videus»
415 3237 521 3305 omni
537 3235 592 3304 cis
613 3240 778 3303 Taurum
796 3255 890 3326 ogro
911 3232 970 3301 cfr.
988 3236 1058 3303 Cic.
1078 3255 1144 3322 pro
1166 3238 1255 3303 Sext.
1269 3239 1319 3300 ²6.
1332 3255 1399 3323 pro
1416 3237 1641 3317 Deiotari.

225 3346 300 3412 Ην.
319 3352 369 3428 ³7·
389 3348 442 3423 45.
471 3352 508 3411 et
532 3346 573 3411 X
592 3339 754 3411 millibus
779 3346 1016 3414 talentorum.
1047 3344 1247 3427 quindecim
1275 3342 1391 3409 millia
1412 3342 1543 3409 habent
1568 3344 1641 3408 Ην.

226 3456 277 3533 37.
294 3455 334 3528 45
355 3460 389 3518 et
404 3450 551 3536 Appian.
566 3453 612 3519 tle
627 3451 699 3520 reb.
711 3452 787 3537 Syr.
807 3451 856 3515 38.
875 3449 938 3533 qui
954 3450 1020 3515 hac
1037 3452 1132 3515 dere
1148 3458 1220 3515 tam
1239 3448 1427 3537 diligenter
1446 3460 1642 3535 exponunt,

226 3563 267 3621 ut
275 3556 430 3622 dubitari
437 3578 509 3621 non
517 3557 637 3643 possit,
651 3556 739 3640 quin
748 3557 814 3622 ista
824 3576 957 3622 summa
968 3557 1164 3621 allomeris
1175 3558 1350 3643 postulata
1360 3556 1474 3623 luerit.
1487 3558 1555 3623 sed
1563 3578 1641 3621 cum

226 3663 419 3728 Antiochus
429 3656 502 3725 non
511 3661 679 3745 tributum
689 3662 863 3751 integrum
875 3664 1029 3729 solvisset
1042 3661 1102 3727 cir.
1117 3660 1191 3727 Ην.
1206 3680 1256 3742 4²·
1271 3667 1308 3726 6:
1321 3662 1508 3749 Salustius,
1528 3662 1640 3731 solum

227 3773 324 3854 quod
340 3769 503 3834 amiserat
518 3788 801 3837 commemorasse
817 3770 963 3837 videtur.
976 3788 1058 3833 nam
1075 3788 1259 3834 numerum
1280 3788 1397 3837 errore
1417 3769 1640 3835 librarlorum

229 3887 429 3963 corruptum
441 3895 511 3942 esse
522 3875 580 3938 vix
590 3882 718 3965 credas,
728 3872 810 3944 cuni
816 3878 919 3944 etiam
927 3877 1019 3960 apud
1028 3874 1232 3961 Eutropium
1241 3891 1312 3955 Aa:
1327 3876 1419 3942 idem
1428 3877 1482 3942 sit.
1490 3878 1637 3943 Persen.

229 3985 432 4049 desecando
443 3985 541 4052 bello
551 3984 775 4051 Macedonico
785 3985 859 4052 Ην.
873 3985 898 4047 l.
912 3987 1032 4063 tto-ti
1041 4006 1054 4077 :⁸
1065 3983 1153 4047 Plut.
1164 3985 1205 4052 V.
1221 3983 1562 4049 Aemil.PauliDiod.
1573 3980 1639 4041 Sic.

229 4088 326 4149 XXX.
343 4090 434 4155 Flor.
449 4094 492 4155 11.
509 4109 545 4159 12
557 4117 566 4153 s
580 4098 697 4176 pacto
715 4091 824 4161 vitam
841 4090 1017 4156 dederont
1026 4089 1145 4157 livius
1160 4100 1276 4155 auctor
1291 4100 1351 4161 est·
1369 4092 1419 4167 45.
1435 4090 1472 4151 52
1493 4085 1640 4147 Paulum

230 4194 466 4281 contendisse,
484 4205 524 4261 ut
538 4219 598 4263 rex
608 4218 645 4263 se
654 4218 783 4281 suaque
792 4197 910 4264 omnia
919 4195 958 4260 in
965 4196 1071 4263 fidem
1080 4204 1114 4263 et
1130 4198 1347 4265 clementiam
1357 4186 1641 4284 populiRomani

230 4300 390 4369 traderet.
412 4298 602 4371 insomniis
626 4299 791 4373 occidere
811 4304 835 4371 i.
855 4322 886 4372 e·
905 4285 1034 4390 ilidii?
1052 4307 1095 4373 de
1114 4303 1245 4391 plurali
1262 4302 1324 4370 clr.
1341 4320 1444 4387 supra
1461 4294 1560 4363 ⁰³5¹·
1581 4310 1638 4383 ²7²

1269 4418 1293 4463 ᾗ·
