4050 5009
493 433 546 516 92

497 594 626 700 plum
643 595 900 676 Adherbalem
920 613 1162 704 sequuntur,
1182 602 1248 680 scd
1270 592 1573 679 illum-'alterum
1593 587 1695 676 bello
1713 593 1894 673 meliores.

495 719 949 844 ldlmlugffihaffmm
964 749 1161 804 maxumas
1180 741 1303 830 potest
1315 724 1441 830 copias
1457 741 1601 800 armat:
1626 723 1738 798 urbes
1754 717 1898 824 partim

425 933 431 942 ,
495 843 555 936 vi,
571 844 665 929 alias
679 845 880 928 voluntate
892 846 1054 951 imperio
1071 872 1141 923 suo
1157 847 1352 952 adiungit:
1380 848 1485 922 omni
1500 845 1691 922 Numidiae
1708 845 1897 948 imperare

267 984 271 991 ’
376 1011 380 1017 ·
494 985 614 1073 Parti
653 968 875 1062 Adherbal,
892 987 1020 1046 tamen
1036 970 1104 1046 etsi
1123 967 1282 1052 Romam
1296 971 1435 1075 legatos
1447 959 1703 1072 miseratjqui
1720 981 1897 1042 senatum

487 1090 677 1176 docerent
693 1091 741 1168 de
759 1091 860 1170 caede
877 1092 1003 1168 fratris
1020 1108 1059 1168 et
1076 1092 1242 1170 fortunis
1258 1094 1353 1186 suis;
1379 1111 1504 1168 tamen
1537 1092 1655 1168 fretus
1679 1087 1899 1165 multitudi-

495 1240 545 1306 ne
561 1215 752 1305 militum,
770 1216 930 1318 parabat
948 1215 1063 1294 armis
1084 1217 1320 1292 contendere.
1371 1217 1443 1291 Sed
1468 1215 1537 1292 ubi
1559 1241 1616 1290 res
1637 1215 1687 1290 ad
1704 1230 1899 1290 certamen

486 1338 617 1429 uenit,
637 1339 760 1414 victus
775 1365 829 1415 ax·
841 1339 974 1443 proelio
993 1339 1164 1444 proflagit
1183 1339 1225 1414 in
1244 1339 1481 1443 provinciam
1507 1365 1551 1414 ac
1577 1337 1715 1414 deinde
1736 1339 1900 1414 Romam

495 1461 703 1539 contendit.
752 1465 854 1538 Tum
882 1460 1068 1566 Iugurtha
1100 1463 1257 1566 patratis
1287 1463 1471 1552 consiliis,
1510 1461 1742 1566 (postquam
1774 1459 1899 1538 omnis

493 1585 685 1671 Numidiae
704 1586 948 1688 potiebatur)
976 1585 1018 1659 in
1043 1585 1120 1660 otio
1139 1585 1287 1660 facinus
1306 1611 1420 1660 suum
1440 1611 1529 1660 cum
1550 1585 1679 1660 animo
1699 1600 1901 1688 reputans,

496 1709 629 1787 timere
647 1709 840 1813 populum
862 1711 1081 1785 Romanum
1104 1734 1229 1811 neque
1265 1708 1442 1784 advorsus
1470 1710 1567 1785 iram
1597 1709 1677 1790 eius
1707 1735 1901 1812 usquam,

427 1840 431 1847 ’
496 1834 570 1911 nisi
594 1833 636 1909 in
664 1833 821 1909 avaritia
842 1831 1054 1911 nobilitatis
1076 1847 1115 1907 et
1147 1831 1309 1935 pecunia
1332 1857 1400 1906 sua
1426 1858 1530 1936 spem
1566 1831 1715 1908 habere.
1765 1835 1902 1934 ltaque

495 1957 628 2063 paucis
648 1956 782 2033 diebus
803 1983 894 2032 cum
913 1981 1009 2032 auro
1035 1972 1074 2030 et
1096 1959 1251 2060 argento
1268 1954 1391 2030 multo
1412 1951 1572 2032 Romam
1594 1957 1735 2061 legatos
1758 1954 1900 2041 mittit,

495 2083 581 2186 quis
603 2082 807 2186 praecepit,
831 2081 1003 2184 primum
1036 2078 1095 2153 uti
1118 2095 1257 2154 veteres
1281 2079 1419 2154 amicos
1444 2081 1669 2157 muneribus
1695 2081 1895 2186 expleant=

495 2205 635 2283 deinde
654 2229 771 2282 novos
790 2203 1017 2307 acquirant:
1041 2218 1228 2307 postremo
1249 2227 1503 2306 quoecumque
1524 2206 1669 2309 possint
1694 2206 1901 2312 largiundo

494 2357 630 2436 Pfflffl
666 2355 717 2404 ¹¹⁰
753 2342 993 2406 cunctemur·
1044 2325 1116 2401 Sed
1152 2325 1222 2401 Ubi
1266 2327 1426 2402 Ι1011111111
1466 2327 1578 2433 legati
1612 2355 1749 2406 venere
1782 2347 1825 2406 et
1858 2359 1902 2406 ex
2016 2341 2017 2360 ¹

496 2469 685 2560 proecepto
708 2441 814 2557 regis
833 2448 1048 2554 hospitibus
1070 2450 1252 2552 aliisque,
1277 2476 1444 2553 quorum
1471 2477 1515 2525 ea
1539 2467 1758 2556 tempestate
1781 2455 1827 2529 in
1849 2481 1901 2532 se-

495 2594 593 2653 natu
612 2575 816 2652 auctoritas
838 2574 1029 2680 pollebat,
1050 2599 1187 2684 magna
1213 2601 1372 2656 munera
1402 2575 1553 2670 misere3
1593 2592 1700 2656 tanta
1727 2603 1901 2656 commu.

498 2700 592 2775 tatio
614 2699 784 2790 mwtsit,
809 2698 868 2773 uti
884 2724 930 2780 ex
951 2724 1130 2778 maxuma
1150 2697 1294 2774 invidia
1317 2699 1358 2773 in
1376 2699 1537 2804 gratiam
1553 2715 1591 2775 et
1605 2699 1771 2778 favorem
1790 2704 1903 2782 nohi-

498 2920 528 2963 ι.
544 2901 572 2960 6.
586 2921 617 2980 9.
637 2908 809 2980 conparat.
829 2898 1071 2958 Rem.1.inc.1.
1091 2897 1187 2958 Struv.
1209 2897 1307 2959 Gucll'.
1328 2917 1373 2955 12.
1400 2898 1461 2958 Erl.
1489 2899 1571 2960 Leid.
1585 2923 1646 2961 ce.
1663 2903 1683 2963 f.
1706 2902 1830 2964 Merseb.
1851 2903 1904 2964 lli·
2015 2945 2016 2970 ς

497 3007 548 3067 vli-
569 3006 747 3068 tresWassii.
767 3003 828 3062 dno
842 3003 958 3084 Popmae
974 2999 1052 3060 libri.
1073 2999 1134 3060 Bas.
1153 2999 1181 3072 i.
1199 3011 1403 3080 paratarma!
1423 3001 1519 3069 Guell,
1535 3011 1562 3068 3.
1590 3007 1622 3064 B.
1636 3007 1708 3067 Pub.
1735 3009 1905 3070 tamenetsi

497 3105 564 3171 tec.
586 3111 675 3170 Marc.
688 3123 720 3175 r.
740 3107 856 3168 tametsi
874 3107 969 3167 ceteri.
989 3106 1188 3184 doneccsrot.
1209 3103 1270 3164 Bas.
1286 3107 1314 3176 4.
1334 3106 1414 3166 Vrat.
1431 3127 1455 3166 ι.
1467 3109 1533 3167 Seu.
1547 3129 1573 3170 a.
1596 3109 1695 3170 lleuss.
1716 3112 1812 3173 virtus
1825 3135 1904 3194 prcc-

497 3215 538 3276 lio
557 3214 680 3275 Laida.
702 3211 800 3272 Guels.
816 3231 862 3275 ιι.
889 3209 958 3269 vict.
973 3208 1052 3268 enim
1067 3229 1115 3288 pr.
1136 3209 1197 3273 Bas.
1209 3209 1237 3279 A.
1260 3209 1364 3290 proelio
1375 3210 1462 3290 sugit
1481 3211 1549 3271 vin.
1566 3235 1592 3274 a.
1624 3215 1724 3274 lleuss.
1745 3213 1863 3278 thisl.
1875 3237 1901 3278 2.

497 3319 594 3380 Gucli.
607 3319 637 3390 A.
656 3320 724 3381 Sen.
736 3323 763 3377 ι’.
785 3313 894 3375 debirw
903 3313 990 3378 Rom.
1010 3314 1051 3372 sic
1064 3311 1129 3372 niv.
1141 3333 1175 3372 ex
1190 3312 1293 3374 vetuit.
1301 3315 1439 3373 confirm.
1453 3314 1513 3374 duo
1528 3314 1625 3377 Guels.
1646 3339 1683 3378 oc
1694 3341 1755 3379 om.
1777 3319 1863 3382 Bern.
1877 3328 1902 3385 ὅ.

496 3425 592 3486 tendit
611 3425 697 3483 Bam.
715 3443 741 3482 ι.
762 3431 834 3480 tuno
861 3418 985 3482 Berua.
1006 3417 1106 3488 baad.
1134 3425 1245 3496 patrol.
1266 3437 1345 3477 cons.
1363 3419 1478 3498 paratis
1505 3423 1564 3481 inc.
1585 3443 1613 3488 a.
1639 3423 1784 3486 senati.
1808 3447 1900 3506 m.pr.

498 3529 598 3589 Gueli.
617 3548 643 3585 ι.
654 3527 683 3585 3.
695 3526 724 3595 l.
736 3525 763 3588 5.
774 3525 803 3588 6.
816 3545 846 3603 9.
863 3543 908 3581 ιο.
924 3542 969 3581 ιι.
990 3521 1070 3586 leid.
1093 3523 1114 3580 i.
1132 3521 1258 3600 peractis
1277 3523 1389 3601 aliquot
1401 3523 1488 3584 Rivii.
1512 3536 1666 3605 postquam
1682 3529 1780 3589 omnis
1794 3529 1903 3590 Numi.

498 3632 557 3692 ἀίω
572 3628 746 3708 potiebatur.
767 3631 807 3687 ita
819 3627 880 3683 Bas.
893 3645 919 3683 1.
939 3623 1036 3688 Gueli.
1047 3626 1075 3684 6.
1095 3622 1180 3690 Febr.
1194 3645 1218 3682 ι.
1240 3645 1280 3683 ιιι.
1292 3646 1336 3705 pr.
1364 3627 1444 3690 Laid.
1460 3629 1488 3686 k.
1509 3631 1593 3688 omni
1603 3631 1750 3698 Numidrlt
1770 3637 1900 3716 plurimi.

499 3734 615 3795 Cottius
632 3743 727 3791 totam
746 3729 828 3788 bunc
843 3732 940 3788 locum
954 3747 1009 3806 pro
1023 3732 1111 3808 glossa
1131 3726 1243 3786 habuit.
1256 3731 1381 3806 facinus
1396 3753 1463 3792 cum
1476 3733 1576 3826 animo
1589 3755 1640 3796 suo
1660 3737 1736 3812 Tur..
1750 3749 1817 3818 post
1828 3759 1902 3819 pau.
2014 3767 2015 3788 ι

498 3839 540 3911 ᾳὶι
553 3837 628 3897 dieb.
649 3833 772 3896 Vtatd.
794 3833 891 3895 Gucll.
903 3831 932 3901 d.
951 3851 995 3889 ιι.
1016 3829 1138 3890 Leidlr.
1165 3857 1196 3912 p.
1217 3834 1248 3891 d.
1257 3844 1332 3913 post.
1352 3834 1439 3895 Rem:
1454 3859 1478 3902 ι.
1500 3839 1603 3900 incert.
1621 3863 1646 3900 ι.
1668 3841 1845 3926 Guell'.‘1.9.
1857 3865 1900 3903 ιο.

496 3965 527 4023 ρ.
540 3963 571 4021 p.
586 3942 618 3999 ά.
640 3938 764 4000 Leidk.
782 3937 851 3996 Tur.
873 3936 982 4013 legatos
994 3953 1055 3992 om.
1077 3935 1172 3998 Struv.
1191 3949 1220 3997 et
1235 3937 1316 3998 Cort.
1338 3939 1400 4016 qru‘s
1419 3941 1480 4007 Bas.
1495 3965 1519 4001 ι.
1531 3943 1561 4014 A.
1582 3945 1696 4007 Fabric.
1716 3949 1787 4010 Vin.
1802 3971 1829 4009 a.
1850 3951 1900 4008 Se.

500 4055 561 4104 nat.
582 4041 670 4102 Acad.
693 4041 771 4101 Rivii
789 4037 867 4099 libri.
888 4037 957 4097 Tur.
977 4039 1036 4096 inc.
1059 4039 1157 4099 ileum.
1178 4041 1272 4104 Struv.
1300 4043 1380 4103 Vrat.
1397 4065 1421 4104 ι.
1434 4046 1463 4106 3.
1492 4048 1561 4109 Ecc.
1588 4035 1686 4111 Guelf.
1703 4073 1729 4111 1.
1748 4074 1776 4114 a.
1790 4034 1819 4126 l.
1833 4057 1860 4118 5.
1873 4055 1899 4114 6.

502 4171 530 4230 7.
559 4167 605 4207 ιο.
620 4168 665 4205 ιι.
683 4144 821 4225 proeccpit
840 4141 952 4202 Fabric.
972 4142 1071 4201 Vinar.
1087 4162 1113 4206 a.
1135 4145 1194 4204 ina.
1210 4165 1236 4204 ι.
1256 4145 1414 4213 Vratisl.1.
1434 4149 1534 4220 ὃῑιιιι.
1550 4153 1629 4217 Ririi
1641 4156 1740 4216 Codd.
1761 4159 1824 4218 Bas.
1839 4180 1862 4218 ι.
1873 4159 1898 4228 l.

499 4252 598 4320 Turio.
618 4249 702 4309 Rern.
716 4269 742 4308 ι.
763 4249 867 4307 Franc.
893 4245 992 4306 ileon.
1013 4245 1108 4306 Guell‘.
1123 4248 1152 4320 4.
1168 4249 1196 4313 6.
1207 4271 1235 4329 7.
1251 4270 1298 4310 ta.
1327 4253 1407 4313 Laid.
1417 4253 1447 4313 b.
1462 4277 1488 4320 c.
1499 4257 1529 4317 d.
1542 4281 1570 4341 g.
1582 4258 1613 4320 h.
1626 4262 1647 4320 i.
1660 4263 1688 4327 k.
1704 4285 1745 4329 ιιι.
1772 4263 1900 4345 praeibit

501 4356 597 4427 aeteri
614 4354 745 4435 primum
759 4352 803 4412 uti
822 4353 880 4412 inc.
895 4371 921 4415 ι.
941 4350 1007 4410 Son.
1021 4371 1045 4415 ι.
1065 4349 1180 4414 Fabric.
1194 4371 1223 4418 a.
1241 4353 1338 4420 Guelf.
1352 4379 1378 4419 1.
1396 4379 1425 4424 a.
1441 4361 1468 4422 5.
1484 4383 1515 4448 9.
1534 4363 1615 4426 Laid.
1630 4367 1651 4432 l.
1675 4366 1736 4449 (sod
1748 4369 1773 4430 is
1785 4368 1830 4448 at)
1844 4368 1899 4428 duo
