4050 5009
1494 366 1647 445 ,53

230 552 313 631 Sed*
327 556 369 631 in
399 572 507 632 tanta
531 556 647 632 Codd.
665 556 748 631 Μαι
772 554 882 661 copia
908 554 1113 631 auctoritas
1144 554 1330 661 principis
1354 552 1530 631 editionis
1565 555 1643 629 fere

230 670 342 746 nulla
364 690 426 747 est.
461 673 592 775 Neque
619 672 783 747 aliorum
802 689 1004 747 auctorum
1030 672 1174 747 diversa
1196 690 1250 747 est
1272 672 1378 746 ratio.
1416 672 1514 745 Nam
1532 668 1641 745 vehe-

229 803 381 861 menter
399 804 549 877 errant,
570 788 648 890 qui'
657 788 789 863 eadem
809 786 1011 891 religione,
1037 813 1124 889 quae
1144 786 1259 863 hodie
1281 788 1329 862 ab
1342 786 1551 863 editoribus
1566 786 1641 860 exi·

229 901 356 1005 gitur,
382 904 596 1006 antiquitus
622 904 739 977 libros
765 902 884 979 editos
907 902 1020 977 fuisse
1046 918 1194 1005 putant
1234 902 1465 1005 Plerumque
1491 902 1639 976 librarii

228 1016 409 1119 pluribus
435 1018 551 1094 Codd.
578 1019 836 1108 usisunt,e1
859 1019 1012 1120 mribus,
1049 1044 1134 1119 quae
1165 1018 1376 1121 plurimum
1405 1017 1641 1091 auctoritatis

227 1130 373 1208 habere
389 1134 635 1223 videbantur,
653 1134 831 1209 lectiones
844 1134 979 1209 electas
1000 1134 1098 1235 typis
1117 1133 1389 1237 exprimebant
1416 1134 1546 1229 Quare
1562 1160 1641 1208 non
1681 1216 1683 1221 ¹

228 1264 302 1337 est,
328 1249 433 1351 quod
463 1249 676 1325 editionum
702 1250 944 1355 principum,
969 1275 1055 1353 quse
1077 1250 1281 1339 dicuntur,
1307 1249 1526 1323 auctoritati
1556 1266 1640 1322 tan-

228 1378 313 1462 tum
337 1366 492 1439 tribuas

328 1482 541 1555 Bononiam
565 1480 750 1569 adieram,
774 1506 839 1584 spe
861 1480 1017 1570 ductrrs,
1042 1480 1123 1555 sore
1142 1480 1241 1554 utin
1262 1476 1336 1553 bac
1354 1478 1493 1554 celebri
1514 1508 1637 1583 qnon-

228 1592 320 1667 dam
345 1598 441 1670 urbe
464 1614 502 1670 et
528 1596 797 1690 liberalissimis
823 1596 958 1669 studiis
981 1598 1183 1685 affluente,
1204 1594 1344 1669 multos
1369 1621 1506 1697 eosque
1539 1596 1637 1699 opti-

226 1731 309 1782 mos
331 1712 478 1785 codices
506 1711 725 1785 invenirem
765 1712 838 1785 Sed
867 1710 949 1785 haec
969 1712 1102 1815 opinio
1127 1711 1265 1785 falsum
1292 1737 1353 1785 me
1372 1709 1518 1786 habuit
1569 1714 1636 1787 vi-

225 1823 371 1900 dentur
397 1828 501 1901 enim
525 1826 776 1901 Bononienses
796 1827 964 1900 multum
987 1854 1010 1899 a
1029 1827 1192 1929 pristino
1216 1826 1414 1901 literarum
1431 1854 1560 1903 amore
1577 1856 1628 1905 re·

224 1940 392 2031 cessisse,
415 1944 469 2015 ita
491 1960 536 2016 ut
557 1944 624 2043 qui
645 1944 738 2017 olim
760 1942 862 2017 docti
883 1942 1132 2030 dicebantur,
1158 1942 1237 2043 jam
1261 1942 1336 2016 alio
1360 1944 1485 2045 potius
1512 1946 1635 2017 nomi·

223 2066 278 2128 ne
293 2058 512 2159 appellandi
529 2060 614 2131 sint
642 2061 741 2133 Cum
759 2058 799 2131 in
813 2056 1047 2132 bibliotheca
1064 2057 1220 2160 publica
1241 2059 1355 2159 pauci
1377 2074 1497 2133 essent
1514 2059 1630 2134 Codd·

219 2170 307 2243 Mss.
324 2173 409 2274 (qui
423 2200 551 2247 omnes
564 2173 614 2247 ad
625 2200 681 2249 res
695 2172 960 2248 ecclesiasticas
977 2172 1206 2275 pertinent)
1232 2174 1504 2249 monasterium
1515 2178 1630 2249 Bene-

220 2284 459 2361 dictinorum
481 2288 568 2362 adii.
608 2289 681 2363 Sed
707 2288 808 2361 nihil
836 2315 880 2364 eo
901 2287 1093 2376 stolidius,
1119 2290 1187 2390 qui
1218 2289 1363 2363 vicibus
1382 2288 1630 2365 bibliotheca·

219 2402 273 2474 rii
298 2401 545 2505 fungebatur3
571 2404 716 2507 quippe
738 2404 847 2507 cujus
874 2420 1003 2478 tantus
1029 2403 1104 2477 fuit
1142 2404 1285 2508 ingenii
1310 2422 1474 2508 stupor,
1501 2423 1545 2479 ut
1582 2434 1631 2483 ne

219 2542 364 2590 nomen
392 2518 548 2619 quidem
572 2519 724 2593 Salustii
755 2519 952 2623 cognitum
976 2516 1152 2608 haberet,
1178 2519 1322 2594 nedum
1355 2520 1403 2594 de
1432 2520 1546 2596 Codd.
1569 2525 1629 2620 ju·
1659 2554 1667 2569 ·

218 2630 350 2706 dicare
371 2651 500 2736 posset.
539 2634 627 2707 Solo
648 2634 688 2707 in
712 2635 869 2738 collegio
889 2634 1131 2736 Hispaniensi
1162 2634 1291 2708 inveni
1311 2633 1479 2709 oodioem
1504 2637 1629 2713 Salus·

219 2747 373 2821 tianum
387 2747 491 2823 baud
514 2749 860 2842 contemnendum;
884 2776 1000 2852 quern
1011 2749 1109 2825 mibi
1133 2751 1275 2825 obtulit
1299 2778 1412 2825 senex
1424 2752 1629 2855 Hispanus,
1696 2808 1698 2813 ,

215 2862 280 2936 vir
303 2865 537 2956 venerabilis,
563 2892 634 2938 nec
655 2865 783 2939 minus
809 2892 963 2939 morum
986 2866 1172 2967 elegantia
1194 2894 1311 2969 quam
1333 2866 1549 2943 eruditione
1568 2870 1626 2943 in-

215 2980 346 3083 signis.
375 2982 454 3077 Qui
465 2981 621 3082 quidem
636 2980 831 3056 discordiis
854 2981 1066 3056 domesticis
1084 2983 1209 3085 patria
1230 2983 1383 3085 pulsus,
1408 2983 1521 3058 simul
1535 3012 1624 3059 oum

214 3112 385 3197 quatuor
410 3097 582 3199 patribus
605 3124 650 3171 ex
666 3098 843 3172 societate
874 3100 969 3189 Jesu
988 3096 1178 3171 desertum
1201 3098 1403 3199 collegium
1419 3124 1623 3201 occupave—
1649 3152 1653 3159 ·

215 3226 296 3298 rat,
320 3228 358 3285 et
388 3211 526 3298 libros,
556 3212 789 3312 Napoleonte
809 3229 1016 3316 regnante,
1048 3212 1230 3317 dispersos
1260 3212 1508 3315 recollegerat
1550 3216 1622 3288 Sed

211 3326 252 3399 ei
269 3353 348 3400 non
363 3328 488 3401 solum
508 3353 609 3400 curte
626 3344 697 3417 est,
712 3345 758 3403 ut
769 3328 859 3402 libri
882 3328 1007 3403 amissi
1021 3327 1261 3403 bibliothecae
1277 3327 1541 3415 restituantur,
1555 3329 1619 3403 sed

209 3443 331 3517 etiam
349 3470 484 3517 eorum
505 3442 711 3516 commodis
734 3442 911 3532 inservit,
936 3444 1077 3546 quibus
1100 3442 1214 3517 Codd
1242 3442 1458 3516 examinare
1482 3470 1620 3546 propo-

210 3559 331 3633 situm
347 3575 409 3633 est.
438 3558 699 3653 Quamobrem·
713 3558 825 3633 facile
846 3558 896 3632 ab
915 3585 960 3633 eo
975 3558 1193 3661 impetravi,
1212 3572 1258 3631 ut
1276 3573 1393 3632 totam
1411 3558 1618 3633 bibliothe-

209 3700 300 3747 cam
325 3674 554 3777 perscrutari
572 3700 631 3747 me
657 3673 806 3749 sineret
831 3674 920 3749 Cod.
937 3674 1190 3761 salustianos,
1218 3699 1333 3774 quem
1357 3672 1505 3759 inveni,
1532 3676 1616 3749 Saec.

210 3814 287 3861 xm.
308 3807 481 3862 exaratus
505 3815 581 3863 esse
605 3789 776 3881 videtur3
801 3791 850 3862 ab
880 3790 991 3863 initio
1013 3788 1223 3863 admodum
1253 3803 1454 3888 corruptus
1476 3804 1546 3876 est,
1573 3789 1614 3863 in

207 3906 382 4006 margine
401 3905 527 4007 glossae
546 3904 765 4009 adscriptae5
790 3904 967 3979 lectiones
979 3904 1165 3979 variantes
1191 3927 1331 4005 paucas
1356 3909 1507 3975 notabo.

294 4042 384 4105 Catil.
404 4066 428 4102 ι.
451 4045 575 4126 indiget.
596 4044 625 4103 3.
644 4046 713 4124 quia
734 4066 750 4101 a
773 4066 823 4124 spe
845 4044 940 4121 (milti
960 4043 1092 4120 omisso)
1119 4077 1136 4088 -
1166 4041 1358 4099 memorabile
1384 4042 1487 4099 estimo
1530 4063 1558 4121 9.
1581 4044 1611 4101 in
1727 4121 1731 4131 ι

202 4144 312 4201 amicis
339 4141 438 4199 fideles
458 4143 507 4210 lt.
528 4142 652 4199 consilio
676 4161 729 4221 per
752 4161 874 4221 raugam
894 4142 1015 4220 cognito
1043 4140 1147 4197 Cicero
1172 4136 1220 4207 43.
1241 4138 1285 4195 uti
1307 4136 1435 4195 Catilina
1460 4138 1490 4195 in
1512 4158 1613 4218 agrurn

206 4242 374 4298 fesulanum
395 4258 463 4295 curn
484 4238 633 4315 (exercitu
659 4240 691 4296 iu
717 4239 848 4318 margine
870 4259 910 4295 ru.
932 4235 1141 4310 scaaddidit)
1161 4234 1349 4305 -Statilius,
1378 4232 1521 4293 Gabinius
1534 4236 1578 4293 uti
1597 4266 1615 4280 -

1161 4352 1182 4427 5
