4050 5009
449 399 498 478 8ο

451 620 491 678 et
509 629 553 679 eo
575 604 853 709 magnitudinis
876 605 1148 708 procederent,
1179 603 1237 676 uti
1256 629 1326 707 pro
1348 603 1573 680 mortalibus
1600 602 1719 707 gloria
1748 619 1849 676 aeter-

419 729 490 802 2ni
506 727 648 804 fierent
673 731 771 804 Nam
788 729 841 801 vti
859 753 977 831 genus
994 725 1199 802 hominum
1216 728 1468 830 compositum
1480 755 1525 804 ox
1541 754 1698 832 corpore
1709 744 1748 802 et
1766 729 1846 802 ani-

446 879 507 927 ma
526 869 598 928 est:
622 854 678 928 ita
703 879 759 927 res
778 869 932 926 eunctae
949 851 1151 952 studiaque
1165 851 1296 926 omnia
1317 867 1444 926 nostra
1466 852 1634 955 corporis
1651 851 1748 940 alia,
1776 851 1847 926 aiio

381 1009 385 1015 ·
445 977 565 1052 animi
582 960 763 1053 namnam
773 965 996 1078 sequuntur.
1035 974 1156 1078 Igitur
1172 973 1353 1078 praeclara
1371 973 1501 1064 facies,
1526 999 1672 1079 magnae
1689 975 1847 1062 divitia,

445 1099 587 1175 adhoc
608 1102 663 1176 vis
678 1101 846 1205 corporis
857 1116 895 1174 et
914 1098 989 1173 alia
1005 1098 1135 1173 omnia
1149 1096 1412 1173 huiuscemodi
1429 1099 1533 1175 brevi
1550 1099 1799 1192 dilabuntur3
1811 1116 1847 1174 at

444 1224 588 1330 ingenii
605 1226 749 1330 egregia
765 1225 954 1312 facinora,
977 1223 1089 1298 sicuti
1110 1221 1256 1311 anima,
1278 1221 1507 1298 immortalia
1531 1239 1629 1300 sunt
1657 1227 1845 1300 Postremo

443 1351 612 1453 eorporis
634 1367 672 1424 et
687 1349 853 1425 fortunoe
867 1350 1077 1435 bonorum,
1096 1363 1142 1420 ut
1160 1345 1334 1436 initium,
1357 1348 1411 1423 sio
1435 1347 1520 1422 finis
1545 1365 1617 1423 est:
1642 1349 1846 1451 omniaque

445 1491 526 1547 orta
544 1473 742 1562 occidunt,
764 1490 802 1547 et
827 1489 938 1546 aucta
959 1487 1176 1562 senescunt3
1203 1471 1353 1546 animus
1373 1472 1638 1575 incorruptus,
1661 1491 1847 1558 aetornus,

445 1615 570 1674 rector
591 1597 754 1671 humani
777 1596 938 1700 generis,
963 1595 1043 1697 agit
1071 1611 1185 1697 atque
1210 1593 1328 1671 'hahet
1352 1612 1508 1685 cuneta,
1529 1623 1654 1700 neque
1674 1597 1758 1700 ipse
1781 1596 1845 1670 ha-

443 1724 563 1798 betur.
591 1721 679 1818 Q'uo
698 1721 814 1823 magis
837 1719 1002 1823 pravitas
1020 1744 1152 1794 eorum
1169 1719 1392 1794 admiranda
1413 1737 1484 1810 est,
1510 1721 1598 1822 qui,
1624 1720 1744 1796 dediti
1763 1748 1846 1796 eor-

441 1846 544 1951 poris
558 1844 725 1950 gaudiis,
751 1869 821 1947 per
836 1842 972 1917 luxum
985 1858 1025 1916 et
1056 1841 1245 1947 ignaviam
1264 1859 1412 1918 aetatem
1431 1861 1568 1948 agunt:
1595 1861 1765 1920 ueterum
1791 1847 1846 1920 in-

323 2065 328 2073 g
442 1970 618 2075 genium,
645 1995 723 2070 quo
745 1993 872 2068 neque
889 1965 1043 2056 melina,
1061 1971 1187 2068 nequo
1210 1967 1373 2070 amplius
1397 1967 1504 2042 aliud
1526 1968 1567 2043 in
1587 1985 1726 2044 natura
1747 1998 1844 2045 mor-

442 2093 580 2168 taiium
601 2109 672 2180 est,
699 2090 855 2165 incultu
876 2107 991 2191 atque
1007 2089 1177 2164 socordia
1203 2107 1410 2193 torpescere
1437 2091 1588 2166 sinunt:
1613 2120 1735 2195 quum
1753 2121 1844 2198 prae-

437 2219 568 2293 sertim
582 2232 666 2291 tam
688 2215 819 2289 multe
842 2214 1032 2316 variaeque
1053 2213 1131 2288 sint
1150 2229 1246 2287 artes
1263 2214 1401 2304 animi,
1419 2215 1559 2318 quibus
1571 2241 1719 2292 summa
1734 2219 1843 2294 clari-

412 2341 535 2440 3tudo
569 2357 736 2444 paratur.
784 2340 931 2412 Verum
957 2363 1003 2412 ex
1028 2333 1089 2410 his
1112 2337 1350 2442 magistratus
1383 2355 1421 2413 et
1447 2338 1627 2443 imperia,
1654 2359 1842 2445 postremo
1948 2419 1949 2424 ,

440 2465 564 2541 omnis
593 2491 685 2538 cura
719 2489 849 2537 rerum
883 2460 1159 2565 publicarum,
1195 2459 1368 2536 minume
1401 2460 1499 2537 mihi
1523 2461 1597 2538 hac
1621 2479 1842 2570 tempestate

439 2589 638 2692 cupiunda
663 2587 863 2662 videntur:
899 2584 1084 2688 quoniam
1104 2609 1229 2685 neque
1248 2583 1381 2659 virtuti
1401 2583 1522 2662 honos
1551 2585 1692 2684 datur,
1714 2617 1841 2694 neque

441 2712 517 2802 iili,
543 2712 682 2816 quibus
704 2737 774 2815 per
790 2709 965 2786 &audem
986 2708 1046 2784 ius
1063 2707 1153 2798 fuit,
1181 2708 1255 2784 tuti
1286 2725 1354 2784 aut
1369 2735 1413 2785 eo
1433 2710 1549 2812 magis
1572 2709 1722 2788 honesti
1741 2733 1840 2790 aunt.
1947 2749 1948 2780 ι

441 2915 468 2958 ι.
490 2893 588 2953 Guels.
605 2915 628 2953 ι.
645 2915 673 2952 2.
685 2915 712 2974 7.
732 2890 818 2955 Fabr.
834 2914 859 2950 ι.
879 2889 930 2951 Ac.
947 2889 1027 2949 Leid.
1038 2891 1058 2949 i.
1070 2893 1091 2953 Ι.
1112 2889 1181 2949 Τιιι.
1198 2910 1223 2949 ι.
1244 2889 1312 2972 Teg.
1335 2889 1480 2970 mutoque
1501 2891 1568 2951 Vin.
1580 2913 1609 2950 r.
1631 2893 1717 2954 Febr.
1733 2917 1760 2956 2.
1783 2900 1838 2956 inc.

436 2999 533 3057 Struv.
553 2999 619 3058 Ere.
640 2999 719 3058 Vrat.
737 3018 763 3056 ι.
775 3016 802 3060 a.
824 2994 921 3056 Guelf.
935 2994 964 3055 3.
977 2995 1006 3054 6.
1024 3015 1069 3053 ιι.
1092 2994 1173 3053 leid.
1187 3015 1213 3058 a.
1227 3015 1255 3076 g.
1270 2996 1297 3055 k.
1313 3017 1353 3054 m.
1364 3017 1398 3054 n.
1420 2995 1623 3080 Arond.1ieg.
1645 2998 1737 3059 Mark.
1758 3015 1787 3066 r.
1805 3015 1838 3064 Λ.

436 3102 470 3163 B.
481 3103 552 3163 Pub.
567 3102 651 3162 Bodl.
671 3101 795 3164 Βοιώ.
808 3121 833 3164 ι.
854 3099 1144 3179 regerenturcaaibrs
1155 3099 1249 3178 magu
1268 3099 1334 3160 Εοο.
1356 3101 1424 3161 Vin.
1438 3121 1465 3166 a.
1484 3100 1569 3166 uem.
1585 3123 1610 3161 ι.
1625 3105 1684 3164 ina.
1701 3106 1837 3167 attense
1946 3085 1947 3104 Χ

435 3209 502 3269 Seu.
514 3229 542 3270 a.
564 3207 669 3267 Franc.
689 3206 808 3268 vrato.
829 3205 914 3264 Bern.
930 3224 955 3262 ι.
976 3203 1073 3264 Guelf.
1087 3227 1114 3284 7.
1126 3225 1155 3283 9.
1170 3224 1214 3262 ιο.
1230 3225 1276 3268 ιι.
1301 3204 1382 3264 Laid.
1395 3203 1426 3264 b.
1441 3205 1470 3263 d.
1488 3227 1512 3266 e.
1527 3207 1546 3265 s.
1564 3205 1595 3272 h.
1607 3209 1635 3268 k.
1649 3231 1689 3269 m.
1720 3213 1771 3271 red
1790 3214 1837 3271 alii

433 3317 493 3375 alio
519 3319 588 3376 loco
609 3312 722 3373 casibus
741 3310 908 3370 intrudunt
921 3312 1020 3388 plures
1038 3327 1159 3389 praepos.
1178 3309 1334 3369 aaddunt.
1356 3309 1410 3389 ipsi
1420 3330 1571 3391 cusmreg.
1595 3313 1662 3375 Ece.
1682 3315 1780 3376 Guelt'.
1793 3340 1803 3376 ι
1814 3339 1837 3376 ι.

434 3420 490 3498 ipsi
503 3439 562 3498 rag.
582 3439 643 3490 cus.
664 3415 784 3476 Memb.
804 3415 892 3476 nivii.
915 3433 975 3492 reg.
994 3411 1050 3492 ipsi
1069 3431 1128 3472 cos.
1147 3411 1232 3472 Bam.
1249 3434 1273 3476 1.
1295 3413 1340 3472 uti
1348 3434 1405 3492 pro
1417 3425 1504 3481 mort.
1528 3417 1585 3479 inc.
1600 3440 1627 3478 2.
1656 3419 1793 3486 Guelfia.
1807 3424 1834 3492 ἤ.
1945 3419 1946 3464 3

434 3523 580 3615 Corumel.
602 3523 660 3581 Pal.
674 3522 702 3580 6.
714 3543 743 3601 9.
764 3519 849 3579 Beru.
860 3517 889 3578 3.
907 3515 1053 3577 'utGueli
1066 3536 1111 3575 ιο.
1132 3536 1177 3574 12.
1199 3517 1256 3576 Pal.
1273 3537 1317 3576 ιο.
1335 3519 1498 3582 attactui.

516 3649 589 3734 Cap.
611 3672 639 3717 2.
666 3669 758 3730 genua
772 3649 935 3708 homonum
952 3645 1039 3705 Faba.
1059 3666 1083 3704 1.
1106 3645 1166 3705 Bas.
1187 3668 1212 3705 ι.
1239 3669 1279 3708 m.
1292 3669 1337 3728 pr.
1364 3648 1460 3710 Guelf.
1473 3674 1502 3732 9.
1524 3651 1592 3734 Teg.
1613 3653 1682 3714 Tur.
1702 3653 1788 3716 Bam.
1805 3678 1833 3715 ι.

432 3757 513 3818 Leid.
524 3739 555 3816 ir.
577 3776 614 3816 ex
627 3755 731 3814 οηὶιηο
743 3764 771 3813 et
784 3772 905 3832 corpore
918 3761 959 3812 est
979 3750 1063 3811 Fabr.
1080 3772 1104 3816 ι.
1124 3753 1182 3812 inc.
1203 3771 1228 3810 1.
1249 3751 1337 3814 aad.
1366 3755 1465 3816 Heuss.
1486 3757 1552 3834 Seu.
1567 3777 1592 3818 a.
1613 3757 1717 3820 Frane.
1739 3759 1833 3823 Guels.

433 3884 462 3924 ι.
475 3865 503 3934 A.
517 3883 546 3942 7.
567 3862 675 3940 aliique
690 3857 792 3919 Cottii.
813 3858 882 3922 Tur.
893 3879 925 3916 a.
950 3856 1032 3915 Laid.
1047 3879 1073 3916 a.
1093 3867 1135 3918 est
1149 3877 1186 3917 ax
1205 3877 1231 3917 e.
1242 3869 1276 3916 et
1291 3879 1320 3916 a.
1346 3858 1426 3920 Laid.
1438 3883 1463 3921 e.
1476 3861 1505 3922 d.
1521 3884 1561 3920 m.
1583 3882 1620 3922 aa
1637 3883 1718 3946 corp.
1739 3877 1768 3926 et
1783 3886 1832 3926 aa.

431 3977 473 4030 est
492 3968 587 4031 ceteri.
611 3974 639 4025 at
660 3965 721 4024 alia
742 3964 844 4024 omnia
858 3963 1017 4022 'huiuscem-
1046 3961 1149 4021 omnio
1166 3964 1249 4022 omis.
1265 3962 1361 4022 Guelf.
1381 3985 1409 4046 9.
1431 3965 1533 4033 Frena.
1562 3969 1602 4027 ol.
1619 3968 1680 4030 tui.
1694 3989 1754 4031 om.
1776 3970 1831 4032 hoo

431 4073 536 4134 ordine
555 4070 652 4134 Gueli.
668 4071 695 4129 5.
712 4080 741 4129 et
756 4080 811 4130 tros
828 4070 877 4126 atii
898 4089 931 4126 ex
948 4065 1102 4126 Cottianis.
1124 4087 1226 4126 omnes
1237 4067 1318 4132 Laid.
1349 4069 1485 4151 (excepto
1502 4073 1539 4152 1.)
1566 4074 1677 4150 a'iofin.
1702 4075 1744 4136 sie
1772 4096 1830 4140 om.
1943 4143 1944 4158 p

432 4176 530 4237 Guels.
543 4176 572 4244 3.
594 4175 693 4234 Heum.
713 4174 815 4234 omrtr'u
828 4182 896 4231 orta
914 4169 998 4229 Rem.
1017 4192 1042 4228 1.
1063 4170 1177 4231 Fabric.
1194 4193 1221 4230 2.
1243 4171 1338 4239 Guets.
1351 4196 1379 4254 9.
1396 4197 1441 4234 ιο.
1457 4197 1502 4237 ιι..
1518 4200 1563 4238 12.
1583 4179 1643 4244 Erl.
1663 4179 1732 4264 Teg.
1746 4179 1829 4242 Bem.

432 4281 461 4344 3.
481 4280 603 4347 Letuk.
616 4301 682 4342 om.
701 4297 765 4358 qua
779 4286 925 4338 ortosunt
945 4275 1043 4335 Guelf.
1061 4297 1108 4340 ιο.
1129 4277 1224 4340 Strur.
1246 4278 1326 4343 Leid.
1339 4280 1359 4338 s.
1388 4292 1426 4340 est
1447 4283 1555 4347 admir.
1576 4283 1643 4345 Εοο.
1665 4285 1767 4346 atduo
1780 4285 1827 4345 alii

430 4408 465 4450 ex
482 4386 563 4452 cort.
591 4394 632 4446 ast
650 4406 711 4445 orn.
732 4383 792 4443 Bar.
811 4384 840 4454 4.
867 4383 929 4442 lue.
942 4391 975 4441 *et
991 4381 1089 4461 ignor.
1110 4381 1172 4441 Bas.
1189 4404 1213 4447 1.
1236 4387 1295 4446 Eri.
1316 4383 1399 4444 Bora.
1417 4387 1445 4447 3.
1470 4409 1497 4448 ι.
1522 4389 1615 4469 ompl.
1632 4389 1725 4453 duod.
1745 4391 1826 4451 aliud
