4050 5009
547 537 585 619 73
598 537 655 597 tra
680 520 794 599 decus
819 523 966 627 regium
987 536 1106 597 noctu
1126 520 1379 624 requiescere:
1405 521 1599 599 interilum
1618 522 1752 598 'somno
1775 519 1914 595 excitus
1931 542 1982 589 ar

598 646 714 749 reptis
734 646 847 721 armis
867 645 1079 721 tumultum
1095 642 1216 718 facere
1227 676 1238 736 3
1262 644 1314 717 ita
1331 643 1552 737 formidine,
1579 645 1686 748 quasi
1698 643 1889 732 vecordia,
1908 666 1981 716 exa-

601 767 722 873 gitari.
774 760 895 873 Igitur
914 767 1105 857 Metellus,
1130 768 1198 841 ubi
1220 767 1267 843 de
1281 794 1369 843 casu
1387 768 1604 845 Bomilcaris
1617 785 1655 844 et
1675 767 1820 844 indicio
1832 764 1982 872 patefac-

598 906 638 967 to
660 918 704 967 ex
722 891 890 997 perfugis
912 890 1109 995 coguovit,
1134 917 1281 979 rursus,
1308 908 1504 995 tamqnam
1533 892 1581 969 ad
1604 892 1796 995 integrum
1816 889 1981 973 bellum,

598 1032 738 1090 cuncta
768 1032 880 1119 parat
908 1015 1145 1115 festinatque.
1194 1016 1383 1105 Marium,
1417 1016 1639 1121 fatigantem
1670 1016 1717 1092 de
1746 1014 1983 1121 profectione,

595 1136 710 1243 simul
729 1155 766 1214 et
785 1140 950 1213 invitum
967 1155 1004 1213 et
1023 1138 1225 1228 offensum,
1250 1138 1321 1212 sibi
1341 1166 1480 1243 parum
1497 1140 1679 1215 idoneum
1694 1156 1811 1245 ratus,
1838 1138 1984 1214 domurn

597 1260 765 1337 dimittit
817 1265 867 1337 Et
900 1265 1029 1336 Romoe
1055 1262 1204 1366 plebes,
1228 1261 1345 1339 literis
1374 1319 1385 1351 ‚
1423 1289 1510 1365 quoe
1541 1264 1589 1339 de
1612 1262 1766 1339 Metello
1799 1289 1843 1337 ac
1874 1260 1984 1335 Mario

596 1376 715 1461 missae
736 1402 861 1475 erant,
876 1384 1055 1489 cognitis,
1077 1384 1219 1459 volenti
1236 1385 1365 1458 animo
1382 1385 1429 1461 de
1449 1372 1634 1462 ainbobus
1651 1402 1884 1495 acceperant.
1920 1387 1984 1457 Irn-

594 1508 760 1613 peratori
783 1507 980 1597 nobilitas,
1004 1531 1091 1609 quae
1116 1524 1227 1582 antea
1247 1508 1374 1583 decori
1400 1509 1543 1609 [suit,]
1569 1509 1722 1584 invidia
1746 1534 1821 1585 esse
1842 1541 1852 1601 ;
1876 1503 1983 1581 atilli

466 1736 469 1743 ,
596 1629 706 1706 alteri
724 1631 869 1737 generis
883 1629 1082 1706 humilitas
1097 1628 1260 1706 favorem
1279 1630 1477 1707 addiderat
1482 1665 1493 1727 3
1508 1650 1675 1707 ceterum
1689 1636 1728 1705 in
1741 1649 1903 1731 utroque
1916 1652 1984 1702 rna·

585 1754 648 1861 'gis
671 1756 797 1829 studia
817 1754 987 1857 partium
1010 1782 1127 1858 quam
1148 1756 1250 1829 bona
1276 1771 1344 1828 aut
1368 1754 1470 1829 mala
1507 1782 1576 1831 sua
1609 1756 1813 1830 moderata.
1863 1756 1980 1825 Praete

593 1905 658 1954 rea
687 1878 855 1953 seditiosi
888 1879 1127 1983 magistratus
1154 1878 1307 1981 volgum
1345 1879 1558 1982 exagitare,
1592 1878 1792 1955 Metellum
1820 1870 1981 1952 omnibus

593 2002 843 2079 concionibus
862 2002 996 2106 capitis
1022 2026 1230 2089 accersere,
1253 2000 1367 2075 Marii
1382 2001 1563 2076 virtutem
1583 2002 1625 2076 in
1645 2002 1768 2077 maius
1798 2000 1980 2075 celebrare

590 2127 771 2229 Denique
799 2126 926 2231 plebes
947 2125 1000 2200 sic
1030 2150 1204 2213 accensa,
1232 2121 1290 2197 uti
1306 2121 1456 2227 opifices
1473 2140 1706 2229 agrestesque
1729 2151 1874 2214 omnes,
1899 2146 1983 2225 quo·

580 2327 689 2395 :Guela
705 2351 770 2390 ω.
783 2328 812 2389 6.
823 2352 851 2410 7.
872 2330 968 2389 Senat.
989 2326 1099 2389 Fabric.
1119 2326 1220 2387 Vinar.
1234 2340 1264 2383 ἰ.
1284 2323 1346 2385 Bas
1368 2326 1435 2398 nl.
1454 2326 1534 2387 Vrat.
1551 2348 1577 2387 1.
1593 2333 1620 2392 3.
1650 2326 1740 2390 baad.
1760 2329 1857 2394 Strnr.
1888 2330 1984 2387 incert

595 2456 622 2495 r.
642 2434 727 2495 Rem.
747 2434 851 2494 Franc.
871 2435 971 2493 Hense.
989 2431 1157 2492 teian-m.
1178 2431 1308 2495 Markr.
1322 2444 1358 2495 Λ.
1389 2431 1473 2491 Bodl.
1501 2432 1570 2516 Τις.
1588 2433 1684 2494 Turia.
1713 2433 1798 2493 Bam.
1816 2433 1847 2498 ὅ.
1867 2442 1895 2495 et
1913 2428 1986 2493 omni

579 2547 677 2619 irrep.
699 2536 881 2603 etamlirl.

676 2662 827 2747 Campi..
842 2664 966 2726 metam
987 2666 1029 2725 ita
1050 2666 1148 2745 plures
1162 2675 1192 2725 et
1207 2666 1341 2725 meliores
1356 2664 1433 2725 libri.
1465 2665 1592 2727 inaniorem
1614 2670 1710 2735 ceteri.
1737 2668 1792 2729 sibi
1803 2688 1921 2749 peram.
1939 2664 1987 2725 sibi

592 2790 654 2833 om.
675 2768 800 2831 Barna.
821 2770 912 2850 plebes
941 2770 1002 2829 Bas.
1016 2791 1043 2829 1.
1073 2769 1183 2831 Fabric.
1198 2790 1224 2829 1.
1253 2771 1350 2831 inca.
1371 2770 1467 2831 Senot.
1487 2770 1588 2832 Heuss.
1608 2773 1748 2837 vinam.
1774 2773 1872 2834 Guell.
1887 2768 1948 2833 r-3.
1958 2793 1984 2851 9.

591 2875 801 2952 decorisrternt
821 2876 970 2957 itavulgo.
989 2873 1109 2950 sedfiait
1128 2873 1241 2937 Fabric.
1261 2874 1329 2934 Sea.
1344 2896 1369 2933 r.
1396 2876 1649 2948 Bae.1.4.Aead.
1670 2878 1729 2938 inc.
1749 2878 1845 2941 Strur.
1865 2877 1944 2937 Rern.
1959 2895 1983 2934 a.

590 2960 689 3039 Caeli.
706 3000 730 3037 ι.
744 2997 770 3039 a.
780 3001 809 3060 9.
829 2979 910 3039 Leid.
923 2978 954 3037 d.
965 2978 996 3037 b.
1011 2978 1070 3039 Erl.
1091 2978 1161 3038 Tur.
1181 2990 1245 3040 erat
1263 2978 1360 3039 Guell.
1378 3001 1423 3040 ιο.
1445 3002 1485 3041 m.
1493 3002 1539 3063 pr.
1559 2980 1681 3043 verbnm
1697 3004 1757 3047 om.
1777 2981 1862 3042 Rern.
1874 3004 1898 3041 r.
1912 2982 1983 3045 Vral.

590 3083 620 3145 3.
641 3083 762 3145 addidit
781 3082 1188 3148 Fabrie.-adaebat-I.eid.d.
1207 3084 1310 3155 Baal-
1328 3087 1559 3147 moderabantur
1585 3085 1695 3147 Feltria.
1707 3106 1735 3146 a.
1763 3086 1863 3147 Guelf-
1879 3086 1986 3166 a.3.9.

588 3188 861 3271 1eid.g.Beru.3.
891 3189 1087 3251 moder-abant
1105 3190 1249 3249 vinear.
1280 3189 1391 3251 Fabric.
1408 3213 1432 3250 ι.
1453 3190 1520 3274 Teg.
1549 3192 1710 3263 arrasam
1734 3191 1815 3251 leid.
1831 3190 1983 3250 d.l.b.rn.

589 3293 649 3357 Erl.
670 3294 731 3353 Bas.
742 3294 770 3364 l.
791 3292 860 3353 Tur.
883 3292 1000 3370 volgum
1020 3292 1073 3351 Bas
1086 3314 1112 3357 r.
1132 3290 1222 3353 Acad.
1242 3294 1322 3354 Vrat.
1338 3314 1365 3353 2.
1386 3293 1483 3355 Guell.
1495 3316 1521 3355 a.
1543 3295 1665 3374 valgum
1676 3297 1818 3376 plerique.
1833 3297 1984 3375 anamee-

590 3398 653 3457 teri.
673 3398 752 3477 valg.
766 3397 897 3457 eecr'tare
915 3396 982 3455 Sen.
995 3418 1020 3455 1.
1040 3396 1141 3456 Boon.
1163 3418 1245 3457 ream
1261 3417 1407 3459 accersere
1424 3399 1486 3458 Bas.
1497 3399 1526 3469 Δ.
1546 3399 1626 3465 Leid.
1638 3402 1658 3458 s.
1670 3402 1749 3461 lcm.
1764 3401 1833 3459 vin.
1846 3422 1871 3460 ι.
1891 3403 1985 3461 Frane.

589 3500 743 3561 Gueliro.
761 3522 806 3561 ια.
836 3519 982 3559 accersere
993 3520 1028 3558 ex
1038 3498 1120 3561 Cart.
1146 3499 1236 3561 Acad.
1256 3504 1351 3565 Strur.
1380 3504 1476 3567 Senat.
1492 3524 1519 3563 a.
1547 3504 1647 3564 Hense.
1668 3505 1765 3566 Guelf.
1775 3506 1804 3566 3.
1815 3508 1841 3578 4.
1852 3529 1880 3588 7.
1898 3524 1984 3587 poena

590 3604 694 3683 capitrk
710 3624 773 3663 arc.
799 3604 882 3666 Rern.
899 3624 924 3661 r.
952 3602 1149 3684 Guelf.9.rr.
1174 3606 1350 3669 celebravere
1375 3608 1456 3668 Leid.
1468 3612 1488 3669 1.
1515 3609 1610 3689 plebes
1628 3610 1730 3675 ΒΑΜ.
1750 3610 1874 3677 Faber.
1897 3610 1984 3671 Guell.

592 3728 620 3769 a·
634 3707 664 3767 ὅ.
684 3706 819 3767 Senam.
840 3708 908 3767 Vin.
925 3728 949 3770 r.
962 3707 1196 3786 frequentabant
1211 3709 1301 3771 Fabr.
1314 3731 1339 3769 ι.
1360 3713 1419 3773 inc.
1434 3734 1462 3773 2.
1487 3714 1571 3773 Rern.
1583 3736 1608 3774 ι.
1628 3714 1696 3776 Ero.
1717 3714 1839 3780 Rernb.
1869 3714 1984 3777 Manebb

590 3810 734 3876 Mancino
754 3812 880 3888 itaSen.
897 3832 921 3875 ι.
943 3810 1025 3870 Cart.
1046 3811 1190 3872 Mancino
1202 3816 1289 3873 etiam
1307 3814 1452 3876 Commel.
1474 3821 1533 3879 Pal.
1545 3841 1572 3900 7.
1589 3818 1695 3885 Franc.
1715 3820 1797 3881 Leid.
1811 3842 1853 3880 m.
1865 3844 1891 3885 e.
1908 3820 1983 3881 eenri

591 3936 680 3998 quarn
708 3917 832 3975 mariam
846 3918 968 3977 variant.
989 3915 1041 3973 alii
1056 3914 1216 3990 Maraina,
1239 3920 1290 3977 alii
1302 3916 1506 3994 Numantino,
1527 3926 1576 3983 alii
1589 3923 1727 3999 Manci03
1746 3924 1865 3987 Manl‘w
1873 3923 1983 3987 Manci-

592 4020 632 4081 b'o
651 4018 936 4079 Bas.1..L.Manlio
957 4019 1041 4077 Bern.
1054 4039 1078 4077 r.
1094 4020 1162 4080 Vin.
1175 4041 1199 4079 ι.
1220 4020 1316 4081 Guell.
1331 4023 1429 4101 lgsed
1443 4026 1467 4083 is
1480 4025 1615 4089 Manilio.
1634 4028 1738 4090 Mallia
1755 4029 1894 4093 Macrino
1912 4028 1982 4090 leid.

591 4146 618 4185 a.
638 4123 754 4185 Manlio
774 4124 915 4183 Mancino
936 4124 1016 4183 Leid.
1031 4127 1052 4182 l.
1074 4124 1267 4205 quadrarum
1290 4138 1376 4207 puto.
1404 4128 1520 4191 Manlio
1542 4134 1621 4192 enim
1642 4136 1730 4217 longe
1754 4138 1886 4215 plurimi.
1918 4137 1979 4194 item

591 4228 747 4301 Mancino,
762 4230 917 4291 cuirnlooo
931 4227 1065 4321 deterior.
1084 4228 1235 4301 Mantina,
1248 4232 1429 4312 optimorum
1444 4233 1589 4297 librorum
1604 4240 1774 4302 auctoritate
1790 4243 1980 4303 confirmetur·
