4050 5009
1425 388 1495 485 ¹⁶9

114 558 211 639 initio
224 562 383 649 huiusce
396 566 489 651 belli
510 566 648 673 legatos
676 562 837 643 Romam
862 566 1036 659 miserat,
1060 564 1186 645 fmdus
1215 580 1254 641 et
1283 564 1495 644 amicitiam

114 686 282 787 petitum
303 718 422 799 quam
441 720 522 771 rem
541 690 916 796 opportunissumam
930 692 1083 796 incepto
1104 690 1119 788 (
1130 690 1259 789 bello)
1288 689 1403 795 pauci
1425 691 1496 766 im·

113 809 339 911 petiverant,
371 816 462 893 ceci
493 814 666 907 avaritia,
689 815 774 917 quis
807 815 936 891 omnia
964 814 1123 892 honesta
1153 830 1269 917 atque
1295 808 1496 891 inhonesta

20 966 21 969 ι
113 935 261 1015 rendere
285 964 367 1017 mos
396 957 487 1017 erat.
534 938 662 1015 Etiam
687 954 799 1015 antea
816 938 1010 1044 Iugurthse
1035 938 1114 1015 filia
1144 937 1282 1015 lloochi
1306 954 1497 1043 nupserat

113 1058 245 1137 Verum
275 1088 319 1137 ea
345 1062 580 1144 necessitudo
606 1060 711 1168 apud
731 1062 915 1139 Numidas
936 1064 1167 1165 Maurosque
1195 1062 1286 1139 levis
1313 1062 1496 1150 duciturs

113 1181 193 1283 quia
217 1184 381 1291 singuli,
400 1214 471 1292 pro
485 1186 623 1291 opibus
642 1184 822 1289 quisque,
847 1212 965 1288 quam
991 1186 1178 1290 plurimas
1203 1212 1356 1277 uxores,
1382 1186 1498 1264 denas
1537 1251 1540 1255 s

112 1304 185 1396 alii,
208 1308 273 1385 alii
291 1310 420 1415 plures
438 1310 606 1403 habent,
631 1307 696 1385 scd
712 1334 814 1413 reges
835 1335 880 1385 eo
896 1310 1071 1413 amplius
1126 1312 1185 1385 Ita
1223 1309 1374 1386 animm
1397 1310 1499 1385 mul·

112 1426 268 1509 titudine
285 1434 529 1530 distrahitur3
551 1433 702 1510 nullam
720 1460 791 1539 pro
802 1432 903 1509 socia
921 1432 1085 1509 obtinet:
1102 1433 1248 1537 pariter
1263 1459 1392 1509 omnes
1405 1434 1497 1509 viles

20 1593 21 1661 3
112 1571 201 1633 sunt
247 1558 371 1663 Igitur
388 1560 430 1636 in
453 1559 582 1635 locum
607 1556 792 1633 ambobus
817 1556 1007 1660 placitum
1026 1556 1210 1633 exercitus
1234 1558 1471 1635 conveniunt
1487 1566 1544 1632 :81

102 1676 180 1768 ibi,
196 1678 269 1757 fide
286 1682 375 1757 data
396 1700 435 1759 et
459 1699 633 1789 accepta,
658 1678 843 1785 Iugurtha
875 1678 1015 1755 Bocchi
1038 1681 1214 1757 animum
1237 1683 1410 1759 oratione
1439 1708 1502 1757 ac·

115 1801 251 1879 cendit:
274 1807 463 1883 Romanos
482 1807 657 1897 iniustos,
680 1803 874 1909 profunda
894 1803 1071 1897 avaritia,
1096 1806 1310 1882 communis
1327 1804 1503 1883 omnium

20 1932 21 1939 ’
114 1920 220 2001 hosth
233 1953 329 2005 csse:
351 1930 523 2007 eamdem
542 1930 628 2005 illos
646 1954 815 2005 caussam
832 1926 925 2003 belli
944 1954 1034 2003 eum
1048 1928 1197 2004 Boccho
1214 1926 1371 2021 habere,
1383 1955 1503 2032 quam

115 2070 230 2125 secum
246 2069 285 2126 et
306 2080 396 2129 cum
414 2055 497 2131 aliis
508 2052 711 2158 gentibus,
737 2051 951 2127 lubidinem
974 2051 1220 2153 imperitandi
1237 2084 1245 2126 :
1262 2052 1352 2155 quis
1372 2052 1502 2129 omnia

116 2196 218 2275 mgna
242 2174 399 2251 advorsa
418 2192 532 2253 sunt:
559 2192 642 2252 tum
661 2200 752 2265 sese,
775 2174 908 2280 paullo
930 2190 1020 2249 ante
1041 2173 1388 2279 Carthaginienses,
1409 2175 1503 2251 item

118 2320 229 2398 regem
240 2301 398 2390 Pemen3
421 2316 521 2405 post,
547 2300 606 2373 uti
622 2300 784 2403 quisque
802 2297 1121 2403 opulentissumus
1139 2298 1332 2391 videatur,
1356 2302 1410 2375 ita
1430 2301 1504 2375 lio-

119 2420 228 2497 manis
246 2419 395 2497 bostem
420 2422 509 2498 sore
543 2422 611 2497 His
630 2438 746 2524 atque
766 2421 850 2497 eliis
871 2420 1011 2495 talibus
1034 2420 1146 2495 dictis
1165 2420 1216 2496 ad
1236 2423 1381 2498 Cirtam
1394 2423 1504 2529 oppi-

120 2538 203 2618 dum
227 2545 299 2620 iter
327 2546 584 2635 constituunt,
616 2545 721 2647 quod
745 2544 804 2618 ibi
824 2544 998 2620 Metellus
1013 2542 1183 2648 praednm
1202 2546 1443 2651 captivosque
1466 2561 1505 2622 et

121 2664 378 2769 impedimenta
404 2670 597 2745 locaverat
634 2672 691 2742 Ita
716 2666 901 2773 Iugurtha
923 2683 1045 2757 ratus,
1068 2685 1137 2742 aut
1161 2684 1273 2774 cepta
1300 2671 1397 2746 urbe
1420 2698 1506 2776 pre·

121 2788 205 2867 tium
220 2790 301 2868 iore
311 2825 323 2887 ;
346 2809 414 2868 aut
432 2794 462 2868 si
479 2794 671 2869 Romanus
690 2792 832 2868 auxilio
852 2792 928 2867 suis
946 2791 1122 2881 venisset,
1146 2793 1279 2895 preelio
1293 2820 1369 2870 sese
1386 2812 1506 2871 certa·

123 3002 210 3048 omncs
220 2990 276 3049 iere
292 2989 370 3051 libri.
390 2990 503 3053 Bocchi
520 2992 620 3057 Vinsr.
633 3012 660 3052 ι.
679 2992 783 3051 Frano.
802 2994 887 3051 Vrat.
900 2990 928 3055 3.
950 2993 1010 3053 inc.
1021 3014 1046 3052 ι.
1066 2992 1134 3053 tec.
1160 2990 1258 3053 castr.
1269 2992 1298 3063 l.
1310 3015 1338 3074 7.
1350 3014 1382 3073 9.
1398 3015 1443 3053 ιο.
1458 3016 1504 3054 ιι.

123 3086 190 3150 leid.
201 3116 226 3155 c.
238 3096 259 3154 l.
271 3092 303 3155 h.
315 3098 335 3155 i.
352 3096 379 3156 l.
391 3118 431 3155 ιιι.
445 3118 474 3157 ιι.
496 3098 580 3156 Paris.
592 3120 619 3157 c.
634 3097 664 3161 d.
685 3096 753 3174 quib
769 3097 879 3175 singuli
897 3096 993 3156 Gueli.
1010 3119 1036 3155 ι.
1051 3096 1080 3160 3.
1101 3096 1190 3156 dead.
1211 3098 1307 3156 inca.
1326 3097 1367 3155 ita
1383 3098 1505 3164 llorere.

124 3203 147 3251 ct
155 3214 247 3259 omncs
260 3199 340 3259 Leid-
356 3200 470 3281 (preter
483 3203 503 3260 i.
525 3203 577 3281 qui
592 3201 663 3279 quid
673 3199 783 3278 habat.)
804 3200 866 3261 Bas.
885 3222 911 3260 ι.
933 3200 1018 3259 Bern.
1028 3201 1057 3261 3.
1078 3202 1158 3279 quod
1172 3204 1271 3280 plnres
1281 3198 1374 3259 Cottii
1382 3219 1506 3261 omues·

124 3316 172 3376 que
183 3301 257 3363 iiivii
274 3306 408 3364 retinent.
427 3326 483 3383 pro
500 3304 598 3384 opibus
611 3305 714 3385 quique
726 3306 824 3369 Guell.
837 3304 866 3365 3.
896 3306 1023 3363 habeant
1047 3303 1161 3363 Fabric.
1184 3325 1209 3361 ι.
1228 3301 1297 3384 Teg.
1318 3302 1506 3365 multitudine

124 3403 226 3467 αιιίιιιιιι
242 3408 420 3468 distrahitur
439 3408 524 3469 Febr.
543 3432 569 3474 ι.
591 3411 673 3469 nulla
693 3410 789 3471 Gueli.
807 3430 851 3469 ιι.
873 3428 949 3471 unus
962 3408 1082 3482 Wassii,
1100 3409 1142 3468 ita
1155 3406 1257 3467 Canio
1269 3417 1298 3467 et
1312 3406 1507 3469 Gortiuredi-

125 3506 223 3569 deant
243 3512 373 3573 obtinent
394 3514 482 3574 dead.
503 3516 561 3574 ius.
573 3536 599 3573 ι.
621 3514 716 3573 Guell.
732 3535 776 3573 ιο.

198 3636 266 3721 Cap.
282 3644 331 3703 81.
360 3643 524 3703 eommunis
549 3644 681 3703 omnium
703 3644 792 3705 bostis
814 3662 871 3705 csse
897 3640 1033 3703 Gueltt.
1061 3638 1222 3701 lubidinem
1237 3638 1350 3703 Fabrie.
1365 3663 1391 3701 ι.
1406 3642 1508 3705 Sonat

127 3738 214 3802 lleuss.
233 3744 467 3812 Guels.1.2.12.
489 3748 655 3823 docuisti,
674 3751 787 3831 aliquot
796 3750 910 3811 nanti.
929 3748 1026 3807 Turis.
1052 3742 1173 3805 libidine
1201 3744 1297 3805 ceteri.
1325 3743 1388 3805 Bas.
1403 3768 1428 3806 ι.
1449 3750 1509 3807 ad·

127 3866 202 3908 vorsc
215 3862 278 3911 canl
297 3851 360 3913 Bas.
376 3874 402 3911 ι.
422 3855 523 3913 incert.
544 3854 610 3917 Ecc.
631 3852 728 3913 Gueli.
740 3854 769 3913 6.
782 3876 810 3936 7.
827 3874 871 3911 ιι.
889 3871 933 3911 12.
958 3860 1021 3909 lum
1040 3868 1097 3909 sese
1113 3850 1262 3927 insensum
1280 3850 1365 3910 liern.
1381 3870 1410 3912 1.
1429 3849 1509 3913 dicu

128 3948 259 4028 inicum
277 3960 368 4039 paulo
387 3956 455 4022 Tur.
487 3956 594 4019 Persen
607 3976 713 4038 regem.
734 3956 847 4017 Febris.
861 3978 886 4015 ι.
906 3956 974 4037 Teg.
995 3954 1149 4015 videtum
1167 3956 1252 4021 Rem.
1265 3977 1293 4021 a.
1308 3954 1407 4021 inca.
1425 3958 1506 4018 Vrat.

132 4073 155 4115 a.
172 4060 266 4127 Vinar.
279 4084 306 4128 a.
326 4062 407 4122 Leid.
418 4062 448 4122 b.
463 4084 490 4123 c.
503 4085 533 4144 g.
554 4062 653 4133 band.
673 4060 724 4122 ubi
738 4060 853 4140 qttisqnc
872 4060 938 4121 Sen.
951 4082 976 4119 1.
993 4060 1060 4122 Ecc.
1077 4058 1197 4121 Vratr.
1218 4058 1317 4121 Guell.
1331 4083 1357 4123 1.
1371 4059 1445 4144 Τις.
1469 4064 1509 4141 Q.

130 4156 246 4226 Moenus
255 4168 323 4252 Teg.
333 4168 395 4227 Bes.
411 4189 435 4226 ι.
447 4168 475 4237 l.
496 4167 566 4227 Tur.
584 4165 668 4225 bero.
687 4188 710 4225 ι.
722 4170 750 4228 3.
771 4176 855 4245 copto
865 4163 1067 4245 nrbepretium
1075 4165 1155 4241 ¹fore·
1167 4164 1230 4224 Bas.
1244 4186 1270 4229 ι.
1290 4166 1416 4226 Mannfii
1428 4166 1507 4241 libri,

131 4268 216 4345 plures
229 4270 311 4339 hirii.
325 4292 420 4355 operae
433 4276 518 4335 ceteri
529 4270 652 4333 addunt.
667 4272 731 4331 disc
739 4270 898 4331 Romanus·
909 4270 970 4330 Bas.
980 4292 1008 4329 ι.
1018 4271 1048 4342 4.
1068 4268 1140 4329 item
1148 4314 1155 4329 .
1163 4270 1215 4333 sle
1226 4268 1331 4331 Frane.
1343 4271 1425 4335 Vrat.
1439 4292 1465 4329 a.
1477 4270 1507 4331 3.

1061 4420 1108 4471 22
