4050 5009
414 369 461 459 ss,

414 568 463 636 47.
484 554 638 617 abdicatus
660 560 865 641 amagistratn
888 559 937 641 49.
957 559 1129 621 exurebant
1149 562 1197 627 51.
1216 560 1267 623 scd
1284 562 1318 623 in
1341 554 1459 621 erilium
1478 561 1611 642 permitti
1633 524 1681 623 35.
1701 560 1813 641 paulu-

411 656 475 713 lum
498 655 671 715 ascenderis.

451 806 454 811 ¹
493 821 647 901 &agatthe
667 845 711 883 ιι.
733 827 819 885 illum
833 826 927 886 tribus
937 828 1080 907 proximis
1097 829 1184 887 annis
1203 826 1252 887 38.
1273 828 1313 887 ita
1328 826 1435 887 delicta
1451 828 1566 887 dicebat
1578 828 1737 887 occultiora
1749 827 1813 885 iore

417 917 464 987 43.
489 921 598 977 auxilia
615 922 730 982 mittere
750 923 815 1001 (vel
831 924 975 984 mutando
995 945 1085 1004 supra
1112 926 1221 984 lineam
1245 924 1407 1006 seriptum)
1435 936 1555 1007 propter
1576 925 1813 1007 opportunitates

415 1016 474 1075 loci
495 1016 543 1075 68.
559 1017 592 1075 in
606 1018 704 1097 primo
718 1024 778 1081 late
799 1033 847 1103 74.
868 1022 956 1081 ceteri
976 1028 1039 1100 ejus
1060 1024 1179 1081 milites.

756 1298 827 1372 DE
852 1299 1111 1375 CODICIBUS
1136 1298 1467 1377 FLORENTlNlS.

514 1486 774 1569 Mediceorum
801 1497 1092 1574 illustrissimam
1124 1514 1274 1604 gentem
1299 1527 1378 1574 non
1398 1496 1523 1572 solum
1545 1494 1593 1569 de
1616 1493 1814 1598 republica

417 1598 659 1698 Florentino,
690 1611 884 1711 sedetiam
907 1614 954 1689 de
975 1616 1174 1690 literarum
1189 1615 1408 1717 artiumque
1427 1612 1553 1686 studio
1572 1612 1714 1713 optime
1736 1638 1816 1687 mc-

416 1715 532 1793 t‘itam
544 1746 627 1811 csse,
641 1752 754 1800 nemo
768 1744 833 1817 est,
851 1730 920 1831 qui
943 1732 1093 1805 nesciat.
1118 1732 1348 1805 Testimonic
1368 1744 1459 1803 sunt
1485 1754 1575 1801 cum
1590 1727 1664 1799 alia
1679 1752 1815 1800 eorum

324 1837 330 1849 '
418 1830 542 1908 laudis
555 1831 823 1932 monumenta,
841 1861 925 1919 tum
938 1846 1169 1922 bibliotheca
1185 1845 1453 1922 Laurentisne.
1479 1843 1607 1938 Quam
1625 1870 1715 1916 cum
1727 1842 1815 1946 plu-

418 1948 603 2026 rimorum
615 1973 818 2031 auctorum
831 1964 1172 2061 praestantissimos,
1188 1964 1310 2038 Taciti
1321 1960 1532 2037 Annalium
1546 1958 1649 2051 (Lib.
1662 1985 1730 2031 1-
1740 1960 1814 2051 vr.)

417 2066 532 2141 etiam
557 2072 720 2146 unicum
751 2075 920 2151 codicem
948 2080 1145 2153 continere
1168 2078 1443 2181 cognovissem,
1469 2076 1630 2151 Salustio
1659 2100 1820 2175 quoque

417 2206 500 2255 eam
517 2186 632 2259 saluti
653 2188 733 2264 sore
747 2217 993 2293 speraveram.
1027 2196 1156 2291 Quam
1169 2194 1325 2296 quidem
1343 2220 1448 2296 spem
1467 2192 1617 2267 firmare
1633 2190 1817 2267 videban-

419 2310 484 2369 tur
509 2316 565 2374 tot
589 2304 704 2380 Codd.
726 2306 1029 2382 Salustianorum
1056 2309 1097 2382 in
1117 2309 1294 2413 catalogis
1319 2337 1340 2383 a
1364 2336 1424 2383 me
1444 2309 1530 2383 lecti
1559 2307 1686 2397 tituli,
1711 2315 1817 2391 (am-

418 2412 519 2516 plius
546 2420 650 2492 enim
677 2423 831 2526 triginta
860 2424 974 2499 Codd.
998 2426 1150 2500 Salustii
1165 2426 1219 2500 ibi
1236 2430 1495 2513 asservantur)
1522 2425 1589 2526 qui
1603 2422 1817 2511 millitem-

379 2559 387 2575 ·
420 2531 523 2630 poris
546 2537 717 2639 angustia
733 2566 857 2641 presso
868 2598 879 2631 ,
892 2541 948 2616 vel
960 2543 1133 2617 timorem
1147 2543 1378 2645 injecerunt,
1397 2559 1442 2615 ut
1464 2567 1592 2615 omnes
1607 2538 1817 2615 Coddlln

419 2670 497 2746 qua
519 2651 659 2751 parsit
683 2654 899 2759 diligentia,
922 2675 1097 2732 excutere
1116 2685 1269 2761 possem.
1295 2658 1367 2733 Sed
1394 2656 1469 2732 hoa
1493 2656 1650 2759 quidem
1679 2655 1818 2731 timore

416 2760 521 2837 brevi
540 2766 685 2843 solutus
704 2797 799 2845 sum.
837 2772 1040 2848 Codicibus
1068 2776 1192 2867 enim,
1220 2774 1287 2876 qui
1306 2772 1557 2875 antiquissimi
1579 2770 1819 2860 dicebantur,

417 2883 631 2957 accuratius
653 2888 895 2977 examinatis,
923 2890 1063 2966 multos
1081 2889 1260 2992 quidem,
1286 2890 1453 2965 sednon
1480 2888 1641 2990 optimos
1668 2886 1817 2961 codices

416 2993 619 3074 Florentiae
643 3008 819 3078 asservari
842 3007 1009 3109 cognovi.
1043 3006 1160 3079 Multi
1181 3006 1297 3109 magis
1319 3004 1530 3108 splendoris
1558 3020 1596 3077 et
1618 3002 1818 3108 elegantiae

415 3134 541 3202 causa,
568 3142 644 3217 qua
666 3121 808 3193 exarati
825 3138 935 3223 sunt,
960 3150 1079 3225 quam
1096 3122 1202 3224 quod
1222 3148 1354 3196 eorum
1369 3122 1486 3196 virtus
1507 3120 1622 3195 fuerit
1641 3146 1819 3223 perspec-

414 3240 472 3315 ta,
498 3232 590 3303 emti
613 3259 688 3307 esse
707 3235 895 3311 videntur.
941 3239 1058 3334 Quod
1079 3238 1275 3340 qnondam
1294 3237 1584 3313 Ptolemaeorum
1607 3235 1819 3309 liberalita-

330 3401 336 3419 .
384 3440 391 3457 ,
415 3358 451 3415 te
469 3342 615 3421 sactum
637 3368 707 3438 est,
733 3369 778 3424 ut
800 3354 913 3426 multi
936 3354 1136 3429 deteriores
1162 3355 1252 3427 libri
1283 3371 1321 3429 et
1344 3354 1463 3456 spurii
1491 3380 1561 3455 pro
1585 3351 1760 3456 genuinis
1789 3379 1818 3425 a

415 3457 714 3539 bibliothecariis
735 3485 971 3556 emerentur,
1003 3468 1043 3545 id
1066 3470 1190 3543 nescio
1224 3498 1274 3543 an
1298 3472 1413 3543 etiam
1432 3470 1608 3543 Mediceis
1629 3494 1819 3543 nonnun-

417 3600 535 3673 quam
552 3580 741 3655 acciderit.
765 3584 862 3657 Nam
872 3582 948 3659 hcc
964 3613 1050 3659 vere
1073 3585 1219 3673 dixeris,
1240 3586 1280 3658 in
1298 3585 1528 3660 bibliotheca
1555 3586 1818 3659 Laurentiana

416 3704 454 3761 et
481 3692 643 3793 optimos
668 3713 706 3769 et
723 3700 898 3800 pessimos
925 3684 1041 3775 libros
1065 3704 1148 3775 Mss.
1175 3702 1350 3775 inveniri.
1376 3703 1506 3802 Neque
1532 3700 1713 3775 mediocri
1726 3699 1822 3774 dili-

409 3807 536 3907 gentia
571 3837 665 3913 opus
692 3813 783 3902 fuit,
809 3833 853 3888 ut
880 3818 965 3918 quis
992 3819 1204 3892 accuratius
1230 3818 1277 3890 de
1299 3817 1414 3891 Codd.
1435 3832 1634 3905 statueret,
1660 3842 1747 3889 cum
1769 3816 1821 3890 li-.

411 3920 571 3996 brorum
588 3927 686 4029 typis
706 3956 964 4033 expressorum
976 3961 1099 4035 pauca
1132 3934 1189 4008 vel
1216 3930 1324 4009 nulla
1347 3932 1516 4033 exempla
1550 3922 1591 4005 in
1628 3946 1821 4035 promptu

410 4054 539 4111 essent.
576 4043 658 4114 Ima
688 4044 768 4146 ipsa
795 4064 922 4121 nostra
951 4066 1061 4125 aetate
1090 4049 1243 4123 nonnisi
1262 4048 1385 4123 multo
1405 4075 1477 4123 usu
1497 4064 1534 4121 et
1552 4074 1689 4152 magna
1710 4074 1824 4121 exer.

408 4152 590 4229 citatione
602 4161 823 4261 assequaris,
847 4178 893 4235 ut
909 4162 956 4238 de
972 4166 1088 4240 unius
1110 4166 1308 4241 alteriusve
1328 4166 1491 4241 auctoris
1506 4164 1615 4238 libris
1623 4165 1714 4241 Mn·
1732 4192 1823 4241 mc-

403 4268 475 4345 tius
495 4270 646 4375 judices
