4050 5009
1621 398 1688 480 151

280 718 563 795 naornnrs
573 712 1292 816 uauunQuanrsronnnnAnnu
1303 710 1531 809 rinonr,
1544 714 1693 817 Quin

181 934 190 947 ,
305 860 580 939 SALUSTIUM
602 860 656 939 IN
679 862 725 937 V.
749 856 1094 943 HISTORIARUM
1119 856 1272 933 LIBRIS
1295 856 1527 935 SECUTUM
1550 860 1666 938 ESSE

772 996 1062 1075 VElilSlMlLE
1085 998 1185 1073 EST.

884 1222 916 1295 L
938 1246 953 1295 s
977 1244 1007 1295 a
1058 1222 1087 1295 1.

424 1386 501 1463 Res
524 1386 682 1463 duorum
707 1413 889 1463 antrorum
912 1386 989 1487 676
1013 1405 1051 1461 ct
1075 1387 1148 1489 677
1172 1412 1209 1487 p.
1239 1382 1283 1463 U.
1311 1386 1350 1462 G.
1381 1394 1549 1464 conduct.

362 1562 478 1628 Brevis
497 1562 712 1650 argumenti,
741 1566 837 1647 quod
858 1562 1007 1647 scriptor
1028 1566 1244 1628 tractandum
1264 1564 1334 1628 sihi
1355 1572 1563 1652 sumpserat,
1582 1580 1686 1653 erpo-

277 1668 368 1734 sitio.
390 1672 456 1734 Lu.
476 1670 544 1733 inc.
559 1672 610 1749 34.
628 1668 795 1753 Sequitur
815 1669 1071 1755 historicorum,
1094 1670 1157 1753 qui
1178 1678 1277 1735 antea
1290 1670 1330 1734 in
1339 1670 1573 1737 Romanorum
1587 1672 1691 1739 rebus

277 1774 468 1840 scribendis
496 1776 774 1861 elaboraverant,
805 1776 961 1842 recensio
967 1800 978 1853 ς
1009 1784 1044 1844 et
1072 1776 1159 1860 quid
1179 1776 1347 1841 Salustius
1372 1776 1446 1863 ipsc
1473 1786 1607 1843 secutus
1626 1776 1687 1857 sit,

278 1888 465 1946 enarratur.
487 1882 514 1945 1.
536 1899 565 1946 a.
586 1886 617 1946 3.
637 1901 667 1961 4.
689 1888 739 1963 34.
760 1882 828 1947 inc.
853 1899 921 1964 ¹9²·
943 1884 988 1947 de
1007 1890 1097 1947 statu
1116 1880 1318 1967 reipublicae
1339 1881 1489 1968 exponit.
1509 1887 1537 1949 Ι.
1557 1884 1586 1949 6.
1608 1886 1637 1948 6.
1659 1902 1688 1966 7.

278 1988 321 2051 de
328 1986 539 2054 seditionum
552 1987 672 2052 causis.
687 1991 755 2069 ⁸‹9·
772 1990 814 2052 de
830 1988 1202 2073 Gracchis‚postremis
1216 2008 1334 2055 earum
1345 1990 1543 2054 auctoribus
1557 1990 1627 2056 inc.
1637 1992 1689 2068 4³·

281 2094 349 2155 158.
359 2110 507 2157 accensae
518 2100 598 2158 sunt
615 2092 722 2155 Marii
734 2093 907 2175 Sullaeqne
923 2093 1136 2178 inimicitiis,
1145 2092 1186 2177 θ)
1199 2094 1294 2158 bello
1307 2094 1443 2177 sociali,
1457 2094 1617 2157 Cinnano
1632 2100 1689 2155 tn-

277 2196 671 2280 multu1.71.inc.llt,.
695 2211 761 2275 147.
790 2194 874 2259 inde
899 2203 1016 2258 ortum
1040 2196 1194 2277 primum
1217 2196 1352 2258 bellum
1378 2196 1601 2259 civile1.61.
1622 2194 1691 2259 inc.

278 2324 307 2385 7.
328 2318 379 2365 rr.
399 2316 451 2379 4²·
473 2304 523 2367 tr.
552 2298 824 2387 proscriptiones
844 2300 872 2362 1.
894 2316 941 2366 rc
962 2297 1031 2362 inc.
1052 2316 1121 2380 ²7⁴·
1150 2314 1260 2363 novus
1288 2296 1540 2364 discordiarum
1569 2304 1689 2365 auctor

355 2587 395 2672 θ)
413 2588 577 2675 Quamvis
607 2589 646 2652 in
674 2585 877 2675 fragmentis
906 2586 1006 2650 nulla
1035 2602 1107 2650 esse
1127 2582 1302 2649 'rideamr
1332 2582 1558 2671 significatio,
1597 2589 1690 2654 unde
1740 2598 1762 2629 ··

279 2690 461 2773 conjicias,
483 2696 716 2777 huncquoque
737 2694 925 2758 Salustium
945 2690 1117 2779 attigisse,
1139 2700 1253 2757 tamen
1271 2710 1336 2775 per
1354 2709 1389 2755 se
1409 2698 1524 2777 patet,
1550 2694 1625 2759 lraec
1644 2694 1689 2759 ab

277 2818 319 2861 eo
340 2796 458 2860 omitti
479 2818 551 2861 non
569 2798 731 2883 potuisse.
760 2800 951 2881 Ceterum,
978 2801 1075 2879 quod
1089 2796 1164 2875 jam
1184 2794 1309 2879 saepius
1328 2796 1468 2875 monui,
1499 2796 1689 2865 Salustium

277 2901 316 2962 in
338 2899 570 2969 Historiarum
589 2901 692 2968 libris
721 2901 877 2963 ordinem
897 2919 1071 2964 annorum
1091 2905 1243 2961 secutum
1265 2914 1338 2959 esse
1357 2902 1490 2980 statuo,
1520 2900 1616 2977 cujus
1635 2902 1690 2967 rel

279 3024 358 3067 cum
372 3003 482 3067 multa
496 3003 566 3066 alia
581 3004 651 3067 sint
667 3002 882 3093 testimonia,
901 3020 978 3083 quar
991 2998 1120 3085 passim
1135 2998 1346 3081 notavimus,
1368 3006 1440 3065 tum
1461 2992 1594 3067 accedit
1612 3006 1690 3091 hoc,

280 3111 378 3192 quod
408 3107 566 3173 omnium
595 3108 786 3192 bellorum,
815 3125 892 3190 quae
917 3104 958 3169 iu
986 3102 1131 3169 diversis
1159 3104 1253 3169 orbis
1277 3106 1427 3171 Romani
1451 3108 1607 3194 partibus
1632 3112 1690 3179 his

276 3216 413 3279 duobus
433 3214 534 3278 annis
554 3212 649 3300 g‘csta
669 3220 765 3290 sunt,
785 3212 901 3298 primo
920 3210 1011 3274 Hist.
1032 3208 1126 3275 libro
1147 3208 1235 3276 facta
1256 3217 1328 3275 erat
1348 3212 1489 3277 mentio.
1509 3216 1615 3281 Aliud
1634 3236 1689 3281 ar-

276 3328 478 3408 gumentum
498 3328 550 3385 est
569 3322 637 3385 hcc
660 3307 767 3402 quod,
786 3339 877 3396 cnm,
897 3302 1025 3402 Lepidi
1045 3336 1138 3381 mors
1150 3316 1189 3381 in
1202 3324 1401 3400 sequentem
1415 3338 1545 3395 aunum
1558 3320 1691 3389 incide·

277 3429 341 3513 rit,
369 3426 485 3492 Gellio
514 3434 550 3491 et
573 3426 690 3492 Nonio
718 3426 934 3510 auctoribus,
962 3422 1132 3489 Sardinirc
1153 3424 1340 3509 descriptio
1361 3424 1572 3491 insecundo
1592 3426 1686 3493 libro

277 3532 354 3597 fuit.
386 3534 554 3597 Ceterum
573 3534 671 3614 quod
690 3531 858 3597 Salustius
876 3530 978 3596 aliter
1000 3546 1105 3611 qnam
1124 3529 1164 3594 in
1183 3530 1334 3595 Catilina
1355 3538 1389 3596 et
1408 3534 1579 3620 iugurtha
1598 3532 1688 3601 icae·

276 3648 348 3715 rat,
378 3636 416 3701 in
443 3636 675 3701 Historiarum
703 3636 805 3701 libris
832 3635 1066 3701 narrationem
1092 3633 1203 3720 magis
1229 3636 1274 3697 ad
1301 3646 1492 3703 accuratam
1521 3639 1686 3727 temporis

278 3744 494 3811 notationem
513 3744 752 3828 conformavit,
771 3743 875 3822 hujus
893 3740 1035 3809 consilii
1054 3756 1192 3805 oaumm
1205 3748 1240 3805 et
1255 3760 1382 3821 rerum,
1400 3764 1485 3825 quas
1497 3747 1688 3833 scripturus

278 3859 370 3934 erat,
387 3850 607 3933 uarietatem,
621 3859 666 3915 et
685 3850 908 3933 antiquorum
927 3847 1131 3931 scriptorum
1151 3846 1307 3931 exempla
1325 3850 1525 3933 putaverim.
1564 3852 1686 3919 Catili·

277 3974 331 4021 nae
359 3955 454 4025 enim
482 3964 585 4038 atque
614 3956 819 4041 iugurthini
836 3956 925 4021 belli
943 3953 1015 4019 alia
1034 3962 1107 4020 erat
1126 3952 1232 4031 ratioc
1258 3953 1299 4019 in
1318 3954 1374 4021 his
1394 3958 1488 4021 enim
1509 3958 1610 4023 libris
1629 3974 1685 4023 res

278 4063 316 4126 P.
329 4061 374 4123 R.
394 4062 534 4145 carptim
557 4061 692 4151 scriptor
711 4070 816 4127 crant„
840 4064 908 4129 Sed
927 4059 1092 4135 historia,
1111 4059 1254 4123 illorum
1276 4068 1485 4147 temporum,
1503 4062 1567 4125 ubi
1585 4059 1685 4125 domi

278 4165 484 4249 militiaque
511 4175 564 4233 tot
589 4179 624 4233 ct
650 4175 722 4234 tam
746 4168 851 4236 varie
883 4187 938 4235 res
964 4166 1064 4233 brevi
1091 4167 1256 4252 temporis
1275 4168 1387 4253 spatio
1408 4176 1509 4253 geste
1530 4164 1682 4249 fuerant,

278 4279 435 4340 accurate
455 4272 561 4367 scribi
580 4296 653 4342 non
672 4283 828 4364 poterat,
858 4274 928 4341 nisi
955 4272 1087 4353 adiecta
1106 4270 1269 4359 diligenti
1300 4271 1464 4357 temporis
1491 4266 1681 4335 notatione.
