4050 5009
425 333 452 422 1

424 528 473 589 26.
489 550 561 613 quas
585 534 698 594 consuli
714 535 829 601 iecerat.
872 534 920 598 55.
939 547 1053 599 sumet
1070 536 1182 603 alienis.
1222 536 1271 621 47.
1292 534 1443 599 abdicatus
1463 557 1481 596 a
1501 537 1679 616 magistratu.
1701 533 1750 619 49.
1770 556 1821 599 ex-

420 627 566 694 ercebant.
589 631 637 690 51.
657 633 796 692 aliisulia
815 635 865 694 110.
888 645 930 694 est
947 668 967 683 -
986 638 1086 697 servior
1106 638 1162 695 luit
1181 668 1201 685 -
1219 636 1251 723 in
1271 638 1336 697 exit.
1359 656 1453 716 perm.
1470 634 1581 713 jubent.
1604 636 1651 705 54.
1672 633 1820 696 henetae

420 729 528 788 munii.
551 729 600 788 55.
621 728 674 788 ubi
692 733 847 811 paululum
863 732 1037 799 ascenderis.
1060 736 1107 795 58.
1128 735 1151 794 si
1167 746 1257 794 metu.
1281 735 1332 817 59.
1351 745 1380 793 ct
1400 734 1437 793 ab
1456 734 1554 793 dextra
1572 753 1644 813 rupe
1661 752 1769 813 aspera.

498 873 570 956 Jug.
586 873 615 945 4.
639 876 691 956 qui
711 887 779 937 sust.
794 899 837 937 ea.
861 902 889 961 7.
904 872 988 941 facile
1000 903 1171 943 occasurum
1194 884 1276 962 (eum
1293 904 1334 947 m.
1348 902 1404 941 sec.
1419 879 1563 957 addidit).
1585 900 1614 961 9.
1631 879 1703 939 item
1722 878 1822 939 ather·

417 969 494 1031 bale.
517 974 588 1051 (orte
610 961 767 1052 deletum).
793 998 838 1043 11.
865 982 966 1059 paucis
986 980 1088 1040 diebus
1110 980 1253 1060 (spatium
1280 1000 1406 1042 vacuum
1429 979 1505 1037 inter
1529 978 1600 1035 duas
1626 978 1821 1039 2000220110-

417 1069 498 1147 tum)
523 1084 569 1143 24.
588 1072 658 1129 mali
680 1072 837 1134 accidisset.
861 1096 907 1157 17.
924 1077 957 1134 in
978 1087 1092 1158 partem
1113 1077 1226 1135 tertiam
1240 1108 1259 1123 -
1270 1076 1381 1135 arboris
1396 1074 1583 1138 infecundus.
1599 1095 1646 1141 no.
1659 1075 1820 1135 discessere.

418 1164 467 1226 25.
483 1165 522 1225 ad
535 1168 601 1231 virt.
620 1170 737 1252 erigere.
761 1183 809 1243 24.
828 1193 863 1232 ex
876 1173 987 1231 manib.
1018 1175 1065 1233 25.
1085 1183 1128 1232 set
1143 1172 1179 1231 ab
1199 1172 1269 1231 eisd.
1288 1175 1356 1235 illis.
1389 1173 1438 1237 25.
1461 1174 1490 1230 12
1511 1182 1613 1230 senatu
1625 1182 1739 1251 potens.
1770 1170 1820 1233 52.

416 1260 528 1323 Cassius
540 1268 606 1346 ppl.
625 1286 650 1325 r.
668 1272 742 1349 perl.
754 1290 817 1352 rog.
840 1268 932 1349 (hinc
947 1292 1063 1331 causam
1078 1271 1182 1329 erroris
1194 1270 1354 1351 intelligas3
1376 1270 1507 1349 primurn
1526 1270 1581 1328 suit
1597 1271 1738 1350 scriptum
1753 1290 1784 1349 p.
1795 1290 1820 1329 r.

412 1361 444 1421 id
462 1363 515 1423 alii
530 1365 590 1422 alio
608 1366 700 1425 modo
715 1368 898 1448 interpretati
914 1380 1002 1442 sunt;
1023 1367 1094 1428 inde
1118 1370 1226 1427 lactum
1242 1378 1294 1445 est,
1313 1376 1346 1425 ut
1362 1366 1433 1425 duas
1448 1366 1653 1446 explicationes
1667 1368 1700 1426 in
1713 1376 1819 1426 textum

412 1460 601 1541 reciperent).
624 1462 674 1523 55.
688 1486 810 1548 suasque
824 1486 904 1546 opes.
925 1465 975 1537 54.
993 1465 1129 1525 discessit.
1151 1464 1201 1524 58.
1213 1464 1303 1529 Num.
1318 1463 1478 1527 decederet.
1496 1463 1553 1541 (m.
1564 1463 1621 1543 pr.)
1643 1463 1693 1543 59.
1707 1466 1822 1524 animus

410 1556 540 1622 ardebat.
563 1559 613 1631 45.
628 1581 694 1620 aux.
710 1565 833 1623 mittere.
862 1563 942 1636 442
958 1564 1060 1643 spurio
1080 1560 1191 1621 Albino
1214 1580 1327 1641 procos.
1357 1560 1406 1632 47.
1421 1558 1502 1625 huic.
1524 1562 1573 1641 49.
1591 1562 1634 1620 uti
1653 1561 1819 1642 prudentes.

368 1644 371 1650 ’
412 1655 461 1727 54.
476 1657 549 1738 regis
562 1659 649 1716 etiam
669 1669 744 1720 turn.
768 1660 816 1719 55.
830 1682 889 1741 quo
905 1661 1012 1720 clarior
1029 1670 1100 1720 erat.
1124 1660 1172 1718 60.
1185 1662 1341 1739 paululum
1359 1658 1460 1721 modo.
1483 1659 1531 1717 62.
1548 1661 1603 1717 luit
1620 1670 1717 1737 oport.
1729 1692 1748 1705 -
1766 1658 1821 1717 Lo·

412 1757 471 1837 9211
488 1753 640 1837 Jugurthre
654 1759 797 1838 imperata
817 1759 962 1817 sacurrum
979 1759 1029 1839 qui
1044 1758 1199 1817 dicerent·
1220 1756 1352 1816 accersiri
1369 1756 1459 1834 jubet.
1481 1755 1530 1814 85.
1547 1757 1592 1817 nir
1606 1766 1743 1835 appetere
1758 1776 1819 1814 non

409 1851 553 1929 audebat,
574 1876 654 1920 num.
676 1856 725 1927 64.
739 1856 764 1913 si
782 1855 855 1915 dim.
873 1876 940 1936 pars
957 1876 1000 1915 ex.
1020 1875 1114 1935 perrn.
1134 1854 1198 1913 sibi.
1226 1854 1275 1935 67.
1291 1853 1467 1913 obtruncati.
1498 1854 1546 1933 69.
1568 1876 1601 1912 cx
1619 1856 1748 1913 collatio.
1770 1874 1820 1935 71.
1923 1859 1925 1865 '

411 1950 541 2025 audivit,
562 1973 597 2011 ex
612 1964 743 2013 consuet.
776 1953 965 2035 75600021,
989 1954 1082 2013 modo
1102 1952 1220 2013 invidie
1239 1972 1306 2011 esse.
1337 1952 1494 2032 74101210
1516 1953 1712 2031 (postremam
1732 1955 1821 2033 syllo-

410 2046 478 2107 bnm
493 2070 572 2109 man.
591 2070 647 2115 sec.
661 2051 796 2129 delerit.)
820 2052 868 2131 75.
890 2050 1014 2109 Thalam
1032 2052 1174 2130 pervenit.
1196 2050 1231 2109 ld
1247 2049 1351 2129 oppid.
1370 2080 1387 2095 ·
1408 2048 1508 2129 ibique
1521 2050 1663 2129 plerique.
1686 2071 1734 2129 77.
1746 2068 1822 2132 gna-

407 2147 481 2207 riter
492 2148 630 2211 fecerant.
652 2149 701 2230 78.
722 2152 798 2231 leges
814 2152 980 2229 cultusque.
1011 2150 1060 2207 81.
1082 2150 1147 2229 quis
1160 2180 1180 2194 -
1198 2158 1265 2206 sunt
1290 2147 1350 2225 (m.
1370 2166 1427 2205 sec.
1449 2148 1480 2204 in
1505 2144 1550 2204 his
1577 2144 1692 2204 duobus
1714 2149 1822 2228 capiti-

408 2242 462 2303 bus
479 2246 602 2325 plurimi
616 2244 705 2305 codd.
725 2246 788 2323 quis
804 2246 958 2324 retinent).
981 2248 1030 2306 85.
1051 2247 1174 2324 posteris
1195 2248 1296 2305 lumen
1315 2254 1356 2302 est
1378 2242 1479 2322 (quusi
1493 2264 1533 2299 m.
1554 2242 1609 2301 sec.
1625 2242 1822 2323 adscripsit)-

410 2362 499 2421 quam
518 2342 702 2415 divitiarum,
726 2363 817 2402 armn.
848 2344 898 2403 86.
920 2345 983 2403 aliis
1001 2343 1123 2403 utilibus
1156 2344 1222 2424 (que
1248 2364 1288 2406 m.
1314 2360 1369 2405 sec.
1394 2340 1531 2419 adjecit).
1554 2340 1821 2419 952111110111212-

411 2439 514 2499 ciundi
534 2441 668 2499 animum
691 2441 778 2500 vertit
795 2472 814 2487 -
833 2443 989 2521 paululum
1010 2440 1101 2499 modo
1134 2473 1151 2486 -
1180 2440 1284 2499 eodem
1306 2438 1467 2521 regreditur
1487 2471 1506 2485 -
1527 2460 1584 2518 qua
1602 2438 1663 2518 ipse
1681 2438 1822 2498 ascende-

408 2547 462 2595 rat.
491 2559 541 2617 97.
558 2539 672 2617 aceepit
696 2536 821 2596 dubium
841 2570 860 2584 -
881 2536 1080 2597 difficiliorem
1101 2556 1167 2597 esse.
1203 2558 1271 2597 101.
1293 2546 1321 2597 et
1342 2538 1375 2596 in
1391 2538 1540 2615 perculsos
1562 2536 1655 2595 acrius
1674 2536 1820 2596 incedere.

415 2654 481 2698 202.
498 2634 577 2694 unde
588 2633 765 2718 Jugurtham
781 2637 939 2713 expulerat.
966 2654 1032 2716 107.
1051 2654 1124 2713 saepe
1138 2642 1205 2693 ante
1221 2636 1322 2715 paucis
1336 2666 1355 2681 -
1375 2636 1523 2713 optimum
1538 2634 1657 2693 sactum.
1683 2653 1748 2692 110.
1766 2632 1822 2694 de-

410 2730 519 2790 berem.
532 2732 656 2793 Hercule
671 2735 735 2792 silla
756 2763 775 2778 -
794 2730 983 2815 flagitiosum.
1004 2728 1153 2790 Ceterum.
1178 2752 1245 2791 111.
1260 2733 1368 2792 lenitur
1387 2740 1476 2795 etex.
1502 2751 1567 2789 222.
1581 2742 1609 2791 et
1629 2732 1655 2790 ei
1674 2731 1821 2790 nuntiat-

408 2831 441 2889 in
461 2839 636 2909 potestatem
659 2828 815 2889 habuisset.

515 2992 603 3067 cod.
618 2993 673 3068 II.
698 2991 772 3089 (G.
792 2996 876 3089 22.)
912 2974 1124 3068 Membran.
1149 2995 1235 3069 Saec.
1249 3020 1321 3068 xm.
1359 2992 1431 3069 Sed
1455 2990 1530 3067 2112
1548 2990 1624 3066 2110
1650 3006 1824 3096 tempore

411 3106 561 3214 scripta.
598 3110 696 3183 Nam
717 3135 805 3213 pars
824 3108 1025 3213 Jugurthae
1051 3137 1130 3214 cap.
1147 3113 1190 3184 61
1205 3156 1256 3171 -
1271 3134 1351 3185 101.
1376 3112 1462 3185 Soec.
1480 3136 1549 3184 xrv.
1576 3124 1615 3183 et
1633 3136 1714 3213 cap.
1737 3134 1821 3184 102.

415 3249 535 3328 usque
556 3225 742 3301 adfinem
762 3226 971 3301 recentiore
988 3226 1104 3300 etiam
1124 3253 1246 3301 manu
1264 3243 1415 3301 exarata
1436 3252 1511 3301 esse
1527 3226 1725 3317 videntur,
1740 3232 1823 3301 c'er-

416 3358 452 3417 te
473 3342 629 3447 proprio
653 3342 766 3417 titulo
792 3341 1092 3446 distinguuntur.
1129 3344 1226 3418 Nam
1250 3345 1330 3420 cod.
1348 3344 1552 3448 inscriptus
1575 3358 1646 3416 est:
1671 3342 1824 3419 Salustii

417 3460 635 3533 Catilinuriu
655 3478 691 3535 et
715 3460 848 3535 bellum
869 3464 1152 3561 Iugurthinum,
1175 3463 1282 3535 Lucii
1300 3462 1408 3537 Sillae
1434 3462 1485 3534 ad
1508 3462 1675 3533 Bocdum
1698 3484 1822 3561 regem

415 3582 534 3650 oratio
565 3602 646 3650 cunr
675 3577 835 3677 ejusdem
863 3582 1105 3675 responsione.
1155 3576 1332 3652 Codicem
1362 3576 1531 3652 Venetiis
1563 3591 1709 3650 emtum
1734 3600 1822 3667 esse,

416 3691 593 3797 Olgiatus
612 3690 759 3795 primus
776 3692 1036 3767 Ambrosianae
1061 3690 1303 3767 bibliothecae
1327 3692 1523 3797 praefectus
1542 3690 1821 3767 animadvertit.

414 3812 514 3885 Ante
535 3808 683 3884 bellum
702 3808 984 3914 Jugurthinum
1004 3808 1135 3882 tabula
1161 3806 1410 3914 geographica
1437 3806 1639 3883 delineata.

513 3949 573 4024 Ab
595 3949 706 4026 initio
723 3951 845 4025 multa
863 3949 995 4025 omissa
1014 3965 1052 4025 et
1072 3948 1113 4025 in
1133 3949 1305 4055 margine
1327 3948 1537 4054 adscripta,
1551 3948 1687 4054 saepius
1700 3945 1821 4023 etiam

498 4206 524 4249 c.
539 4184 589 4266 37.
609 4183 662 4245 ubi
682 4204 784 4243 ornnes
804 4185 861 4242 sere
882 4181 949 4242 libri
967 4202 1094 4265 preceps
1119 4190 1182 4243 erat
1203 4178 1360 4255 exhibent,
1380 4187 1440 4260 jam
1462 4180 1623 4261 antiquitus
1642 4197 1699 4239 esse
1719 4184 1821 4239 mutn-

498 4294 561 4344 tum
583 4282 621 4344 ab
640 4282 696 4358 iis,
718 4283 769 4365 qui
785 4280 965 4361 precipitem
985 4279 1028 4341 ire
1047 4279 1128 4341 haud
1149 4277 1306 4341 commode
1326 4277 1386 4341 dici
1406 4296 1488 4361 posse
1509 4286 1667 4341 censerent.
