4050 5009
1579 409 1651 477 121'

240 594 327 678 iul.)
348 591 388 657 in
408 608 491 657 eum
510 587 565 655 vis
590 586 792 675 temporalis
812 587 993 674 prevalet,
1013 586 1115 675 quia,
1135 588 1266 669 adjecta
1279 591 1465 678 particula,
1484 594 1650 679 temporis

235 707 453 765 momentum
467 695 659 761 accuratius
672 694 852 775 definitum
865 696 927 759 sed
942 694 1015 780 ubi,
1034 703 1165 759 mutato
1180 696 1314 782 ordine,
1328 696 1476 763 interim
1493 698 1647 785 priorem

236 808 354 871 locum
384 804 536 887 obtinet,
565 823 647 867 eum
676 800 916 886 explicationis
946 820 1049 865 causa
1077 799 1226 865 additur.
1261 800 1321 864 cir.
1342 804 1419 889 Jug.
1451 821 1500 867 is.
1534 826 1645 887 quum

235 909 434 995 Hiempsal
447 905 606 974 interim.
627 910 706 972 iam
723 908 821 989 quod
843 905 1000 986 fuerunt,
1013 906 1083 987 ,qui
1101 906 1218 972 nescio
1238 926 1343 989 quam
1363 908 1434 971 vim
1455 908 1647 996 oppositio-

235 1016 292 1079 nis
314 1017 354 1080 in
377 1016 548 1101 particula
577 1009 726 1079 interim
747 1017 957 1093 quererent,
985 1010 1015 1073 ii
1043 1011 1212 1089 ejusmodi
1235 1012 1323 1076 locis
1349 1011 1388 1077 in
1416 1034 1569 1081 errorem
1591 1015 1646 1079 in·

234 1123 333 1185 ducti
342 1122 516 1204 videntur,
525 1120 590 1183 ubi
603 1126 727 1181 tomen
744 1106 892 1178 interim
906 1111 1088 1193 conjuncta
1099 1126 1188 1185 sunt.
1210 1114 1270 1181 cir.
1282 1117 1361 1203 Jug.
1378 1138 1406 1185 c.
1420 1122 1470 1201 ³9.
1493 1123 1542 1197 54.
1562 1139 1646 1185 nam

233 1227 414 1315 Ciceronis
428 1225 527 1290 locus
546 1222 611 1306 qui
627 1222 788 1298 laudatur
808 1239 874 1305 pro
890 1222 991 1285 Rosc.
1016 1223 1129 1287 Amer.
1153 1240 1203 1305 ²9·
1232 1219 1382 1288 interim
1405 1220 1496 1289 midi
1517 1222 1646 1291 videris

232 1340 300 1396 etc.
314 1338 432 1414 aperte
444 1328 608 1412 temporis
626 1325 914 1413 significationem
926 1328 1041 1393 habet.
1052 1324 1251 1419 uectigalia
1260 1366 1303 1381 -
1317 1326 1645 1416 incerto-purtim

232 1437 330 1502 enim
350 1456 372 1498 a
388 1435 510 1519 piratis
524 1433 733 1518 intercepta,
753 1433 881 1517 partim
897 1436 994 1515 quod
1011 1433 1200 1518 provincias
1219 1434 1315 1499 bello
1327 1436 1564 1521 vastabantur,
1582 1436 1644 1503 tri·

231 1543 316 1605 buta
345 1541 434 1605 solvi
464 1558 536 1602 non
557 1546 728 1622 poterant.
743 1546 891 1621 portem
912 1548 1123 1624 sumptuum
1143 1536 1328 1607 sustinent
1350 1542 1374 1605 i.
1390 1560 1418 1606 e.
1437 1548 1643 1628 suggerunt,

230 1648 469 1732 suppeditant,
490 1646 655 1730 praebent.
671 1641 946 1729 prosustr'rreut3
968 1644 1024 1709 ita
1040 1647 1263 1732 Harercamp.
1273 1646 1438 1727 conjecit:
1459 1644 1644 1711 sustineu-

231 1750 301 1817 tr'a.
321 1772 509 1835 perperam.
540 1772 621 1834 quoe
643 1757 869 1816 commeatus
890 1750 1067 1819 tuebatur·
1090 1750 1181 1817 han'c
1205 1752 1392 1818 lectionem
1414 1751 1525 1817 nostri
1549 1750 1643 1818 Veti-

229 1856 312 1920 cani
329 1856 542 1921 confirmant.
563 1857 666 1920 etiam
679 1858 769 1921 Edit.
789 1859 842 1921 Pr.
864 1880 945 1941 quoe
965 1867 1191 1927 commeatus
1211 1857 1478 1925 convehebatur
1502 1856 1640 1921 Ciacco-

228 1963 311 2026 nius
333 1972 366 2027 et
385 1962 531 2027 Ursinus
559 1983 599 2029 cx
622 1963 694 2027 suis
716 1963 818 2027 libris
836 1964 989 2034 laudant.
1010 1976 1162 2033 ceterum
1192 1964 1298 2029 falsus
1324 1972 1373 2030 est
1395 1962 1550 2045 Cottius,
1577 1960 1641 2043 qui

229 2067 407 2131 tuebatur
424 2088 490 2149 pro
508 2074 677 2131 tueretur
691 2067 747 2132 rel
766 2074 919 2132 tueatur
936 2070 1089 2153 positum
1102 2072 1230 2136 statuit.
1247 2074 1335 2134 Nam
1350 2067 1490 2152 Imperi.
1505 2066 1641 2129 indica·

229 2172 298 2233 tivi
316 2170 494 2255 propriam
513 2170 586 2232 vim
603 2170 709 2232 habet
737 2178 771 2231 et
799 2190 917 2232 sensus
936 2174 1009 2235 loci
1035 2184 1085 2237 cst
1113 2175 1158 2236 is:
1190 2172 1319 2249 classis,
1355 2192 1432 2251 quas
1451 2190 1544 2232 nunc
1569 2176 1639 2249 est,

228 2274 351 2340 minor
365 2292 576 2357 ,quamqquae
601 2279 703 2337 antea
719 2281 930 2365 commeatus
950 2276 1120 2337 tuebatur.
1142 2274 1257 2339 classe
1284 2268 1468 2359 navigare.
1484 2270 1642 2337 usitatius

227 2389 297 2447 est:
317 2380 434 2444 classis
451 2379 600 2465 navigat.
619 2379 687 2443 Sed
701 2397 780 2443 cum
800 2373 992 2465 navigare,
1015 2377 1113 2443 nullo
1133 2396 1213 2441 casu
1232 2376 1368 2459 addito,
1389 2376 1492 2443 rebus
1507 2374 1642 2443 mariti-

228 2486 297 2551 mis
320 2505 461 2571 operam
480 2486 579 2561 dare,
602 2483 774 2570 significet
801 2483 863 2548 cfr.
884 2484 952 2547 Cic.
975 2469 1072 2550 Verr'.
1092 2486 1120 2547 5.
1142 2500 1193 2565 27.
1211 2484 1391 2559 «homines
1407 2484 1639 2567 enavigando

226 2592 400 2673 rebusque
422 2590 605 2655 maritimis
623 2589 881 2678 remotissimus
900 2591 1070 2656 ablativus
1084 2586 1226 2659 minore
1246 2593 1364 2658 classe
1381 2591 1563 2655 commode
1577 2590 1639 2651 ad·

223 2695 362 2779 jicitur,
388 2706 427 2760 ut
452 2696 504 2761 rei
529 2696 662 2761 navalis
689 2697 851 2763 condicio
879 2696 1072 2763 accuratius
1098 2699 1320 2765 describatur.
1350 2696 1412 2763 cfr.
1431 2696 1529 2783 Virg.
1550 2697 1636 2760 Aen.

231 2804 351 2881 r.7512
374 2800 591 2884 ingeminant
611 2802 735 2886 plausu
754 2804 856 2886 Tyrii
866 2799 1019 2869 -vobis
1034 2824 1144 2883 reque
1153 2800 1304 2883 publico
1320 2803 1368 2863 ita
1383 2802 1468 2864 libri
1483 2800 1588 2865 Fabri
1602 2808 1637 2865 ct

227 2903 317 2967 Bric.
342 2905 411 2966 Sed
433 2906 539 2967 ceteri
563 2905 650 2967 libri
676 2926 748 2969 non
770 2907 946 2968 addicunt.
975 2900 1085 2971 nobis
1108 2900 1275 2983 vobisque
1305 2925 1345 2965 re
1366 2922 1414 2985 p.
1432 2902 1494 2963 Ed.
1522 2902 1638 2965 Princ-

191 3029 196 3033 ·
228 3002 363 3095 Agite,
384 3002 444 3068 uti
458 3012 581 3069 mouet
596 3002 673 3089 ira,
692 3006 812 3087 suppl.
832 2992 1563 3084 hauclectionem'nostriVatt.confirmant,
1584 3022 1639 3067 uc-

227 3112 323 3177 cedit
340 3104 430 3173 Edit.
447 3108 558 3177 Princ.
577 3129 696 3175 sensus
713 3108 930 3187 menifestum
950 3109 1048 3172 loeus
1067 3108 1106 3173 in
1120 3110 1240 3173 ceteris
1258 3109 1360 3173 libris
1376 3117 1409 3174 et
1422 3109 1637 3177 editionibus

221 3214 419 3298 'multifarie
434 3224 626 3299 corruptum
641 3215 680 3278 in
697 3215 875 3279 ciacconii
884 3222 917 3278 et
926 3212 1046 3279 Ursini
1055 3214 1168 3299 libris,
1180 3211 1535 3305 agiteutmoneeira,
1547 3224 1583 3279 et
1592 3252 1635 3269 -

226 3322 385 3409 vulgata:
411 3320 511 3410 agite
524 3329 568 3383 ut
584 3321 701 3399 lubet,
713 3330 750 3387 et
763 3322 830 3386 ita.
840 3322 934 3385 unde
949 3319 1068 3385 Carrio
1079 3320 1226 3401 conjecit
1239 3342 1274 3385 a.
1287 3315 1347 3383 uti
1350 3318 1461 3410 jubet
1476 3314 1552 3405 ira,
1571 3322 1632 3385 sed

216 3430 392 3513 preclara
409 3426 620 3512 optimorum
635 3428 806 3491 librorum
822 3426 928 3493 lectio
940 3428 1078 3492 nullum
1092 3430 1148 3492 dat
1162 3428 1277 3493 iocum
1291 3424 1506 3507 conjecturis.
1521 3445 1636 3508 neque
1722 3514 1725 3521 ἢ

226 3554 315 3599 moa
325 3531 472 3621 ingenio
483 3538 651 3617 corporis
662 3533 711 3598 ita
724 3537 839 3600 Vati.
851 3551 880 3597 r.
890 3532 980 3597 Edit.
989 3535 1042 3597 Pr.
1053 3542 1085 3599 et
1094 3554 1215 3599 omnes
1225 3535 1331 3599 Codd.
1341 3534 1454 3599 credo.
1465 3534 1558 3598 unde
1569 3531 1633 3597 alii

226 3635 388 3729 ingenuo
400 3638 552 3721 corpori
566 3641 808 3722 emendarunt,
823 3639 959 3703 Cortius
972 3634 1125 3728 ingenui
1144 3634 1310 3719 corporis
1326 3647 1359 3701 et
1374 3632 1448 3703 vita
1466 3632 1634 3721 corporis

224 3743 394 3829 conjungi
403 3743 489 3807 vult.
501 3745 568 3807 Sed
582 3764 686 3827 quarn
696 3745 736 3808 in
748 3746 812 3808 hac
824 3744 1008 3809 verborum
1022 3742 1272 3827 compositione
1284 3742 1353 3807 sibi
1369 3743 1526 3809 invenire
1540 3744 1633 3809 visus

227 3857 278 3915 est
288 3848 494 3935 elegantiam
502 3890 513 3924 ‚
527 3867 602 3912 eam
611 3848 745 3913 nullam
756 3869 828 3915 esse
838 3849 1058 3913 manifestum
1071 3858 1136 3925 est,
1151 3869 1229 3913 cum
1243 3848 1391 3915 maxime
1400 3850 1537 3919 accedat
1550 3872 1633 3915 con-

228 3962 319 4017 torta
333 3955 519 4020 verborum
535 3962 713 4019 structura.
728 3964 893 4041 praeterea
908 3962 999 4019 recte
1020 3953 1057 4018 in
1072 3976 1160 4021 mon
1176 3948 1396 4023 offenderunt
1413 3958 1631 4043 interpretes;

227 4078 342 4139 neque
358 4059 465 4123 altera
479 4059 585 4124 lectio
603 4059 683 4123 satis
700 4060 867 4145 expedita.
886 4060 1013 4144 duplex
1030 4060 1124 4124 enim
1141 4061 1276 4125 dativus
1295 4062 1409 4127 minus
1425 4062 1631 4133 concinnum

228 4183 343 4246 neque
360 4163 399 4226 in
420 4174 489 4229 tam
505 4164 625 4250 paucis
642 4166 757 4231 verbis
778 4163 860 4231 vita
874 4186 938 4251 per
957 4168 1159 4253 epexegesin
1173 4169 1331 4232 additum
1350 4188 1421 4234 esse
1439 4159 1632 4251 putaveris,

229 4288 367 4339 sensum
385 4273 480 4355 quod
499 4272 635 4357 attinet,
655 4271 712 4338 his
732 4272 848 4338 verbis
867 4291 907 4338 ea
934 4272 1194 4353 confirmantur,
1215 4292 1291 4356 quae
1310 4292 1413 4359 supra
1433 4268 1579 4351 dixerat,
1598 4283 1633 4333 se

1282 4382 1326 4454 16
