4050 5009
401 987 409 994 ’
478 1019 538 1087 or
558 1014 864 1087 rnornmrnru
882 1015 1105 1082 smnonrs
1124 1018 1390 1086 smusrmnr.

315 1225 400 1288 tium
419 1243 531 1308 neque
552 1243 608 1288 ars
629 1223 766 1302 critica,
786 1243 863 1306 que
881 1221 1026 1308 dicitur,
1041 1221 1109 1289 rite
1128 1227 1295 1301 exerceri,
1316 1243 1430 1310 neque
1445 1227 1547 1290 docta
1564 1241 1647 1292 ser·

232 1329 361 1394 borum
384 1329 700 1412 sententiarumque
729 1329 965 1414 interpretatio
991 1329 1096 1395 facile
1115 1330 1253 1398 institui
1272 1333 1397 1419 possit,
1419 1353 1492 1396 non
1512 1331 1645 1396 exami-

234 1432 528 1521 nato'scri'ptoris,
550 1455 654 1519 quem
681 1444 818 1519 tractes,
837 1435 979 1500 dicendi
1000 1455 1145 1522 genere,
1165 1438 1205 1502 in
1223 1439 1294 1504 fine
1313 1437 1643 1504 commentariorum

233 1538 382 1619 adjicere
408 1541 556 1626 placuit,
584 1560 662 1622 quae
689 1542 733 1603 ad
762 1541 962 1605 Salustianar
988 1542 1196 1608 elocutionis
1218 1545 1389 1610 rationem
1419 1545 1643 1629 aperiendam

232 1646 418 1728 plurimum
442 1647 530 1711 mihi
554 1647 666 1712 iacere
679 1646 898 1712 ridebantur.
938 1647 1048 1710 Multa
1067 1646 1141 1726 jam
1159 1649 1286 1732 passim
1310 1657 1425 1713 notata
1445 1657 1550 1729 atquc
1565 1646 1646 1710 ani·

233 1753 427 1837 madversa,
447 1772 523 1834 quse
551 1763 651 1816 aucta
674 1760 778 1836 etque
801 1753 840 1816 in
870 1771 943 1822 uno
967 1761 1153 1839 conspectu
1171 1753 1287 1838 posita
1313 1773 1379 1839 pro
1402 1773 1525 1818 norme
1542 1752 1646 1834 qussi

232 1857 355 1921 haberi
376 1858 499 1935 velim,
520 1861 565 1923 ad
588 1879 697 1942 quam
716 1864 751 1922 et
775 1857 974 1924 criticorum
1003 1868 1037 1924 et
1058 1863 1284 1944 interpretum
1303 1856 1438 1939 judicia
1460 1858 1646 1945 dirigende

233 1981 304 2027 esse
325 1963 528 2029 existimem.
568 1965 635 2030 Sed
650 1965 836 2030 innumero
851 1976 947 2049 suut,
968 1986 1046 2046 que
1065 1966 1163 2030 varia
1180 1965 1357 2053 scripturae
1374 1985 1501 2053 genera
1517 1965 1647 2031 consti·

233 2077 351 2146 tuunt3
379 2089 492 2150 neque
518 2071 636 2134 omnis
665 2070 847 2154 complecti
877 2067 1015 2136 animus
1044 2069 1123 2139 fuit.
1165 2072 1313 2135 Omissis
1334 2071 1459 2156 igitur,
1495 2092 1573 2153 quac
1602 2091 1646 2136 ex·
1754 2090 1757 2100 ·

234 2175 412 2239 rhetorum
442 2175 572 2260 regulis
596 2177 810 2260 penduntur,
830 2174 868 2236 id
889 2170 1104 2258 potissimum
1129 2193 1248 2259 agam,
1282 2183 1321 2236 ut
1343 2195 1420 2257 quae
1441 2175 1645 2260 'grammati-

233 2299 353 2344 corum
381 2280 559 2365 preceptis
582 2261 878 2344 vcl'illustrandis
904 2278 963 2345 vel
986 2276 1206 2342 infirmandis
1225 2278 1430 2363 inserviant,
1459 2281 1645 2366 diligenter
1732 2306 1735 2312 ·

235 2386 437 2454 examinem.
473 2390 522 2452 Ac
539 2387 692 2472 primum
711 2385 853 2469 quidem
872 2395 963 2451 recte
977 2382 1155 2450 scribendi
1174 2383 1354 2448 scientiam
1372 2385 1644 2498 (gfiopeapfaep)

234 2497 331 2576 qarod·
346 2495 483 2578 attinet,
504 2496 655 2559 multum
664 2494 851 2558 Salustium
871 2491 1046 2579 evulgari
1060 2491 1235 2556 scribendi
1254 2511 1380 2578 genere
1399 2495 1590 2578 recessisse,
1610 2495 1645 2559 el

233 2599 299 2666 siri
319 2597 509 2666 doctissimi
532 2601 757 2688 judicarunt,
781 2613 813 2666 et
831 2599 956 2686 optimi
981 2598 1153 2682 cujusque·
1169 2597 1299 2663 codicis
1325 2598 1525 2664 testimonia
1551 2619 1647 2664 com·

233 2709 392 2792 probant.
433 2707 605 2773 Dictionis
628 2709 723 2774 enim
744 2707 950 2793 antiquitas,
971 2726 1077 2790 quam
1107 2707 1151 2768 ab
1185 2726 1227 2770 eo
1252 2699 1447 2772 affectatam
1474 2727 1546 2772 esse
1571 2727 1644 2772 uno

235 2833 296 2876 ore
318 2829 438 2874 omncs
455 2812 692 2886 consentiunt,
713 2814 791 2892 (clr.
810 2817 942 2872 comm.
962 2815 996 2870 P.
1019 2815 1047 2870 Ι.
1066 2833 1101 2890 p.
1122 2827 1175 2872 ao.
1190 2814 1279 2872 adde
1296 2815 1382 2874 Fest.
1398 2832 1423 2874 s.
1438 2834 1471 2876 v.
1489 2811 1647 2876 claritu-

237 2921 282 2982 do
307 2925 340 2978 ct
359 2913 464 2976 Prisc.
485 2917 517 2974 6.
538 2932 585 2980 ra.
600 2937 634 2996 p.
653 2917 722 2976 261.
741 2911 803 2975 ubi
823 2912 896 2990 ejus
917 2907 1033 2974 oratio
1054 2929 1134 2973 cum
1160 2910 1314 2972 Lucretii
1335 2919 1371 2974 et
1388 2915 1527 2976 Catonis
1550 2935 1644 2979 com-

234 3019 388 3107 paratur)
411 3039 488 3082 nou.
500 3021 605 3083 modo
627 3018 670 3081 in·
683 3019 868 3081 verborum
889 3017 1059 3080 electione
1076 3025 1188 3098 atque·
1205 3025 1399 3095 structura,
1411 3022 1475 3083 sed
1501 3018 1540 3082 in
1568 3021 1645 3106 ipsa

235 3126 412 3194 scribendi
429 3123 677 3190 consuetudine
697 3122 913 3208 perspicitur.
936 3121 1176 3186 Nihilominus
1194 3132 1308 3186 tamen
1325 3121 1574 3192 difficillimum
1594 3137 1644 3193 est

235 3240 280 3301 ad
301 3234 581 3313 dijudicandum,
605 3253 680 3314 quae
701 3230 809 3295 solius
827 3227 985 3314 Salustii,
1008 3249 1085 3311 quae
1099 3229 1132 3302 ei
1158 3249 1235 3292 cum
1254 3230 1444 3312 aequalibus
1465 3233 1644 3316 scriptori·
1659 3285 1670 3301 .,

235 3345 300 3406 bus
319 3339 521 3407 communia
537 3337 685 3414 luerint,
715 3358 792 3400 cum
817 3336 965 3401 editores
992 3339 1107 3400 adhuc
1133 3339 1198 3400 hac
1225 3337 1265 3400 iu
1287 3347 1385 3422 parte
1409 3359 1533 3422 parum
1562 3340 1646 3402 dili-

236 3459 354 3536 gentes
373 3469 447 3513 sese
465 3445 687 3531 praebuerint.
706 3445 782 3530 Qua
797 3443 836 3505 in
853 3465 890 3508 rc
910 3463 954 3507 ne
974 3465 1038 3528 per
1056 3464 1208 3508 errorem
1226 3445 1402 3528 labamur,
1423 3444 1644 3508 nitidissimi-

237 3579 303 3638 que
322 3553 500 3638 scriptoris
526 3551 719 3616 orationem
741 3550 918 3613 horridam
939 3545 1043 3629 etque
1065 3549 1233 3611 incultam
1256 3547 1462 3627 efficiamus,
1491 3554 1535 3613 ad
1555 3572 1644 3636 prae-

236 3662 524 3726 stantissimorum
557 3656 933 3736 vetustissimorumque
966 3655 1074 3718 Codd.
1114 3651 1352 3716 auctoritatem
1388 3656 1558 3740 scriptura
1593 3667 1644 3725 cst

238 3768 501 3844 conformandae
522 3784 670 3846 quorum
687 3763 726 3826 iu
747 3780 892 3825 numero
911 3761 982 3823 Bas.
1005 3761 1033 3821 I.
1063 3761 1135 3822 duo
1150 3757 1379 3837 Vaticani,.et
1399 3773 1559 3844 quattuor
1579 3767 1644 3828 Pa·

236 3875 338 3940 risini
360 3876 422 3957 (dc
442 3871 568 3955 quihus
584 3869 676 3932 infra
695 3868 863 3954 scriptum·
882 3870 949 3951 est)
970 3866 1125 3930 habendi
1147 3875 1254 3930 sunt..
1278 3869 1328 3930 Rs
1342 3867 1469 3950 quibus
1489 3873 1564 3935 haec
1581 3891 1645 3934 no·

238 3993 310 4046 tatu
333 3981 439 4066 digna
451 3975 618 4058 judicavi.
659 3975 778 4038 Multis
801 3974 840 4037 in
860 3974 978 4038 verbis
989 3983 1132 4059 propter.
1148 3978 1322 4057 quandam
1340 3976 1420 4039 soni
1442 3977 1643 4061 gravitatem

238 4089 357 4170 eredo,
379 4109 403 4148 u
424 4103 488 4168 pro
509 4081 718 4164 iscriptum,
740 4080 782 4144 id
795 4083 893 4163 quod
911 4081 949 4141 in
973 4089 1163 4164 optumus,
1180 4103 1375 4145 maxumus
1391 4082 1643 4156 soleinnessed

238 4192 342 4256 etiarn
354 4208 579 4273 proxumus,
587 4183 807 4272 finitumus,
827 4183 1068 4263 maritumas,
1081 4207 1291 4270 pessumus,
1301 4182 1563 4274 fortissumus,
1584 4185 1643 4248 in.

223 4295 487 4380 firmissumus,
494 4288 840 4382 flagitiosissumus,
849 4289 1073 4376 clarissumi,
1082 4287 1377 4377 sceleratissumi,
1388 4287 1654 4366 -mrsenrumum
