4050 5009
525 348 595 420 118

519 521 735 627 publicam:
761 531 848 596 non'
866 547 988 595 manu
1003 545 1127 622 neque
1151 519 1189 592 vi
1201 533 1211 612 '3
1237 516 1348 620 quon
1366 517 1482 620 magis
1499 539 1562 592 vos
1583 515 1711 591 secisse
1736 541 1856 619 quam
1880 515 1925 588 il-

520 645 567 721 lis
593 645 769 721 accidisse
788 645 992 749 indignum
1011 659 1244 737 est3ve1um
1273 641 1544 744 quaestionibus
1576 657 1615 716 et
1633 639 1777 716 indicio
1808 641 1925 745 ipsius

448 845 453 852 ,
520 767 736 872 Iugurthae,
761 769 829 870 qui
855 769 886 842 si
915 767 1117 842 dediticius
1145 783 1220 855 est,
1254 765 1423 869 profecto
1442 765 1547 840 iussis
1574 765 1703 840 vestris
1745 766 1925 842 obediens

521 893 608 970 erit:
632 892 693 966 sin
710 919 753 966 ea
776 891 1010 980 contemnit,
1036 890 1179 964 scilicet
1207 889 1498 979 existumabitis,
1527 887 1650 991 qualis
1671 889 1737 964 illa
1757 917 1836 994 pax
1859 909 1926 965 aut

524 1015 669 1092 deditio
691 1015 759 1104 sit,
775 1041 822 1089 ex
839 1042 916 1116 qua
940 1014 991 1088 ad
1011 1011 1238 1117 Iugurtham
1261 1012 1448 1088 scelerum
1469 1012 1690 1116 impunitas,
1716 1013 1764 1088 ad
1783 1041 1926 1117 paucos

521 1137 687 1242 potentis
711 1163 899 1212 maxumae
916 1137 1085 1226 divitiae,
1114 1137 1156 1210 in
1175 1137 1453 1241 rempublicam
1472 1137 1615 1212 damna
1635 1154 1750 1240 atque
1767 1139 1926 1216 dedeco-

520 1288 563 1337 ra
579 1261 828 1365 pervenerint
874 1261 955 1334 Nisi
969 1259 1066 1335 forte
1084 1261 1259 1336 nondum
1278 1261 1394 1336 etiam
1414 1287 1478 1336 vos
1495 1261 1767 1338 dominationis
1790 1290 1925 1340 eorum

518 1385 668 1460 satietas
692 1399 816 1475 tenet,
841 1399 880 1459 et
905 1384 972 1458 illa
1006 1411 1126 1487 quam
1140 1382 1236 1496 *haec
1262 1401 1430 1488 tempora
1456 1385 1573 1490 magis
1595 1386 1778 1489 placent,
1801 1417 1925 1492 quum

520 1536 654 1614 regna,
678 1509 906 1612 provincias,
925 1510 1038 1613 leges,
1059 1510 1161 1599 iura,
1187 1509 1353 1600 iudicia,
1381 1509 1480 1586 bella
1499 1525 1615 1612 atque
1631 1537 1762 1615 paces,
1782 1534 1925 1618 postre-

519 1660 584 1708 mo
600 1632 731 1708 divina
753 1649 791 1707 et
813 1631 985 1709 bumana
1005 1634 1135 1707 omnia
1155 1658 1268 1736 penes
1291 1659 1431 1736 paucos
1446 1649 1580 1709 erant:
1602 1662 1666 1711 vos
1686 1655 1835 1730 autem,
1853 1639 1925 1716 boc

516 1775 592 1846 est,
616 1757 783 1862 populus
802 1758 1016 1846 Romanus,
1043 1756 1175 1830 invicti
1198 1758 1247 1831 ab
1268 1755 1459 1848 hostibus,
1484 1759 1727 1862 imperatores
1750 1767 1925 1840 omnium

523 1881 715 1986 gentium,
734 1879 823 1954 satis
846 1879 1043 1955 habebatis
1069 1881 1240 1955 animam
1259 1881 1443 1975 retinere5
1472 1909 1564 1958 nam
1595 1886 1814 1964 servitutem
1840 1893 1925 1994 qui-

525 2005 615 2080 dcm
633 2005 722 2107 quis
738 2019 905 2078 vestrum
928 2029 1098 2079 recusare
1120 2003 1318 2079 audebat?
1349 2007 1466 2109 Atqui
1486 2033 1572 2112 ego,
1597 2025 1725 2086 tamen
1751 2014 1819 2090 etsi
1844 2017 1923 2092 viro

521 2127 870 2232 flagitiosissumum
909 2127 1094 2202 existumo
1130 2128 1288 2230 impune
1321 2129 1505 2204 iniuriam
1544 2133 1726 2236 accepisse
1747 2169 1757 2230 ς
1796 2155 1921 2216 minen

522 2278 587 2328 vos
611 2252 837 2339 bominibus
849 2251 1156 2326 sceleratissumis
1180 2252 1391 2357 ignoscere,
1409 2255 1595 2356 quoniam
1616 2258 1712 2332 cives
1738 2279 1849 2354 sunt,
1873 2290 1922 2338 ae·

521 2403 599 2479 quo
631 2376 761 2450 animo
784 2392 955 2478 paterer,
990 2375 1033 2449 ni
1063 2375 1318 2450 misericordia
1359 2376 1401 2449 in
1431 2378 1641 2480 perniciem
1667 2409 1799 2460 casura
1824 2405 1921 2464 esset

520 2503 619 2573 Nam
640 2515 679 2574 et
699 2497 791 2584 illis,
813 2514 1005 2601 quantum
1026 2498 1328 2602 importunitatis
1351 2493 1515 2592 babent,
1538 2531 1676 2606 parum
1698 2525 1773 2601 cst,
1797 2511 1923 2619 impu·

521 2650 572 2698 ne
586 2621 686 2696 male
701 2621 848 2712 fecisse,
872 2621 946 2695 nisi
970 2621 1110 2697 deinde
1126 2623 1298 2698 faciundi
1315 2624 1470 2700 licentia
1490 2628 1670 2731 eripitur:
1695 2648 1734 2707 et
1749 2637 1854 2712 vobis
1876 2665 1921 2712 ae-

522 2762 631 2837 terna
658 2744 877 2820 sollicitudo
902 2747 1139 2837 remanebit,
1164 2773 1286 2850 quum
1321 2747 1543 2853 intellegetis
1574 2769 1643 2826 aut
1674 2749 1919 2836 serviuniium

521 2894 597 2944 csse
628 2885 697 2943 aut
719 2896 789 2971 per
807 2895 944 2944 manus
976 2869 1191 2946 libertatem
1220 2869 1467 2947 retinendam.
1518 2875 1615 2949 Nam
1647 2875 1735 2956 fidei
1766 2885 1918 2985 quidem

519 3048 588 3108 Tur.
609 3047 710 3120 ΒΜ.
732 3047 810 3108 diter
824 3049 930 3128 aliquis
944 3050 1021 3110 delet
1037 3051 1117 3110 Laid.
1131 3073 1157 3112 c.
1178 3053 1262 3112 erasit
1280 3051 1377 3127 Guell.
1393 3075 1439 3119 12.
1458 3074 1510 3115 vos
1516 3056 1632 3132 secuse.
1653 3079 1701 3121 vos
1720 3083 1781 3124 om.
1800 3065 1882 3128 llcm.
1894 3092 1919 3136 t.

518 3153 636 3234 incisim.
653 3166 703 3215 est.
725 3164 765 3214 cst
779 3175 839 3214 om.
854 3156 921 3219 Seu.
937 3175 963 3214 2.
983 3155 1117 3227 Goelll.
1128 3177 1172 3216 ιο.
1192 3157 1273 3216 Laid.
1283 3159 1303 3216 l.
1324 3160 1479 3222 dediticiis
1491 3160 1576 3222 Febr.
1592 3183 1617 3221 ι.
1628 3164 1695 3224 Seu.
1710 3168 1804 3230 1.Bas.
1818 3193 1842 3232 1.
1852 3173 1918 3236 Tur.

521 3280 548 3318 ι.
569 3261 638 3320 Vin.
660 3259 757 3318 Guels.
777 3282 802 3318 ι.
816 3279 843 3318 2.
864 3259 924 3319 duo
935 3260 1023 3320 Ririi.
1045 3273 1099 3320 tres
1117 3263 1228 3322 Wassii.
1249 3264 1376 3325 deditius
1394 3265 1475 3327 Leid.
1490 3271 1563 3327 Lm.
1584 3269 1700 3331 murm
1719 3279 1814 3340 ceteri.
1840 3279 1919 3340 iussis

520 3364 627 3424 nostris
646 3363 743 3426 Guelf.
759 3385 804 3423 12.
827 3363 911 3428 Fabr.
928 3385 953 3423 ι.
973 3363 1036 3423 Bas.
1051 3387 1076 3429 ι.
1097 3366 1284 3427 oestuaeabitis
1302 3367 1378 3432 Bitii
1400 3371 1477 3430 libri.
1505 3371 1652 3434 Commel.
1668 3376 1721 3437 itta
1730 3401 1793 3459 pax
1806 3388 1918 3444 ortdo-

519 3468 594 3527 ditio
608 3468 656 3532 sit.
677 3469 730 3527 illa
749 3489 811 3526 om.
832 3468 917 3527 Rem.
937 3490 961 3533 1.
982 3469 1091 3534 Fraus.
1106 3471 1238 3550 perficit
1258 3471 1342 3533 Fabr.
1363 3474 1432 3557 Teg.
1443 3477 1542 3552 fuerr't
1563 3477 1659 3540 Guett.
1676 3477 1721 3542 ri.
1746 3487 1918 3566 dulitroso-

520 3581 565 3630 ret
585 3575 688 3632 Franc.
707 3571 741 3631 in
757 3593 846 3652 remp.
861 3575 974 3632 damno
992 3576 1034 3634 sic
1051 3575 1165 3634 Gruter.
1185 3576 1271 3640 Fabr.
1286 3599 1310 3642 r.
1339 3579 1435 3639 Guelf.
1455 3602 1481 3640 2.
1507 3584 1567 3642 inc.
1584 3605 1609 3644 ι.
1636 3586 1718 3648 teid.
1732 3611 1759 3655 a.
1772 3590 1802 3651 b.
1814 3593 1843 3652 d.
1856 3617 1884 3677 g.
1894 3617 1916 3660 e.

519 3671 551 3732 h.
572 3673 693 3733 Palatio.
714 3684 747 3733 at
763 3676 796 3733 in
816 3696 905 3756 remp.
925 3677 992 3737 Ecc.
1014 3678 1081 3737 vin.
1096 3700 1121 3737 t.
1141 3679 1226 3739 Rem.
1242 3701 1268 3745 2.
1290 3681 1370 3741 Loid.
1381 3685 1402 3743 i.
1423 3705 1460 3745 ac
1475 3687 1508 3746 in
1526 3688 1607 3749 Leid.
1621 3712 1646 3751 c.
1668 3695 1710 3752 cd
1724 3715 1814 3776 remp.
1826 3703 1915 3759 ceteri.

519 3781 633 3838 darana
651 3789 737 3857 atque
755 3781 787 3837 cl.
808 3789 895 3856 atquc
915 3803 975 3840 om.
998 3781 1082 3844 Fabr.
1097 3803 1121 3842 r.
1148 3785 1272 3844 audebat
1293 3807 1425 3848 recusare
1449 3791 1518 3851 Tur.
1538 3792 1607 3876 Teg.
1638 3805 1738 3859 tomen
1751 3802 1805 3861 etsi
1824 3803 1913 3865 Guell.

520 3885 549 3953 4.
571 3884 673 3947 insert.
691 3903 717 3941 2.
746 3882 1079 3964 virosflogitr'osissimos
1108 3889 1208 3948 Nazar.
1227 3891 1328 3950 Vinar.
1341 3914 1369 3957 2.
1397 3894 1810 3980 Guett1.etplureswanit
1838 3909 1915 3970 Bern.

521 3993 549 4050 5.
574 3986 795 4065 virosiogitios.
816 3991 856 4048 ita
873 3992 976 4072 legitur
990 4011 1023 4051 ex
1037 3991 1113 4052 Rivii
1127 3995 1302 4055 coniectura.
1321 3997 1386 4057 viro
1406 4019 1466 4058 om.
1493 3999 1561 4061 vin.
1579 4024 1603 4062 ι.
1624 4005 1720 4067 senat.
1736 4031 1765 4070 2.
1791 4011 1913 4074 lierni.

508 4091 616 4169 fingit.
636 4092 747 4150 resumo
767 4093 835 4152 Tur.
856 4094 1138 4156 virumomnesfare
1156 4097 1233 4157 libri.
1255 4098 1288 4158 in
1304 4099 1402 4160 viram
1434 4102 1544 4165 Fabric.
1563 4127 1589 4166 1.
1614 4107 1681 4169 Sen.
1696 4131 1722 4170 ι.
1751 4135 1791 4173 m.
1806 4137 1861 4179 see.
1886 4119 1916 4180 ni

521 4197 585 4256 mis.
605 4215 708 4258 omues
718 4195 812 4258 Cottii
828 4197 906 4257 libri.
926 4197 1029 4287 11222.
1044 4197 1170 4266 Berua,
1200 4221 1272 4261 nom
1288 4203 1381 4265 atilli
1403 4206 1464 4270 inc.
1483 4208 1568 4272 bem.
1584 4233 1609 4274 t..
1630 4213 1725 4278 Sunt.
1747 4218 1826 4282 Vrat.
1845 4243 1871 4284 2.
1887 4224 1911 4285 t.
