4050 5009
1574 386 1618 459 16

322 570 413 650 cod
429 574 506 649 III.
556 572 862 667 (ecculm
887 573 991 650 Arm
1017 566 1073 645 50.
1099 568 1151 641 Μ.
1165 566 1216 641 Μ
1232 562 1303 641 Th.
1320 566 1375 657 a.)
1402 564 1529 641 Codex
1546 564 1620 643 ele-

220 701 355 788 ganter
372 689 535 792 scriptus
556 703 595 763 et
609 689 697 763 satis
716 704 924 778 correctus,
947 688 1034 761 Sacc.
1047 710 1117 759 xu.
1137 682 1248 757 initio
1257 677 1525 784 pulcherrimae
1539 681 1619 785 pic-

221 815 340 893 tmae3
364 804 437 879 viri
459 805 582 906 imago
603 804 748 879 librum
772 804 934 879 tenentis
960 799 1141 905 proecedit
1166 796 1389 884 Catilinam,
1424 796 1465 872 in
1493 798 1619 901 prima

220 916 361 1019 pagina
385 916 586 1023 Jugnrtbae
611 920 848 1024 conspicitur
881 918 1009 1008 miles,
1034 942 1133 1019 equo
1158 912 1324 987 insidens
1345 927 1384 985 et
1406 910 1552 987 hostem
1569 930 1622 989 te·

222 1028 268 1103 lis
286 1048 426 1133 petens.
450 1034 599 1110 Tabula
616 1034 864 1140 geographica
884 1034 999 1111 etiam
1019 1032 1060 1106 in
1086 1030 1168 1105 aliis
1191 1027 1298 1103 codd.
1312 1044 1464 1101 exarata
1481 1028 1524 1104 in
1545 1026 1621 1105 boc

221 1146 347 1221 multo
364 1149 572 1252 elegantior
592 1166 630 1223 et
655 1150 870 1225 accuratior
894 1164 957 1224 est
995 1150 1325 1247 Insuntpraeterea
1349 1143 1550 1217 Invectivae
1583 1160 1622 1221 et

222 1259 414 1338 Ciceronis
442 1265 630 1341 orationes
652 1293 723 1370 pro
744 1265 927 1341 Deiotaro
959 1278 999 1339 et
1029 1263 1070 1336 in
1098 1274 1233 1335 senatu
1262 1272 1348 1360 post
1372 1256 1538 1331 reditum
1555 1257 1624 1333 ha-

220 1373 320 1451 bitae.
1386 1469 1389 1485 .

319 1490 407 1555 Cutil
427 1516 493 1576 cap.
508 1500 535 1561 1.
562 1496 731 1557 obedientia
754 1497 850 1557 ventri
868 1528 889 1545 -
907 1493 1033 1576 indiget.
1061 1496 1092 1562 2.
1113 1490 1261 1549 transiere.
1289 1494 1318 1555 3.
1332 1486 1439 1549 delicta
1459 1489 1530 1569 quia
1555 1491 1623 1568 ple-

220 1587 325 1668 rique,
345 1611 410 1671 ane
428 1600 462 1649 tu
481 1624 501 1639 -
518 1594 640 1671 incepto
655 1592 755 1653 studio
771 1615 828 1658 me.
852 1599 900 1663 19.
919 1594 951 1651 in
967 1588 1162 1670 provinciam.
1192 1586 1243 1653 27.
1258 1598 1461 1666 opportunum
1484 1606 1543 1645 esse
1562 1584 1620 1645 sibi

220 1684 367 1752 credebat.
390 1692 441 1755 30.
456 1710 526 1748 nam
542 1691 669 1769 utrique.
697 1692 747 1755 35.
762 1710 831 1750 cum
850 1690 955 1749 alienis
973 1683 1154 1744 nominibus.
1181 1681 1231 1748 lll-
1246 1684 1298 1763 qui
1317 1686 1385 1741 sim·
1413 1681 1528 1749 lli-0111
1545 1683 1622 1741 sall·

221 1790 289 1839 tum
310 1783 385 1843 soret
404 1819 424 1834 -
443 1785 596 1844 abdicatus
615 1786 798 1867 magistratu.
819 1785 872 1855 48.
886 1784 1048 1868 agitabant.
1070 1778 1121 1852 49.
1133 1781 1305 1841 exercebant
1321 1812 1341 1828 ·
1359 1780 1495 1839 saucibus
1508 1789 1623 1862 urguet.

220 1876 274 1943 55.
293 1884 452 1960 paululum
467 1880 507 1942 ad
525 1884 627 1943 lavam
646 1881 818 1943 ascenderis.

302 2010 456 2119 Jugnrita
475 2064 541 2123 cap.
550 2050 579 2109 2.
605 2044 756 2103 examina
773 2050 803 2101 et
822 2061 946 2123 corpore
968 2052 1022 2103 est.
1050 2038 1080 2107 4.
1096 2038 1229 2101 studium
1251 2035 1402 2098 laudando
1420 2068 1439 2083 ·
1458 2036 1511 2117 qui
1531 2037 1624 2097 susti-

219 2145 305 2200 nent.
336 2138 366 2203 6.
380 2140 425 2197 sni
444 2141 538 2198 animi
558 2140 731 2219 cupidinem
751 2170 771 2187 ··
791 2142 880 2199 talem
899 2142 996 2201 tirum
1018 2140 1042 2199 si
1061 2140 1148 2201 dolis.
1181 2142 1210 2207 9.
1226 2156 1294 2194 cnm
1319 2134 1408 2192 literis
1431 2153 1504 2214 quas
1525 2164 1542 2180 ·
1566 2132 1623 2191 tibi

217 2251 278 2313 pro
297 2245 377 2292 certo
391 2236 451 2293 scio
469 2235 612 2317 gaudium
633 2256 702 2299 esse.
732 2240 780 2299 11.
795 2236 896 2315 paucis
911 2235 1015 2295 diebus
1037 2246 1103 2315 post
1121 2266 1140 2281 -
1161 2232 1198 2291 de
1214 2231 1328 2291 cunctis
1347 2230 1545 2309 disceptarent
1565 2250 1622 2289 no-

220 2421 273 2490 17.
288 2424 400 2484 arboris
419 2427 604 2487 infecundus.
627 2433 673 2499 19.
687 2439 804 2507 tempus
825 2448 880 2486 nos
898 2438 1001 2487 monet
1020 2461 1039 2475 -
1059 2430 1201 2486 intereas
1218 2423 1548 2503 Leptis-etNumidiae.
1570 2427 1622 2487 20.

217 2520 260 2578 ab
277 2519 373 2579 Africa
392 2522 557 2582 discessere.
585 2529 637 2588 21.
651 2545 725 2604 quos
740 2524 778 2581 ab
794 2522 960 2582 Adherbale
980 2523 1107 2582 Romam
1131 2524 1235 2581 missos
1254 2532 1322 2581 ante
1344 2522 1478 2600 praelium
1500 2520 1623 2578 suetum.

218 2622 272 2681 23.
284 2616 381 2677 Africa
401 2618 562 2679 discessisse
580 2652 600 2668 -
620 2620 658 2678 ad
676 2620 815 2679 virtutem
833 2620 953 2699 erigere.
986 2618 1036 2683 24.
1051 2622 1156 2680 vellem
1180 2616 1259 2691 haec,
1281 2636 1345 2697 quae
1365 2616 1463 2675 scribo
1481 2648 1500 2663 -
1521 2636 1568 2675 me
1590 2636 1624 2675 ex

218 2712 361 2773 manibus
381 2715 483 2794 impiis
503 2748 522 2762 -
540 2725 674 2774 remanet
691 2717 844 2773 memoria.
864 2716 914 2779 25.
927 2714 965 2772 ab
979 2715 1100 2775 eisdem.
1123 2719 1172 2779 31.
1187 2735 1203 2771 a
1217 2734 1284 2772 meo
1302 2724 1423 2792 parente
1443 2746 1462 2760 -
1481 2713 1524 2773 uti
1547 2733 1625 2771 con-

215 2819 265 2869 ua
279 2812 404 2887 injurias
423 2842 443 2857 -
463 2831 560 2890 neque
577 2830 644 2885 eos,
665 2811 717 2890 qui
748 2812 840 2869 secere
858 2843 878 2858 ·
896 2810 979 2872 vobis
997 2812 1097 2869 iecisse
1116 2844 1135 2859 -
1154 2830 1207 2891 per
1230 2810 1474 2869 consuetudinem
1494 2830 1548 2889 pro
1573 2811 1624 2869 ui-

214 2904 293 2965 hilo.
314 2911 367 2975 32.
386 2916 417 2965 at
432 2904 550 2980 Cassius
564 2910 676 2986 perlata
701 2907 854 2985 rogatione
874 2939 894 2953 -
919 2926 979 2964 sese
1000 2926 1143 2987 suamquc
1159 2928 1252 2987 spem.
1280 2907 1330 2973 36.
1342 2907 1468 2967 Romam
1487 2908 1623 2967 discessit.

214 3008 270 3069 38.
286 3023 390 3083 augere
409 3008 472 3080 ejus
491 3036 510 3050 -
528 2994 670 3061 Numidia
686 3001 856 3066 discederet.
879 3000 927 3066 43.
941 3002 1030 3076 socii,
1050 3022 1161 3062 nomen
1179 3004 1307 3061 latinum
1326 3014 1355 3063 et
1371 3024 1451 3086 reges
1467 3007 1547 3063 ultro
1567 3024 1624 3063 au·
1750 3080 1753 3087 ι

215 3099 290 3157 xilia
309 3099 434 3157 mittere.
454 3097 505 3163 44.
521 3099 583 3178 spei
599 3096 694 3157 bonae.
713 3097 764 3164 47.
776 3110 1006 3179 comportarent.
1029 3098 1079 3165 62.
1093 3112 1194 3180 captos
1210 3111 1240 3159 et
1257 3102 1367 3159 occisos
1384 3134 1403 3148 -
1423 3101 1556 3159 accersiri
1571 3106 1625 3179 jn-

215 3194 279 3253 bet.
314 3192 364 3259 63.
384 3195 429 3254 vir
445 3207 582 3275 appetere
603 3216 666 3254 non
687 3195 824 3260 audebat.
856 3192 905 3261 64,
924 3196 1065 3257 exercitus
1088 3195 1183 3256 sibisi
1209 3196 1416 3256 dimitteretur.
1452 3196 1501 3263 66.
1519 3200 1575 3256 tela
1593 3207 1624 3257 et

214 3292 288 3350 alia.
309 3288 358 3357 67.
372 3290 542 3352 obtruncati
556 3301 636 3356 sunt.
655 3290 707 3359 73.
720 3290 839 3365 decori,
862 3291 954 3351 modo
971 3293 1089 3351 invidia
1108 3314 1176 3353 esse.
1202 3292 1252 3363 79.
1268 3314 1316 3351 eos
1337 3314 1445 3374 magno
1465 3294 1619 3353 diuturno.

214 3392 270 3451 80.
293 3388 359 3465 quis
378 3389 480 3446 omnia
500 3387 625 3446 honesta
645 3398 675 3447 et
692 3386 859 3457 inhonesta,
880 3388 931 3454 84.
946 3391 1059 3450 volenti
1074 3390 1160 3471 plebe
1175 3392 1325 3450 militiam.
1346 3391 1397 3454 85.
1409 3400 1621 3471 cognatorum,

214 3482 367 3541 adfinium
389 3476 460 3563 o'pes
478 3515 499 3531 -
518 3505 583 3543 mea
599 3484 743 3551 beneficia
761 3517 782 3532 ·
801 3486 883 3570 quod
900 3496 944 3545 est
960 3498 1064 3546 contra
1084 3518 1100 3533 -
1122 3484 1197 3545 mibi
1213 3508 1278 3545 mea
1292 3486 1444 3547 benefacta
1464 3518 1483 3532 -
1502 3484 1621 3545 abunde

213 3579 280 3637 illis
295 3579 463 3637 facundiam
480 3610 500 3625 -
522 3601 592 3638 nam
617 3600 664 3640 me
689 3583 833 3640 exanimi
851 3584 995 3643 sententia
1012 3613 1032 3630 -
1059 3581 1173 3641 bonnm
1198 3584 1333 3641 animum
1355 3582 1492 3641 habetote
1511 3614 1530 3629 -
1559 3593 1623 3641 tuta

214 3685 289 3734 sunt
307 3707 327 3722 -
353 3676 461 3755 quibus
479 3686 520 3734 est
541 3677 677 3735 militaris
698 3688 774 3743 aetat.
794 3677 845 3745 86.
862 3678 927 3737 aliis
955 3678 1078 3737 utilibus
1096 3698 1191 3739 naves.
1212 3684 1261 3749 93.
1279 3700 1346 3738 usus
1367 3690 1429 3737 eret
1449 3711 1467 3724 -
1489 3677 1621 3737 faciundi

217 3772 357 3831 animum
372 3772 498 3830 advertit
512 3804 531 3818 -
550 3776 706 3851 paululum
722 3774 813 3833 modo
838 3794 943 3854 prona.
973 3776 1026 3846 95.
1040 3775 1133 3856 pudet
1155 3778 1246 3857 m'agis
1262 3798 1300 3835 an
1317 3777 1406 3857 piget.
1436 3774 1488 3845 97.
1508 3774 1622 3855 accepit

214 3866 533 3927 dubium-difficilem
555 3870 626 3928 sore.
647 3875 697 3938 98.
708 3869 745 3928 de
759 3868 831 3929 hinc
847 3880 995 3929 cunctos·
1017 3882 1069 3931 aut
1088 3892 1142 3953 pro
1159 3874 1318 3933 victoribus
1335 3894 1421 3953 seque
1440 3892 1522 3955 agere
1533 3902 1552 3919 -
1571 3881 1620 3933 at·

213 3984 279 4043 qne
303 3966 359 4022 iter
377 3966 492 4024 laceret.
528 3965 598 4032 107·
612 3965 682 4023 dein
697 3968 809 4045 paucis,
832 3966 964 4045 quoire.
996 3971 1064 4032 108.
1084 3971 1213 4049 populns
1235 3970 1387 4029 Romanus
1409 3990 1472 4051 quae
1492 3972 1585 4028 vellet
1601 4001 1619 4018 ·

212 4059 364 4139 delegeret
383 4092 403 4108 -
423 4080 483 4141 qno
500 4064 635 4120 consulto
654 4094 674 4109 -
694 4065 881 4143 multumque
899 4082 967 4120 eum
987 4083 1067 4124 cnm.
1101 4070 1169 4134 109.
1184 4069 1346 4125 accersitur.
1376 4071 1444 4133 110.
1461 4074 1617 4144 nunquam

211 4166 297 4217 ratus
315 4157 377 4216 foro
395 4188 416 4203 ·
433 4155 547 4233 debere.
569 4153 671 4217 Hercle
690 4192 710 4207 -
728 4160 966 4241 antecognitum
986 4192 1005 4206 -
1024 4162 1160 4221 amicitiae
1178 4164 1277 4241 precio
1297 4194 1316 4209 -
1335 4172 1366 4220 at
1378 4163 1446 4220 finis
1466 4182 1545 4221 meos
1557 4162 1615 4223 ad-

211 4269 313 4313 sersus
327 4251 476 4315 Romanos
493 4262 621 4315 armatos
639 4284 658 4303 ·
677 4252 709 4316 id
727 4253 864 4316 obmitto.
894 4260 964 4324 111.
980 4260 1057 4317 ultro
1075 4258 1120 4319 illi
1143 4259 1333 4321 adventuram
1350 4246 1372 4307 ¹-
1391 4268 1519 4321 metuere
1539 4256 1619 4339 liuta
