4050 5009
1538 408 1614 485 ²¹9

212 554 392 633 vantibus
409 556 487 650 dis,
511 560 561 637 M
580 560 786 639 Aemilium
805 560 1027 653 Consulem,
1052 556 1190 636 ducem
1209 569 1463 637 structorem
1485 566 1610 666 eequig
1747 652 1752 659 1

210 678 311 755 mini
335 682 385 757 ad
409 684 673 789 recipiundam
696 686 919 763 libertatem

291 807 342 879 16.
367 808 478 883 Tunc
497 836 585 887 vero
603 826 642 886 et
659 812 770 916 posci.
809 812 908 887 Cum
932 806 1045 885 ceteri
1066 802 1235 883 eiusdem
1253 830 1392 885 csussae
1409 810 1548 889 ducem
1564 840 1607 893 se

204 942 355 1018 nactos,
372 930 446 1005 rati
457 958 635 1011 maxumo
652 934 791 1040 gaudio
810 935 957 1011 bellum
970 932 1190 1041 irritato-
1217 954 1270 1029 17.
1287 932 1492 1015 Curionem
1504 964 1607 1043 quiss-

202 1047 309 1143 sivit,
332 1054 391 1128 uti
413 1054 689 1133 adulescentior
711 1075 751 1135 et
774 1058 910 1163 populi
931 1054 1117 1159 suffragiis
1141 1052 1311 1157 integer,
1348 1061 1450 1135 aetati
1472 1090 1607 1143 eonco-

88 1218 90 1253 ι
202 1170 315 1251 deret
336 1178 526 1257 Mamerci.
550 1228 602 1247 -
640 1188 692 1260 rs
718 1180 939 1289 Philippus,
968 1179 1039 1284 qui
1068 1194 1178 1254 astate
1213 1192 1253 1254 et
1281 1182 1439 1263 consilio
1465 1206 1606 1268 ceteros

88 1342 90 1365 ι
200 1300 387 1379 anteibat.

531 1433 660 1509 Oratio
685 1434 724 1509 l,
748 1434 914 1533 Philippi
938 1451 1069 1509 contm
1091 1436 1274 1535 lepidium

295 1576 348 1651 ¹9
373 1554 552 1633 Maxume
569 1558 726 1649 vellem,
748 1560 875 1633 Patres
892 1558 1111 1665 conscripti,
1129 1557 1409 1666 rempublicam
1432 1559 1602 1663 quietam

90 1730 91 1734 η
202 1700 299 1769 esse,
323 1695 392 1755 sut
413 1680 453 1757 in
478 1681 657 1786 perieulis
686 1709 707 1758 s
728 1682 1023 1789 promptissumo
1045 1710 1201 1789 quoque
1229 1682 1401 1773 defendi,
1434 1682 1602 1788 denique

201 1828 322 1905 praua
343 1804 494 1909 incepta
518 1807 797 1884 consultoribus
825 1834 933 1883 noxae
958 1832 1041 1884 esse
1088 1808 1160 1883 Sed
1186 1825 1319 1883 contra
1351 1806 1602 1886 seditionibus

203 1928 335 2005 omnia
367 1931 520 2005 turbata
548 1946 658 2023 sunt,
692 1948 732 2006 et
762 1932 811 2005 ab
835 1930 1018 2035 iis,·quos
1044 1929 1248 2037 prohibere
1283 1932 1400 2035 magis
1434 1932 1600 2009 decebat

202 2055 412 2145 Postremo,
437 2080 523 2159 quae
546 2054 709 2159 pessumi
732 2070 772 2129 et
787 2054 1010 2129 stultissumi
1036 2052 1250 2144 decrevere,
1282 2081 1326 2129 ea
1350 2055 1461 2131 bonis
1479 2073 1519 2131 et
1542 2083 1601 2133 ss-

202 2178 398 2281 pientibus
427 2179 608 2255 faciunda
638 2194 737 2253 sunt
779 2178 876 2251 Nam
900 2176 1048 2253 bellum
1075 2192 1190 2280 atque
1214 2204 1339 2269 arma,
1364 2202 1600 2281 quamquam

201 2305 308 2381 robis
331 2305 469 2395 invisa,
494 2321 639 2393 tamen,
663 2301 754 2405 quia
789 2300 933 2405 Lepido
965 2300 1137 2406 plausus,
1161 2300 1345 2378 sumenda
1375 2318 1476 2377 sunt
1520 2303 1600 2379 Nisi

202 2427 301 2507 sorte
319 2431 384 2505 cui
407 2454 539 2535 pacem
559 2442 735 2533 praestare
754 2442 792 2501 et
813 2424 960 2501 bellum
979 2424 1062 2528 pati
1096 2424 1300 2502 eonsilium
1323 2440 1387 2502 est
1443 2429 1532 2519 Pro,
1558 2428 1599 2505 di

201 2534 305 2647 boni,
327 2554 396 2658 qui
421 2553 524 2629 hanc
538 2552 695 2643 urbem,
719 2551 853 2626 omissa
873 2575 986 2641 cura,
1010 2546 1140 2625 adhue
1159 2548 1307 2655 rugitis3
1339 2548 1390 2625 Μ.
1404 2551 1599 2629 Aemilius,

201 2680 376 2755 omnium
396 2677 669 2785 flagitiosorum
689 2692 916 2781 postremus,
941 2674 1009 2777 qui
1036 2673 1145 2778 peior
1177 2700 1227 2748 an
1252 2672 1423 2780 ignavior
1443 2675 1509 2767 sit,
1534 2676 1599 2753 de·

203 2800 358 2882 liberari
387 2830 468 2880 non
492 2818 635 2908 potest,
659 2797 866 2877 examitum
894 2796 1163 2903 opprimundae
1188 2795 1374 2875 libertatis
1399 2796 1533 2892 babet,
1557 2816 1596 2879 et

202 2952 239 3003 se
260 2956 284 3005 e
301 2942 520 3034 contempto
555 2924 804 3003 metuendum
836 2921 980 3000 effecit:
1000 2946 1069 2998 ‘vos
1092 2936 1298 2997 mussantes
1322 2938 1361 2997 et
1387 2938 1595 3002 retractan-

203 3068 253 3130 tos
281 3054 406 3131 verbis
430 3067 469 3128 et
491 3066 623 3128 vatum
645 3047 895 3138 carminibus,
929 3071 1062 3151 pacem
1088 3041 1226 3149 optatis
1245 3043 1364 3150 magis
1389 3073 1507 3148 quam
1531 3048 1595 3126 de-

203 3175 354 3257 fenditis
372 3211 380 3253 :
405 3202 530 3281 neque
550 3173 766 3279 intellegitis
780 3170 943 3247 mollitia
957 3170 1197 3247 decretorum
1225 3168 1330 3244 vobis
1348 3168 1593 3274 dignitatem,

206 3300 260 3380 illi
279 3318 426 3381 metum
450 3298 610 3383 detrahi,
646 3302 771 3401 Atque
788 3295 831 3371 id
854 3296 937 3371 iure
944 3327 954 3389 ;
979 3293 1164 3397 quoniam
1184 3318 1231 3369 cx
1250 3292 1395 3398 rapinis
1420 3296 1594 3372 consula·

207 3444 302 3521 tum,
329 3429 379 3504 ob
394 3426 617 3503 seditionem
642 3421 877 3528 provinciam
896 3446 983 3497 cum
1005 3418 1172 3495 exercitu
1189 3416 1348 3521 adeptus
1374 3435 1436 3493 est
1485 3418 1594 3517 Quid

206 3552 328 3631 illeob
341 3550 536 3629 benefacta
556 3547 728 3653 cepisset,
748 3544 856 3619 cuius
876 3541 1078 3618 sceleribus
1099 3556 1205 3616 tanta
1219 3540 1374 3645 proemia
1392 3542 1594 3623 tribuistis?

91 3816 92 3823 ,
323 3760 372 3821 sii.
391 3756 505 3819 Nonius
516 3776 539 3815 s.
554 3776 583 3815 v.
593 3750 727 3825 irritare,
748 3747 883 3831 equidem
901 3750 934 3809 in
947 3746 1122 3809 Gotbolredi
1136 3745 1264 3807 editione
1283 3748 1383 3807 locum
1401 3767 1464 3808 non
1475 3749 1575 3813 iuveni
1583 3775 1594 3827 3
1623 3787 1628 3797 ·

211 3865 256 3927 scd
272 3864 368 3927 Codd.
383 3865 492 3929 variare
512 3860 662 3931 dicuntur,
684 3856 735 3915 alii
753 3872 855 3916 casuro
867 3854 973 3914 worm
984 3860 1111 3926 mustus,
1124 3852 1178 3912 alii
1196 3868 1306 3911 coum
1325 3852 1431 3913 wesin
1446 3872 1477 3915 se
1492 3866 1595 3919 mesos

91 4010 92 4035 i
180 3944 185 3951 ¹
211 3978 262 4033 cto.
279 3992 368 4054 qnam
388 3968 543 4030 lectionem
565 3962 671 4044 recepi.
691 3962 764 4023 dum
780 3958 868 4021 colui
887 3956 968 4019 Cort.
987 3988 1031 4005 -
1060 3978 1107 4039 ¹7·
1127 3956 1211 4021 Prisc.
1236 3976 1288 4030 so,
1309 3956 1347 4034 8,
1367 3956 1439 4023 505.
1464 3961 1593 4024 dulae

91 4150 92 4165 χ
213 4072 302 4143 Godd.
320 4096 342 4137 o
354 4070 455 4157 populi
473 4068 550 4132 cos.
569 4068 648 4150 Lips.
663 4087 688 4128 ι.
708 4064 767 4125 Erl.
780 4082 809 4125 a.
837 4060 1064 4144 nosen-quo·
1079 4058 1170 4121 Krebl
1184 4061 1319 4123 contulit.
1337 4062 1380 4124 sie
1396 4059 1594 4126 ersom.-

91 4190 92 4203 ’
217 4180 344 4247 ι8.5σπ.
356 4180 397 4243 sd
406 4180 478 4244 sen.
492 4198 529 4259 9,
548 4172 613 4246 sib.

330 4310 376 4373 ¹9·
394 4286 495 4349 adbuc
513 4276 606 4362 tegitis
623 4276 718 4341 Vallo.
738 4274 899 4353 odpactm
917 4266 1005 4333 Febr,
1023 4265 1099 4329 Bn'e.
1116 4276 1293 4347 potimnwn
1309 4286 1398 4350 usquo
1419 4274 1463 4333 od
1483 4273 1594 4355 hgetoa
1657 4333 1660 4340 ,

1160 4394 1186 4451 *
