4050 5009
1488 338 1560 431 259

164 513 310 613 prabeo
329 518 563 623 exemplum,
579 538 658 622 quo
682 516 823 593 rectius
845 532 910 592 tua
932 540 1145 621 componas
1181 518 1354 619 Namque
1368 512 1557 603 Romanis,

162 662 248 713 cum
263 641 502 734 nationibus,
521 643 693 747 populis,
719 642 871 747 regibus
890 642 1057 731 cunctis,
1082 668 1161 715 una
1182 657 1219 715 et
1240 656 1405 717 caretas
1427 659 1555 713 caussa

54 686 60 854 l
162 756 330 838 bellandi
359 781 434 855 est,
465 764 608 869 cupido
634 764 827 869 profunda
857 766 1007 869 imperii
1034 780 1073 841 et
1093 764 1339 857 divitiarum3
1373 788 1449 867 (pua
1478 758 1556 864 pri·

54 857 62 990 Ι
158 909 264 959 mum
293 913 385 963 cum
409 914 494 992 rege
516 888 772 965 Macedonum
792 886 973 993 Philippo
991 887 1139 964 bellum
1163 914 1361 992 sumpsere„
1403 888 1556 961 Duma
1644 868 1648 875 ⁵

158 1008 533 1115 Carthaginiensibus
556 1013 847 1117 premebantur,
872 1010 1082 1087 amicitiam
1112 1011 1332 1089 simulantes
1361 1011 1397 1086 ei
1423 1009 1556 1084 subvo-

156 1129 323 1207 nientem
338 1132 574 1212 Antiochum
591 1136 829 1214 concessione
845 1135 940 1211 Asiae
957 1162 1027 1237 per
1044 1134 1178 1211 dolum
1195 1152 1383 1225 avortere3
1407 1160 1451 1207 ac
1467 1158 1555 1206 mox

156 1268 276 1331 tracto
298 1255 480 1361 Philippo
507 1257 720 1335 Antiochus
744 1260 851 1335 omni
877 1259 930 1333 cis
947 1260 1120 1332 Taurum
1142 1284 1231 1362 agro
1256 1274 1294 1331 et
1314 1256 1443 1331 decem
1468 1254 1556 1327 mil-

153 1375 252 1453 libus
284 1378 520 1457 talentorum
548 1380 732 1487 spoliatus
755 1396 818 1458 est
867 1384 1003 1457 Persen
1037 1378 1175 1455 deinde
1206 1378 1376 1484 Philippi
1407 1378 1554 1469 filium,

53 1595 54 1600 Ἰ
152 1518 234 1603 post
254 1502 380 1579 multa
402 1518 441 1580 et
459 1506 564 1581 varia
581 1506 808 1596 certamina,
830 1504 936 1609 apud
958 1502 1222 1580 Samothracas
1243 1502 1331 1579 deos
1354 1518 1553 1606 acceptum

151 1623 191 1698 in
215 1624 353 1714 fidem,
385 1626 517 1703 callidi
541 1645 580 1705 et
601 1644 808 1730 repertores
826 1626 1011 1732 perfidiae,
1049 1630 1140 1731 quia
1160 1644 1273 1731 pacto
1289 1628 1412 1701 ¹vitam
1441 1626 1553 1701 dedo-

150 1766 255 1842 rant,
300 1752 498 1827 insomniis
525 1752 702 1827 occidam
749 1752 981 1840 Eumenem,
1019 1750 1128 1825 cuius
1157 1751 1365 1825 amicitiam
1394 1751 1553 1855 gloriose

150 1890 360 1967 ostentant,
385 1876 497 1950 initio
524 1874 726 1979 prodidere
750 1870 960 1963 Antiocho,
985 1874 1088 1976 pacis
1114 1874 1324 1949 mercedem
1331 1908 1342 1968 ;
1375 1888 1460 1977 post
1484 1878 1550 1948 At-

149 1996 272 2074 talum
292 1998 487 2075 custodem
500 1999 582 2102 agri
604 1997 745 2101 captivi
762 1997 977 2101 sumptibus
995 2012 1034 2073 et
1053 1996 1294 2097 contumeliis
1312 2025 1357 2071 ex
1378 2024 1463 2101 rege
1479 1997 1551 2069 mi·

149 2143 363 2197 serrumum
389 2147 583 2199 servorum
613 2120 791 2197 effecere:
815 2118 1072 2224 simulatoque
1094 2120 1212 2227 impio
1238 2137 1478 2209 testamento,
1506 2118 1550 2192 li-

147 2240 241 2319 lium
267 2246 350 2321 eius
368 2244 650 2334 Aristonicum,
674 2242 766 2346 quia
788 2242 958 2348 patrium
981 2268 1143 2349 regnum
1160 2244 1356 2349 petiverat,
1382 2242 1549 2319 hostium

148 2394 247 2443 more
273 2395 342 2472 per
362 2366 607 2471 triumphum
624 2364 792 2443 duxere:
817 2367 903 2442 Asia
921 2366 970 2440 ab
987 2366 1075 2469 ipsis
1097 2368 1239 2445 obsessa
1259 2384 1336 2443 est:
1360 2385 1548 2471 postremo

147 2491 387 2596 Bithyniam,
410 2489 614 2567 Nicomede
635 2506 807 2579 mortuo,
830 2490 1042 2593 diripuere;
1064 2518 1154 2567 curn
1170 2490 1271 2567 filius
1289 2492 1408 2581 Nusa,
1430 2518 1547 2594 quam

48 2631 49 2674 l
147 2616 316 2718 reginam
337 2613 641 2718 adpellaverant,
666 2613 814 2718 genitus
836 2611 944 2687 haud
966 2612 1084 2689 dubie
1106 2630 1205 2691 esset
1242 2616 1339 2689 Nam
1363 2613 1458 2717 quid
1480 2640 1548 2717 ego

48 2781 49 2786 =
147 2763 205 2813 me
222 2737 439 2843 adpellem?
472 2762 588 2839 quem
602 2728 846 2811 disiun'ctum
866 2735 1042 2839 undique
1069 2739 1192 2843 regnis
1209 2753 1247 2813 et
1267 2738 1478 2813 tetrarchiis
1499 2739 1548 2813 ab

147 2861 305 2966 imperio
323 2888 472 2949 eorum,
508 2858 598 2962 quia
626 2858 728 2935 fama
748 2876 847 2949 erat,
873 2858 1030 2935 divitem
1060 2886 1185 2964 neque
1206 2862 1435 2937 sentinarum
1455 2888 1548 2951 esse,

146 3010 211 3086 per
230 2984 474 3064 Nicomedem
494 2983 595 3057 bello
617 2983 884 3059 lacessiverunt
891 3008 902 3073 ;
927 2981 1078 3058 sceleris
1095 3010 1228 3061 eorum
1239 2982 1347 3059 haud
1360 2986 1547 3090 ignarum,

146 3122 182 3180 et
197 3134 258 3198 ea,
284 3132 371 3210 quae
389 3106 577 3195 accidere,
605 3121 782 3180 testatum
802 3120 939 3194 antea,
966 3100 1159 3183 Cretenses
1184 3108 1280 3183 solos
1299 3108 1473 3184 omnium
1501 3107 1549 3181 li-

145 3228 248 3307 beros
264 3257 311 3305 ea
346 3244 564 3332 tempestate
584 3245 622 3303 et
647 3255 771 3333 regem
784 3228 1044 3304 Ptolemaeum.
1079 3234 1203 3334 Atque
1225 3258 1293 3339 ego
1315 3232 1420 3307 ultus
1444 3233 1546 3307 iniu-
1619 3224 1621 3227 ’

144 3354 238 3445 rias,
260 3352 505 3429 Nicomedem
526 3349 704 3453 Bithynia
727 3350 868 3454 expuli,
891 3352 1094 3455 Asiamque
1117 3355 1280 3458 spolium
1299 3356 1393 3459 regis
1412 3338 1557 3430 Antio·⁸

146 3475 204 3552 chi
234 3477 378 3580 recepi,
402 3492 442 3550 et
466 3474 623 3550 Graeciae
645 3472 763 3549 demsi
804 3499 915 3578 grave
948 3476 1154 3552 servitium.
1193 3482 1348 3582 Incepta
1372 3506 1456 3553 mea
1476 3506 1546 3585 po·

144 3616 298 3679 stremus
312 3625 506 3676 serrorum
517 3596 746 3688 Archelaus,
768 3597 937 3671 exercitu
957 3598 1131 3701 prodito,
1158 3600 1382 3706 impedivit:
1408 3600 1545 3707 illique

222 3842 268 3887 rs.
290 3820 494 3901 Tibi-sperem
511 3822 551 3879 ita
567 3818 670 3879 Carrio
686 3837 721 3880 ss
735 3816 802 3879 tta.
827 3840 891 3900 que
906 3824 996 3902 vulgo
1018 3830 1058 3880 ast
1072 3824 1215 3900 scriptura
1224 3862 1236 3895 ,
1249 3826 1373 3884 omnino
1394 3844 1478 3885 sensu
1490 3846 1543 3887 ca-

146 3937 195 3991 ret.
212 3928 352 3988 amantur
364 3926 462 3989 Vatic.
482 3924 779 3986 submersarum.
792 3924 1001 4003 ·quaprimum
1018 3925 1085 3985 libri
1100 3928 1222 4005 aliquot.
1241 3927 1339 4005 primo
1354 3939 1450 3989 trunto
1461 3928 1541 3993 Phil.

146 4028 232 4093 vatia
247 4032 281 4093 in
293 4031 393 4091 aetat·
406 4028 505 4089 codd.
523 4035 619 4087 tracto
635 4030 784 4086 ommam.
801 4036 868 4106 port
889 4025 1025 4089 Arrium
1040 4031 1080 4089 iu
1096 4028 1181 4089 Γηὼν.
1203 4026 1279 4091 Bria.
1297 4042 1326 4091 at
1347 4032 1444 4095 Ursini
1457 4034 1542 4099 tiber.

145 4134 333 4211 pmthabdrsm
343 4136 392 4198 rel
399 4132 567 4215 posthabita
581 4134 679 4191 oeten.
700 4140 794 4191 totam
814 4130 991 4213 Bithyniam
1005 4138 1104 4217 vulgo.
1125 4134 1174 4194 sed
1192 4143 1284 4195 totam
1298 4156 1358 4195 om.
1375 4149 1482 4202 veteres
1499 4140 1542 4205 lt-

148 4235 199 4298 bri.
217 4260 305 4321 qaam
319 4238 453 4318 reginum
472 4236 660 4315 amedaram
676 4234 770 4299 Vatis.
790 4254 874 4314 pram
887 4254 983 4316 regem
999 4236 1061 4298 iam
1081 4237 1163 4302 subt.
1183 4238 1258 4303 Bria.
1279 4240 1336 4302 soli
1351 4244 1485 4308 omnm
1500 4244 1542 4307 li·
