4050 5009
1571 407 1635 461 tlt

229 586 326 653 salta
344 582 383 649 in
394 582 511 648 Asiam
527 586 748 669 pervenerat,
767 581 908 646 Arsaces
925 576 1050 665 populi
1064 572 1217 647 Romani
1232 572 1422 641 amicitiam
1436 574 1592 643 coluerat
1611 586 1647 645 ct

230 695 358 763 iterum
384 692 431 753 ad
454 688 639 754 Lucullum
663 688 797 775 legatos
820 684 932 753 ioedus
960 694 996 753 et
1025 681 1217 750 amicitiam
1239 688 1395 767 petentes
1414 668 1563 753 miserat.
1584 682 1644 753 cir.

230 798 322 863 Plut.
339 801 421 863 Luc.
434 799 492 876 ³⁰3
511 780 658 882 Appian.
678 797 736 877 87:
757 791 929 862 Ceterum
943 786 1139 858 eonsilium
1155 795 1219 859 est.
1241 790 1337 855 locus
1347 788 1587 871 difficillimus,
1605 792 1647 861 in

232 888 304 989 quo
321 902 395 981 iam
414 900 552 985 antiqui
571 898 799 965 Grammatici
815 897 1027 964 haesitarnnt.
1053 896 1212 963 charisio
1240 896 1334 961 eninr
1350 906 1488 965 auctore
1509 921 1544 984 p.
1568 920 1646 983 ¹773

230 1010 455 1094 aspersurus
477 1005 621 1073 Salustii
639 1004 811 1089 interpres
832 1007 1006 1067 coeterum
1033 1010 1093 1067 aut
1112 1023 1176 1089 per
1191 998 1361 1086 alioquin
1389 1012 1449 1068 aut
1475 1022 1541 1090 per·
1561 998 1650 1071 reli·

231 1136 344 1199 quum
354 1116 572 1181 reddendum
581 1129 656 1177 esse
668 1108 797 1176 statuit.
804 1104 936 1172 Charis.
951 1106 1026 1192 ipse
1036 1109 1141 1173 rerba
1156 1104 1242 1173 belli
1247 1106 1489 1193 prudentibus
1501 1110 1650 1189 addidit,

229 1220 328 1285 haud
343 1220 466 1303 dubie,
480 1216 566 1300 quia
582 1217 681 1282 locus
693 1220 725 1282 ei
737 1212 918 1281 ohscurior
934 1230 1008 1283 esse
1022 1213 1222 1297 videbatur3
1239 1236 1320 1281 nam
1330 1216 1405 1285 haec
1414 1236 1534 1285 omnes
1542 1220 1651 1284 Codd.

231 1325 358 1409 stipsi
380 1321 538 1393 vaticani
557 1320 735 1409 ignorant3
765 1322 826 1387 sed
855 1319 951 1386 idem
975 1342 1091 1405 parvo
1114 1322 1495 1409 tabescentesque
1517 1330 1552 1391 et
1574 1324 1650 1411 ipsa

232 1430 380 1493 multum
403 1424 621 1493 obscuritatis
641 1427 783 1491 habent.
802 1426 958 1511 primum
982 1426 1092 1515 igitur
1114 1431 1211 1513 quod
1232 1428 1394 1495 lectionis
1418 1429 1652 1517 integritatem

232 1534 373 1609 attinet,
397 1534 492 1597 hunc
509 1534 627 1597 locum
639 1532 715 1611 iam
731 1532 781 1597 ita
795 1533 1018 1599 scribendum
1037 1542 1072 1600 et
1085 1534 1405 1622 interpungendum
1427 1556 1500 1603 esse
1516 1554 1651 1603 censeo.

234 1634 621 1707 Coeterumconsilium
634 1646 688 1703 est
704 1632 897 1728 Tigranis,
916 1661 1032 1731 regno
1051 1636 1221 1733 integro,
1243 1638 1331 1708 meis
1349 1638 1551 1725 militibus,
1561 1660 1654 1726 pro·

168 1761 171 1765 ·
235 1748 300 1809 cul
321 1744 370 1809 ab
388 1745 512 1830 domo,
535 1764 651 1830 parvo
678 1744 825 1832 labore,
849 1767 918 1830 per
938 1754 1075 1813 nostra
1096 1768 1276 1832 corpora,
1302 1746 1435 1813 bellum
1455 1746 1651 1833 conjiceres

234 1871 307 1935 quo
329 1871 445 1936 neque
458 1848 617 1938 uincere,
637 1874 753 1937 neque
771 1848 875 1919 vinei
887 1851 967 1920 sine
986 1863 1053 1921 tuo
1074 1850 1247 1941 periculo
1265 1872 1475 1938 possumus.
1498 1888 1540 1907 -
1564 1844 1654 1915 belli

228 1952 475 2041 prudentibus
500 1958 752 2042 omittendum,
784 1962 881 2043 quod
901 1961 945 2023 ab
972 1961 1139 2026 omnihus
1166 1960 1321 2048 ipsisque
1343 1960 1520 2029 Vaticanis
1543 1958 1656 2025 (lodd-

233 2064 370 2128 absunt.
398 2084 470 2144 quo
493 2082 536 2127 ex
561 2066 637 2129 Vat.
663 2089 692 2128 r.
717 2064 939 2130 scribendum
964 2069 1061 2133 unde
1085 2066 1233 2152 vulgatae
1254 2065 1422 2133 lectiones
1451 2063 1655 2148 quomodo,

237 2166 404 2253 quando,
425 2172 459 2227 et
483 2183 566 2226 cum
592 2171 687 2244 quod
714 2166 755 2227 in
779 2170 857 2231 Vat.
884 2190 912 2233 a.
935 2176 1003 2247 est,
1024 2176 1109 2235 ortae
1129 2188 1202 2234 esse
1225 2170 1398 2233 videntur.
1424 2169 1522 2229 locus
1544 2164 1653 2249 paulo

234 2268 442 2357 impeditior
468 2269 564 2351 quod
587 2288 665 2332 cum
693 2267 803 2332 verbo
826 2266 927 2332 finito
956 2270 1076 2353 plures
1107 2266 1252 2332 ablativi
1285 2266 1559 2353 conjunguntur3
1592 2268 1654 2335 sed

234 2376 320 2442 inde
338 2374 437 2455 nulls
460 2373 666 2460 corruptele
687 2372 839 2461 suspicio
858 2374 1050 2457 movenda,
1071 2374 1167 2457 quod
1186 2372 1254 2437 hoc
1269 2370 1411 2438 dicendi
1432 2392 1541 2461 genus
1555 2372 1653 2441 Salu-

235 2483 302 2550 stio
324 2490 593 2550 consentaneum
611 2501 684 2549 esse
699 2480 774 2561 jam
791 2480 918 2567 sapius
931 2477 1124 2545 docuimus.
1149 2478 1210 2545 cir.
1226 2482 1270 2543 ad
1293 2480 1357 2543 Cat
1376 2500 1425 2561 7.=
1444 2475 1484 2544 in
1501 2476 1652 2567 ccstrr's,

235 2611 306 2675 per
322 2590 507 2675 laborem,
541 2610 620 2654 usu.
645 2624 688 2643 -
707 2587 814 2653 totius
833 2585 926 2666 loci,
951 2593 992 2653 ut
1025 2606 1066 2655 er
1095 2585 1255 2655 extremis
1283 2580 1400 2654 verbis
1420 2584 1652 2675 manifestum,

235 2694 266 2759 is
286 2696 368 2759 finis
382 2705 450 2779 cst,
478 2703 518 2759 ut
537 2695 656 2762 Arsaci
680 2698 899 2783 persuadeat,
932 2692 969 2762 ei
994 2714 1067 2759 non
1088 2696 1196 2763 licere
1221 2692 1378 2761 medium
1398 2712 1521 2782 agere,
1556 2694 1654 2778 quod

235 2800 418 2879 utriusque
443 2799 554 2883 partis
584 2800 755 2864 invidiam
779 2810 813 2865 et
835 2787 1002 2888 ma'gnsm
1024 2802 1092 2865 sihi
1114 2802 1311 2886 periculum
1330 2804 1540 2865 conflaturus
1562 2807 1659 2865 esset.

239 2904 306 2964 Cui
326 2902 469 2981 quidem
492 2904 671 2969 sententiaa
692 2914 805 2967 cetera
830 2906 1065 2985 respondeant
1086 2918 1223 2965 necesse
1251 2910 1319 2983 est,
1346 2900 1377 2962 si
1402 2900 1545 2981 quidun
1567 2902 1659 2967 bono

241 3003 433 3088 composita
460 3004 573 3069 oratio
598 3012 660 3069 est.
689 3006 846 3068 Primum
874 3004 984 3090 igitur
1017 3000 1191 3094 Tigranis
1216 2998 1409 3070 consilium
1433 3004 1537 3085 dicit,
1563 3006 1660 3089 quod

238 3108 456 3174 Mithridatis
479 3110 575 3173 haud
600 3109 752 3174 liberam
783 3115 856 3174 erat
883 3106 1068 3172 arbitrium
1098 3119 1132 3177 et
1154 3110 1345 3177 obnoxium
1371 3110 1521 3183 aliorum
1543 3109 1662 3197 potius

240 3235 345 3301 quam
360 3234 423 3279 sua
433 3214 924 3301 ipsiusconsitiasequioecet.
942 3234 1057 3304 regno
1073 3212 1220 3306 integro
1231 3216 1280 3280 ita
1292 3215 1589 3300 interpretandum
1599 3222 1662 3292 cst,

240 3335 280 3387 ut
309 3322 365 3387 sui
390 3322 492 3410 regni
522 3341 604 3409 opes
625 3342 699 3385 non
723 3329 856 3387 atterat.
877 3319 1038 3405 quamvis
1069 3322 1165 3389 enim
1184 3314 1356 3389 Armeniae
1374 3340 1457 3407 psrs
1472 3342 1494 3385 a
1513 3322 1660 3385 Lucullo

242 3437 408 3515 occupata
431 3428 536 3508 esset,
556 3443 671 3495 tamen
686 3429 792 3516 longe
814 3425 927 3508 major
944 3425 1049 3493 etism
1065 3436 1140 3494 tum
1153 3430 1254 3493 nullo
1278 3429 1433 3495 hostium
1450 3426 1582 3513 impetu
1600 3444 1661 3492 va·

205 3554 213 3567 ·
244 3544 332 3601 stata
344 3534 428 3617 fuit3
452 3535 525 3601 imo
541 3535 709 3601 Lucullus
724 3543 840 3599 castrat
852 3532 1004 3599 hiberno
1025 3543 1181 3620 tempore
1196 3534 1340 3601 rettulit.
1361 3528 1449 3597 meis
1467 3516 1659 3617 militibus,

243 3643 312 3707 ie.
320 3662 409 3726 quos
422 3642 641 3711 Mithridates
652 3648 732 3705 ante
744 3639 909 3725 proelium
921 3644 968 3704 ad
977 3639 1223 3726 Tigranocerta
1237 3640 1363 3704 factum
1374 3644 1553 3723 paraverat
1568 3648 1601 3703 et
1614 3658 1657 3706 eo

246 3749 323 3833 ipso
337 3758 510 3835 tempore,
528 3767 617 3812 novo
633 3747 769 3812 delectu
777 3748 921 3834 habito,
941 3746 1106 3812 collectos
1116 3742 1246 3811 milites
1256 3745 1397 3813 ordines
1406 3766 1539 3813 servare
1550 3754 1583 3811 et
1591 3754 1661 3814 sta·
1695 3786 1697 3791 ,

247 3856 370 3920 taniam
388 3872 542 3942 pugnarn
556 3852 668 3918 iacere
678 3853 833 3919 docebat.
856 3851 916 3918 cir.
939 3853 1025 3938 App.
1039 3852 1097 3934 87:
1119 3842 1192 3935 τούς
1220 3842 1256 3926 ii
1286 3850 1320 3935 ie
1337 3845 1418 3937 ἴλας
1435 3878 1469 3929 τε
1486 3852 1548 3927 nni
1567 3848 1660 3927 omi·

248 3984 308 4055 pcc
347 3943 549 4053 ἆγχντοίτου
585 3955 641 4041 τῆς
667 3956 830 4045 Ἰταλικῆς
858 3944 1042 4049 συντάξεως
1070 3940 1296 4051 καταλέγων,
1333 3956 1490 4040 narrantia
1521 3940 1662 4050 svtpira

250 4078 427 4178 γυμνάζων
447 4069 626 4177 ruptilius.
642 4079 840 4166 proculab
856 4081 964 4147 domo
978 4087 1134 4164 etporuo
1155 4080 1300 4165 labore,
1323 4084 1367 4145 ad
1385 4080 1563 4166 superiora
1578 4092 1660 4160 reg·

209 4234 215 4244 .
249 4205 299 4251 no
322 4184 468 4277 integro
488 4194 568 4253 sunt
589 4184 779 4253 referenda.
800 4188 933 4253 scilicet
951 4187 1025 4254 haro
1040 4185 1271 4253 Mithridates
1290 4186 1426 4251 addidit
1447 4192 1487 4247 ut
1505 4182 1660 4263 doceret,

251 4292 423 4361 Armenio
440 4312 628 4381 opesnovo
648 4292 736 4361 belli
759 4314 904 4381 genera,
926 4297 1022 4379 quod
1040 4294 1230 4381 ingressuri
1251 4300 1367 4376 erant,
1386 4304 1498 4372 neque
1513 4282 1664 4356 labefac-
