4050 5009
1612 460 1641 537 9

231 634 332 721 quia,
358 630 521 700 defuneto
539 638 614 697 tum
635 628 751 711 Sulis,
776 634 918 718 propter
940 628 1059 696 civiles
1084 629 1123 695 in
1143 630 1231 697 urbe
1260 628 1507 714 dissensiones,
1538 634 1582 697 de
1602 648 1645 697 ea

229 762 268 807 re
286 740 451 805 Consules
472 743 517 802 ad
537 746 694 804 senatum
714 737 843 803 referre
865 757 938 801 non
955 742 1134 824 poterant,
1155 756 1231 817 rer,
1251 738 1419 803 Romanis
1437 738 1565 821 iratus,
1585 736 1645 801 Ti-

229 865 390 933 granem,
409 844 580 911 Armenia,
598 863 734 932 regem,
755 863 921 929 generum
942 864 1044 909 suum
1066 843 1285 929 subornavit,
1303 844 1367 929 qni
1391 842 1644 931 Cappadociam

235 950 414 1017 invaderet
435 952 496 1015 cfr.
516 949 663 1035 Appian.
682 948 877 1015 Mithridat.
897 970 924 1017 0.
945 952 996 1033 67.

311 1060 479 1125 Praeterea
500 1054 605 1131 initio
623 1054 709 1121 anni
730 1052 853 1119 foedus
871 1074 952 1149 cum
972 1042 1153 1120 Gaditanis
1172 1053 1280 1128 ictum
1298 1062 1358 1121 est.
1377 1054 1446 1121 Cir.
1458 1073 1523 1141 pro
1535 1054 1643 1119 Balbo

168 1184 171 1191 “
230 1163 280 1225 15.
292 1163 535 1250 Compluribus
552 1158 709 1225 Asiaticis
723 1158 919 1223 civitatibus
933 1159 1119 1249 privilegia
1131 1164 1221 1226 data.
1237 1161 1297 1225 cir.
1309 1161 1450 1227 Gruteri
1471 1160 1644 1245 Inscriptt.

232 1265 256 1330 f.
279 1272 349 1343 504.
379 1267 513 1351 Lepido
540 1268 615 1329 Cos.
641 1270 779 1329 auctore
804 1272 838 1329 et
859 1284 996 1331 suasore
1014 1251 1304 1353 lex'sumptuaria
1320 1265 1392 1331 sive
1415 1266 1544 1331 cibaria
1562 1268 1645 1332 lata.

127 1376 145 1405 ²
230 1372 306 1435 Aul.
323 1370 410 1435 Gell.
427 1374 467 1433 N.
484 1372 523 1433 A.
542 1374 586 1434 11.
606 1386 656 1447 24.
677 1370 829 1435 Macrob.
847 1372 1043 1445 Saturn.11.
1062 1394 1111 1455 17.
1136 1372 1225 1436 Plin.
1240 1374 1284 1437 H.
1304 1377 1345 1437 Ν.
1362 1374 1453 1438 vm.
1473 1396 1523 1455 ²7·
1551 1375 1646 1437 Pons

229 1476 396 1543 sublicius
413 1496 434 1541 a
454 1474 499 1539 Μ’
515 1475 684 1557 Aemilio,
706 1472 751 1537 Μ’
764 1474 858 1559 filio,
879 1478 922 1539 Μ’
932 1480 1080 1561 Nepote,
1098 1477 1283 1563 quaestore,
1302 1498 1343 1542 ex
1351 1478 1470 1565 ligneo
1486 1476 1644 1563 lapideus

229 1582 358 1671 factus,
376 1586 470 1649 unde
483 1593 600 1670 postea
619 1602 708 1670 pons
721 1581 890 1648 Aemilius
904 1582 1097 1668 appellatus
1115 1593 1175 1648 est.
1196 1584 1257 1649 eir.
1271 1584 1339 1647 Sal.
1352 1582 1471 1669 fragm.
1486 1604 1540 1667 ap.
1561 1585 1648 1645 cht.

229 1708 256 1757 s.
270 1712 304 1757 v.
314 1686 490 1757 sublicius
507 1697 542 1759 et
556 1692 716 1759 Debross.
731 1692 776 1757 11.
787 1690 829 1759 11.
844 1690 887 1755 R.
900 1688 977 1757 Vol.
992 1691 1019 1755 I.
1038 1692 1098 1774 399
1118 1693 1238 1771 01434.
1258 1693 1424 1757 Praeterea
1441 1686 1644 1783 prodigium
1714 1788 1721 1801 .

231 1902 767 1931 m

228 2006 336 2075 Tauri
360 2032 497 2099 quoque
523 2014 651 2083 montis
677 2015 787 2081 latera
807 2013 846 2079 in
867 2012 1026 2080 Ciliciam
1045 2013 1224 2100 vergentia
1242 2016 1489 2097 perscrutatus,
1508 2010 1646 2071 Isauros

231 2110 329 2175 hello
343 2114 468 2180 fractos
489 2118 527 2181 in
545 2119 715 2183 ditionem
733 2119 883 2205 redegit,
902 2120 1036 2207 primus
1050 2122 1285 2184 Romanorum
1302 2136 1366 2203 per
1380 2118 1533 2178 Taurum
1547 2112 1648 2173 duxit

232 2213 420 2276 exerciium
440 2234 480 2275 ac
501 2217 650 2277 limitem
675 2222 811 2278 itineris
837 2222 930 2283 iecit.
957 2224 1127 2283 Triennio
1151 2238 1314 2297 emenso,
1335 2237 1405 2295 quo
1428 2216 1561 2275 bellum
1585 2232 1646 2297 ge·

232 2324 324 2383 stum
355 2324 423 2402 est,
465 2318 609 2384 Isaurici
635 2337 764 2388 nomen
799 2318 999 2403 adsumpsit.
1037 2316 1165 2383 Iisdem
1189 2316 1262 2385 sere
1295 2314 1410 2380 verbis
1442 2314 1646 2401 Eutropius:

229 2421 305 2494 ,Ad
323 2420 480 2485 Ciliciam
505 2430 539 2488 et
568 2422 812 2511 Pamphyliam
834 2420 958 2489 missus
989 2428 1040 2485 est
1070 2422 1109 2485 P.
1131 2420 1313 2508 Servilius,
1346 2421 1565 2501 exconsule,
1592 2421 1649 2486 vir

149 2564 153 2571 ·
229 2512 398 2593 strenuus.
430 2531 463 2593 Is
496 2508 657 2594 Ciliciam
688 2527 843 2617 subegit,
868 2528 985 2619 Lyciae
1012 2528 1116 2593 urbes
1139 2526 1345 2598 clarissimas
1363 2529 1592 2615 oppugnavit,
1612 2533 1650 2595 et

230 2630 338 2714 cepit;
360 2634 398 2697 iu
421 2632 477 2697 his
497 2635 730 2724 Phaselidem,
752 2637 959 2723 Olympum,
980 2636 1152 2720 Corycum
1172 2632 1316 2701 cilicia.
1350 2637 1485 2699 Isauros
1507 2654 1649 2719 quoque
1733 2698 1737 2706 ,

229 2756 424 2823 aggressus,
444 2743 488 2803 ad
501 2740 717 2805 deditionem
735 2742 895 2828 redegit,
909 2749 1012 2827 atque
1032 2740 1125 2807 inter
1145 2740 1335 2805 triennium
1355 2741 1451 2805 hello
1464 2739 1569 2805 finem
1586 2742 1648 2804 de·

228 2844 291 2906 dit.
312 2844 447 2909 Primus
468 2846 626 2911 omnium
641 2850 880 2919 Romanorum
905 2847 943 2910 in
962 2849 1077 2919 Tauro
1099 2847 1166 2911 iter
1191 2846 1284 2907 fecit.
1318 2848 1505 2908 Revertens
1525 2846 1647 2907 trium·
1732 2844 1740 2857 '

168 2950 169 2953 ’
229 2950 338 3030 phum
357 2952 489 3031 accepit
510 2960 544 3014 et
562 2972 692 3015 nomen
714 2952 860 3014 Isaurici
887 2951 1056 3014 meruit.»
1090 2942 1183 3005 Sexti
1208 2943 1289 3003 Rufi
1319 2942 1529 3010 Breviarium
1550 2967 1579 3009 0.
1601 2970 1647 3011 ιι.

229 3048 510 3135 «Pamphyliam,
536 3050 697 3131 Lyciam,
723 3048 932 3131 Phrygiam,
958 3044 1147 3132 Pisidiam,
1168 3045 1303 3112 cariam
1315 3090 1326 3123 ,
1352 3049 1646 3115 1100110108εηί-
1767 3130 1771 3136 ⁴

228 3154 349 3232 vilius,
381 3150 585 3237 proconsul,
612 3154 656 3213 nd
678 3148 813 3213 bellum
844 3147 1035 3233 piratarum
1062 3147 1207 3231 missus,
1243 3150 1434 3221 obtinuit.»
1474 3157 1651 3227 Ammian.

229 3256 385 3325 Marcell.
404 3260 491 3323 XIV.
510 3257 548 3320 8³
578 3258 663 3332 ,Hae
683 3259 761 3320 duae
780 3250 986 3341 provincie,
1010 3252 1151 3338 (Cilicia
1179 3262 1216 3322 et
1237 3253 1384 3339 Isauria)
1413 3260 1508 3324 bello
1536 3271 1648 3345 quon.
1690 3292 1696 3299 -

229 3368 309 3431 dam
317 3364 481 3451 piratico,
501 3360 644 3429 catervis
662 3360 776 3426 mixtae
793 3364 1013 3447 praedonum,
1032 3380 1054 3423 a
1065 3360 1213 3427 Servilio
1234 3363 1441 3449 proconsule
1459 3366 1571 3433 misse
1582 3368 1647 3432 sub

226 3472 364 3556 jugum,
389 3468 485 3534 iactae
504 3467 822 3559 001110001150101.1
842 3466 1052 3531 Cin-Strabo
1071 3468 1151 3532 Res.
1167 3456 1361 3554 Geograph.
1374 3470 1462 3536 XIV.
1482 3478 1514 3537 3.
1527 3496 1561 3558 p.
1574 3490 1646 3552 114.

231 3590 303 3651 ant.
324 3578 394 3637 2²5.
414 3576 475 3637 Ed.
493 3575 645 3639 Tauchn.
667 3572 773 3657 (Plin.
794 3572 838 3637 H.
859 3576 899 3637 N.
917 3572 1006 3637 XXI.
1025 3596 1073 3654 ¹7·
1102 3573 1225 3637 Isidor.
1248 3576 1335 3641 XIV.
1359 3576 1388 3638 3.
1416 3579 1535 3662 Pomp.
1552 3580 1645 3646 Mela

229 3682 258 3745 1.
280 3684 329 3743 13.
353 3677 462 3743 801111.
481 3701 509 3742 0.
530 3678 596 3763 33.)
622 3678 691 3742 Sal.
714 3676 836 3763 fragm.
856 3678 883 3741 1.
903 3678 953 3742 65.
974 3680 1020 3741 ll.
1036 3682 1086 3740 13.
1117 3680 1188 3741 Ine.
1205 3698 1255 3759 9ο.
1271 3681 1321 3759 9⁵·
1353 3680 1422 3745 Cic.
1442 3684 1515 3746 1101.
1538 3686 1581 3749 II.
1605 3685 1646 3750 in

228 3788 327 3855 Verr.
348 3790 378 3851 1.’
396 3801 425 3849 1.
453 3784 574 3849 Ascon.
590 3782 732 3851 Pedian.
752 3782 792 3850 in
811 3784 954 3851 Verrem
974 3784 1019 3849 de
1044 3784 1143 3849 Praet.
1173 3786 1257 3849 Urb.
1278 3808 1312 3869 p.
1331 3788 1382 3850 85.
1412 3787 1481 3852 Cic.
1505 3792 1549 3853 sle
1566 3790 1647 3876 lege

231 3892 348 3980 Agrar.
368 3891 412 3955 11.
426 3912 473 3974 19.
494 3888 609 3953 Front.
626 3894 658 3955 3.
673 3910 704 3971 7.
721 3911 749 3954 1.
768 3888 970 3956 Meruitsnb
979 3889 1127 3954 Servilio
1142 3890 1302 3957 C.Iulius
1320 3894 1446 3970 Caesar,
1466 3898 1528 3961 sed
1540 3896 1647 3961 salle

232 4005 345 4063 morte
359 4002 534 4081 comperta
550 3997 696 4062 Romam
706 4016 854 4082 propere
865 3996 979 4064 rediit.
996 3998 1135 4063 sueton.
1151 3999 1222 4061 iul.
1236 4020 1265 4063 0.
1279 4005 1308 4063 3.
1328 4001 1484 4065 Ceterum
1497 4002 1646 4065 Debros-

230 4104 302 4169 aius
319 4103 374 4167 vel
389 4104 546 4167 hocloco
562 4102 701 4167 lacunas
716 4104 891 4169 librorum
903 4102 992 4167 Hist.
1003 4104 1162 4188 Salustii,
1182 4104 1292 4169 multa
1312 4126 1390 4170 cum
1404 4113 1476 4172 arte
1493 4108 1554 4169 sed
1571 4123 1646 4171 non

230 4208 313 4279 satis
335 4229 376 4279 ex
396 4226 512 4281 rerum
529 4206 598 4278 fide
619 4208 804 4295 supplerit.
827 4210 887 4283 olr.
912 4210 1001 4280 Hist.
1024 4210 1124 4298 Reip.
1142 4212 1242 4277 Rom.
1263 4209 1339 4277 Lib.
1354 4212 1396 4277 11.
1416 4209 1644 4297 poss-soe.
1666 4239 1673 4252 ·
1761 4196 1766 4203 ’

1315 4341 1337 4389 2
1438 4310 1472 4341 W
