4050 5009
523 446 590 497 102

519 601 552 677 ri
571 602 671 677 locos
686 625 924 705 occupavere.
949 597 1022 677 Sed
1040 603 1158 678 Persae
1176 601 1277 676 intra
1294 601 1491 678 Oceanum
1506 597 1639 704 magis3
1654 597 1773 704 hique
1787 597 1908 676 alveos

519 727 677 802 navium
708 726 880 801 invorsos
896 751 966 830 pro
993 725 1154 832 tuguriis
1186 724 1379 817 habuere,
1410 727 1501 829 quia
1531 751 1656 828 neque
1685 724 1844 800 materia
1870 722 1910 798 in

520 852 617 957 agris
638 874 762 954 neque
787 849 836 924 ab
864 850 1043 954 Hispanis
1065 849 1223 925 emundi
1253 867 1322 925 aut
1348 848 1524 926 mutandi
1549 849 1657 954 copia
1682 864 1911 940 erat,ma1e

350 946 354 964 Ι
399 979 403 998 “
521 1003 704 1080 magnum
722 992 761 1050 et
784 974 915 1080 ignara
932 974 1063 1080 lingua
1084 973 1308 1050 commercia
1326 971 1591 1076 prohibebant
1640 972 1691 1048 Hi
1710 970 1913 1078 paullatim

522 1127 592 1206 per
624 1100 817 1175 connubia
841 1098 1001 1174 Getulos
1026 1123 1154 1174 secum
1182 1097 1383 1190 miscuere
1406 1114 1445 1172 et
1463 1097 1555 1200 quia
1576 1122 1673 1202 saepe
1689 1113 1913 1202 temptantes

523 1250 629 1331 agros
650 1223 726 1298 alia
743 1222 881 1298 deinde
906 1221 981 1296 alia
1003 1222 1086 1298 loca
1105 1223 1336 1326 petiverant,
1357 1236 1473 1296 semet
1497 1220 1567 1324 ipsi
1587 1219 1770 1319 Numidas
1788 1221 1915 1326 adpel-

443 1351 448 1360 ’
524 1348 654 1424 lavere.
693 1349 868 1423 Ceterum
888 1345 1016 1422 adhuc
1041 1346 1200 1424 edificia
1217 1346 1471 1420 Numidarum
1489 1343 1710 1450 agrestium,
1732 1370 1819 1447 quse
1840 1371 1916 1418 ma-

523 1471 627 1576 palia
654 1470 712 1544 illi
729 1486 888 1559 vocant,
906 1469 1089 1573 oblonga,
1109 1468 1275 1544 incurvis
1298 1467 1477 1544 lateribus
1498 1483 1613 1556 tecta,
1630 1469 1737 1572 quasi
1761 1469 1916 1544 navium

524 1594 665 1670 carinae
686 1609 785 1668 sunt.
835 1592 956 1666 Medis
970 1609 1100 1667 autem
1116 1608 1154 1665 et
1177 1591 1350 1665 Armenia
1375 1617 1557 1667 accessere
1579 1591 1712 1695 Libyes
1739 1591 1857 1688 (nam
1877 1592 1917 1667 hi

525 1717 683 1822 propius
712 1739 817 1790 mare
844 1714 1017 1788 Africum
1042 1714 1258 1818 agitabant3
1299 1712 1432 1788 Getuli
1460 1715 1531 1789 sub
1554 1715 1631 1790 sole
1651 1715 1785 1819 magis,
1815 1716 1918 1792 haud

525 1839 662 1946 procul
689 1840 738 1913 ab
759 1837 985 1936 ardoribus)
1011 1837 1129 1940 hique
1148 1854 1297 1912 mature
1320 1835 1459 1940 oppida
1493 1835 1678 1933 habuere,
1703 1866 1795 1915 nam
1826 1841 1919 1916 freto

481 1959 485 1966 ’
526 1965 635 2041 divisi
653 1963 702 2036 ab
721 1961 905 2065 Hispania
920 1977 1070 2036 mutare
1085 1987 1142 2036 res
1161 1961 1260 2036 inter
1275 1986 1313 2034 se
1330 1961 1581 2035 instituerant.
1628 1964 1774 2040 Nomen
1790 1991 1920 2040 eorum

526 2088 731 2195 paullatim
761 2087 897 2189 Libyes
927 2111 1152 2188 corrupere,
1177 2085 1339 2158 barbara
1374 2084 1505 2188 lingua
1533 2085 1686 2161 Mauros
1713 2116 1785 2192 pro
1804 2090 1920 2172 Medis

527 2214 769 2318 adpellantes.
820 2209 893 2284 Sed
919 2235 976 2284 res
995 2212 1194 2284 Persarmn
1217 2208 1323 2282 brevi
1341 2207 1532 2284 adolevit:
1558 2235 1602 2283 ac
1620 2227 1747 2313 postea
1768 2214 1921 2290 nomine

525 2336 718 2426 Numidae,
743 2350 900 2438 propter
916 2332 1207 2407 multitudinem
1239 2358 1260 2404 a
1289 2330 1510 2434 parentibus
1543 2331 1713 2436 digressi,
1737 2337 1920 2439 possidere

528 2487 573 2538 ea
590 2460 692 2551 loca,
717 2483 804 2561 quae
833 2483 1019 2560 proxume
1044 2451 1312 2558 Carthaginem
1341 2453 1521 2528 Numidia
1549 2454 1778 2560 adpellatur.¹
1824 2461 1920 2537 Dein
2017 2449 2018 2480 ¹

530 2585 686 2686 utrique
704 2581 832 2656 alteris
852 2578 938 2654 freti
956 2578 1150 2654 finitumos
1170 2578 1284 2652 armis
1301 2593 1368 2650 aut
1382 2593 1486 2651 metu
1499 2579 1570 2652 suh
1590 2579 1794 2684 imperium
1812 2609 1921 2660 suum

532 2733 709 2811 coegere,
735 2729 876 2778 nomen
894 2702 1130 2805 gloriamque
1151 2699 1224 2773 sibi
1245 2698 1441 2791 addidere,
1467 2702 1584 2806 magis
1604 2701 1665 2792 hi,
1690 2707 1758 2807 qui
1779 2708 1832 2783 ad
1858 2737 1921 2784 no-

530 2847 653 2906 strum
669 2853 774 2904 mare
800 2839 1078 2932 processerant:
1104 2823 1195 2926 quia
1222 2823 1375 2926 Libyes,
1400 2851 1517 2927 quam
1542 2826 1673 2903 Getuli
1697 2830 1826 2909 minus
1848 2834 1922 2910 hel-

530 3073 619 3135 tlead.
646 3075 712 3136 Eae.
732 3061 779 3135 sex
800 3073 897 3134 Guell.
918 3083 1004 3153 atque
1025 3071 1105 3154 quod
1124 3074 1234 3155 priores
1248 3072 1324 3130 Edit.
1347 3084 1560 3152 occupaverat,
1570 3077 1708 3157 ignorant
1727 3099 1831 3142 omnes
1846 3081 1920 3143 leid.

530 3192 653 3249 alterum
666 3189 728 3249 alia
747 3191 845 3269 plures
856 3189 1006 3247 omittunt.
1026 3195 1113 3246 semet
1129 3184 1184 3265 ipsi
1200 3184 1262 3243 Bas.
1280 3206 1304 3243 ι.
1324 3182 1409 3243 Fabr.
1431 3184 1528 3245 Guell'.
1546 3209 1571 3247 1.
1591 3187 1657 3249 Ecc.
1688 3189 1768 3252 Laid.
1783 3193 1814 3256 b.
1827 3217 1852 3261 e.
1865 3195 1921 3265 dil.

530 3301 652 3364 Betui.
673 3301 748 3382 ipsos
766 3301 861 3360 ceteri.
882 3299 1015 3380 dlt'map.
1034 3298 1102 3381 Teg.
1122 3299 1192 3358 Tur.
1213 3298 1326 3358 Barna.
1347 3298 1494 3378 mappalia
1509 3299 1594 3361 Fahr.
1618 3309 1718 3364 Frane.
1735 3308 1794 3372 alii.
1805 3307 1924 3370 Armeni
2015 3369 2016 3384 ,

531 3417 593 3476 Bas.
606 3439 630 3481 r.
646 3415 730 3477 Fabr.
748 3436 773 3473 ι.
785 3435 826 3471 m.
839 3433 885 3494 pr.
901 3433 929 3473 2.
945 3433 1049 3472 mser.
1070 3410 1120 3472 Ac.
1141 3411 1210 3472 vin.
1226 3431 1252 3471 2.
1272 3412 1339 3470 Sen.
1357 3433 1381 3476 ι.
1402 3411 1485 3470 Rem.
1498 3433 1525 3472 2.
1545 3415 1605 3474 alii.
1626 3415 1711 3476 Mati
1720 3423 1923 3484 aruemetAr-
2015 3399 2016 3430 ³

533 3529 624 3588 marsii
639 3547 783 3588 arcessere
794 3526 898 3608 Libyes
917 3535 1027 3605 septem
1039 3523 1141 3586 Wassii
1158 3522 1236 3582 libri.
1259 3545 1299 3584 m.
1321 3545 1376 3589 soc.
1390 3533 1419 3584 et
1431 3523 1528 3585 Ciace.
1542 3527 1626 3589 liber.
1646 3527 1731 3591 Medi
1740 3553 1769 3592 a.
1780 3546 1809 3595 et
1824 3536 1924 3598 Armo-

534 3642 569 3699 ni
580 3655 721 3700 cccmsem
734 3639 839 3722 Libyes
858 3638 1004 3697 Commel.
1026 3637 1109 3698 Fabr.
1123 3657 1150 3694 2.
1178 3635 1273 3697 Strur.
1302 3657 1397 3717 m.pr.
1419 3637 1502 3702 Rem.
1520 3658 1545 3697 ι.
1569 3640 1629 3704 ine.
1642 3645 1747 3724 ¹Frane.
1768 3647 1848 3709 Vnt.
1863 3655 1921 3712 hs.

533 3753 601 3814 Eoo.
622 3752 979 3832 Guell.i.7.ro.11.12.
1001 3747 1062 3807 Bas.
1074 3747 1103 3818 4.
1124 3747 1207 3812 Bern.
1223 3769 1248 3808 1.
1270 3747 1338 3808 libas
1364 3748 1425 3807 Bas.
1439 3751 1467 3820 4.
1486 3753 1574 3827 fretu
1600 3754 1717 3816 Martia.
1747 3777 1922 3844 corrwnpare

534 3865 686 3928 Fabrica.
707 3863 809 3922 Basa·
837 3864 931 3924 Strur.
960 3861 1057 3921 Guelf.
1075 3861 1104 3932 4.
1122 3883 1149 3942 7.
1170 3861 1254 3922 Rem.
1273 3881 1298 3919 1.
1327 3861 1424 3922 Sonat.
1443 3884 1467 3921 ι.
1495 3863 1655 3932 Vrat.a.5.
1680 3873 1779 3934 Frane.
1798 3877 1921 3940 laidas.

534 3975 654 4039 rtomine
665 3975 816 4035 Numidiae
835 3977 921 4036 multi
933 3975 1001 4036 libri
1016 3994 1178 4056 perperam.
1203 3973 1350 4054 possidere
1370 3973 1479 4036 Fabric.
1502 3987 1594 4060 uterq.
1621 3979 1670 4046 Ac.
1702 3987 1803 4050 Fraus.
1829 3991 1915 4052 Sana

535 4093 616 4156 Vrat.
632 4111 660 4150 2.
680 4091 747 4150 Eae.
771 4088 867 4150 Guels.
880 4110 908 4150 a.
921 4089 949 4154 3.
964 4109 994 4169 9.
1008 4109 1053 4147 ιι.
1073 4107 1119 4146 12.
1141 4087 1225 4146 Paris.
1235 4085 1265 4145 b.
1276 4086 1306 4145 d.
1328 4085 1390 4144 Bas.
1408 4107 1433 4146 ι.
1446 4088 1475 4160 Δ.
1495 4088 1580 4152 Bern.
1596 4113 1622 4152 ι.
1634 4093 1662 4153 l.
1680 4100 1825 4175 proxima
1839 4101 1918 4174 corn,

538 4209 655 4266 Fronto.
676 4223 699 4262 s.
713 4223 793 4265 vocs.
814 4201 1004 4284 apellamus·
1029 4201 1127 4260 Sonat.
1154 4199 1255 4261 lleuu.
1283 4199 1379 4261 Suus.
1408 4203 1504 4267 cuelt.
1519 4223 1545 4263 ι.
1559 4207 1588 4266 3.
1600 4227 1627 4286 7.
1643 4227 1688 4267 ιο.
1705 4229 1750 4270 ra.
1776 4214 1843 4300 Τις.
1867 4217 1919 4276 aa.

536 4317 607 4379 Tur.
626 4337 668 4378 m.
687 4336 745 4378 sec.
764 4315 834 4377 deur
854 4314 990 4388 6ηο1ῑ.4.
1009 4311 1118 4376 deinde
1137 4314 1233 4376 aeteri.
1254 4310 1636 4398 imperiumatumooegere.
1655 4339 1740 4385 eiam
1758 4343 1818 4391 om,
1833 4330 1919 4392 aaut,
