4050 5009
1624 406 1650 490 5

339 589 475 668 Omnia
500 587 692 684 hominu,
725 587 794 694 qui
820 607 896 668 tete
920 585 1079 668 ttndent
1099 599 1276 696 prestare
1303 584 1437 665 raum
1470 581 1650 664 animali·

237 713 330 806 bur,
352 739 502 794 summa
536 743 608 822 ope
638 713 713 793 niti
733 713 859 808 decet,
893 713 1085 794 navitam
1113 711 1265 790 cilentio
1292 726 1506 801 trameant,
1529 708 1652 786 veluti

236 865 394 942 pecora,
420 866 518 945 quae
545 855 683 918 natura
712 865 834 944 prona
868 853 983 944 atque
1016 837 1141 916 ventri
1167 837 1382 914 obedientia
1408 833 1529 912 finxit
1578 832 1652 910 Sed

239 979 369 1038 noatra
390 965 514 1040 omnis
533 965 588 1040 vis
602 965 644 1044 iu
668 964 797 1042 animo
813 980 851 1040 et
869 991 1026 1068 corpore
1045 964 1117 1040 ritu
1140 979 1212 1038 eat:
1239 962 1359 1038 animi
1375 961 1553 1066 imperio,
1570 985 1653 1034 cor·

240 1087 343 1189 poris
360 1087 512 1164 servitio
532 1089 649 1196 magis
666 1089 831 1184 utimur;
856 1088 1021 1164 alterum
1042 1089 1152 1164 nobis
1173 1115 1264 1164 cum
1282 1087 1356 1178 dia,
1382 1086 1548 1161 alterum
1563 1111 1652 1158 cum

240 1209 378 1286 belluis
408 1237 612 1290 commune
640 1229 702 1290 est.
755 1211 845 1312 Quo
870 1209 966 1288 mihi
993 1212 1132 1287 rectius
1161 1211 1331 1302 videtur,
1366 1210 1511 1316 ingenii
1536 1236 1655 1312 quam

243 1333 385 1410 virium
406 1338 543 1440 opibus
563 1337 724 1442 gloriam
745 1362 930 1440 quaerere,
948 1351 1002 1426 et,
1030 1335 1216 1438 quoniam
1232 1335 1309 1410 vita
1329 1335 1427 1441 ipsa,
1457 1361 1534 1437 qun
1560 1331 1656 1408 frui·

247 1484 357 1550 mur,
383 1459 506 1536 brevis
526 1477 598 1552 eat,
623 1462 846 1538 memoriam
866 1461 985 1538 nostri
998 1487 1117 1562 quam
1135 1487 1312 1534 maxume
1332 1460 1487 1566 longam
1500 1461 1655 1534 efficere.

242 1581 340 1654 Nam
364 1582 587 1664 divitiarum
616 1599 654 1660 et
677 1585 808 1662 sormae
836 1585 956 1689 gloria
989 1583 1095 1660 lluxa
1121 1600 1237 1688 atque
1262 1582 1406 1690 fragilis
1429 1600 1502 1678 ett3
1537 1584 1657 1658 virtus

244 1704 346 1780 clara
370 1723 589 1810 aeternaque
605 1706 777 1785 babetur.
824 1707 896 1784 Sed
918 1709 988 1784 diu
1014 1735 1198 1814 magnum
1220 1709 1322 1784 inter
1342 1707 1513 1782 mortalis
1538 1723 1657 1782 certa-

244 1829 444 1920 mensuit,
469 1830 557 1906 vine
580 1833 746 1936 corporis
769 1859 820 1908 an
841 1833 982 1908 virtute
1003 1832 1124 1908 animi
1145 1859 1201 1908 oea
1220 1831 1398 1908 militaris
1428 1832 1547 1936 magis
1569 1857 1659 1936 pro-

245 1952 401 2028 cederet
439 1956 539 2030 Nam
570 1971 626 2046 et,
648 1957 756 2060 prius
779 1984 897 2060 quam
924 1955 1104 2060 incipias,
1130 1956 1322 2048 consulto,
1348 1973 1402 2048 et,
1428 1957 1496 2030 ubi
1524 1981 1659 2030 consu·

249 2077 384 2168 lueris,
413 2095 564 2155 mature
588 2077 688 2155 sacto
710 2107 804 2184 opus
827 2097 890 2156 est
924 2085 981 2154 Ita
1000 2097 1210 2184 utrumque
1228 2107 1299 2185 per
1311 2106 1349 2155 se
1364 2080 1553 2184 indigens,
1568 2080 1661 2154 alte-

247 2227 335 2274 rum
355 2201 511 2277 alterius
540 2204 683 2280 auxilio
702 2221 791 2309 eget.
827 2205 949 2310 Igitur
973 2205 1086 2280 initio
1115 2207 1228 2310 Reges
1262 2203 1438 2300 (namin
1459 2205 1566 2278 terris
1584 2213 1685 2277 no·²

245 2351 336 2401 men
362 2326 512 2429 imperii
537 2327 577 2403 id
591 2327 763 2432 primum
790 2328 906 2428 suit),
945 2329 1104 2418 divorsi,
1137 2357 1224 2433 pars
1245 2328 1460 2434 ingenium,
1483 2328 1550 2402 alii
1575 2355 1658 2402 cor·

245 2475 320 2554 pus
349 2451 592 2536 exercebant:
619 2453 838 2528 etiamtum
865 2454 942 2528 vita
972 2453 1178 2528 hominum
1197 2453 1278 2528 sine
1307 2453 1519 2557 cupiditate
1542 2453 1660 2558 agita·

244 2575 387 2664 batur,
422 2599 490 2691 sua
522 2577 663 2680 cuique
690 2578 778 2652 satis
813 2576 1025 2680 placebant
1084 2580 1212 2651 Postea
1239 2603 1327 2651 vero
1356 2603 1474 2679 quam
1505 2579 1546 2651 in
1573 2577 1658 2652 Asia
1706 2605 1709 2611 ·

314 2773 386 2854 Cup.
402 2797 427 2834 r.
462 2772 674 2834 animantibus.
697 2775 758 2834 Bas.
771 2775 798 2846 l.
821 2775 900 2834 Laid.
922 2777 948 2834 k.
961 2779 1073 2856 aliquot
1086 2775 1171 2834 Paris.
1195 2775 1292 2835 Gucll.
1312 2800 1339 2857 7.
1357 2799 1386 2856 9.
1405 2797 1451 2834 12.
1470 2776 1661 2856 uterqualle-

246 2901 338 2938 mens.
359 2884 417 2940 inc.
440 2901 464 2936 ι.
486 2899 562 2936 unus
582 2881 694 2938 Wassii.
718 2901 753 2940 na
769 2881 871 2940 vitum.
902 2901 1002 2938 omncs
1031 2881 1092 2938 Bas.
1118 2881 1202 2939 Beru.
1221 2881 1318 2941 Turio.
1336 2881 1552 2940 Laid-Corui
1573 2883 1662 2940 lectio

246 3005 282 3044 ex
302 2986 399 3043 Guell.
425 2987 451 3044 5.
472 3005 616 3064 expressa,
639 3007 727 3066 quam
744 2987 843 3046 nescio
866 3007 904 3044 un
916 2985 1165 3068 Erlang.Tegern.
1186 2996 1215 3045 et
1234 2986 1350 3045 Parisiu.
1371 2988 1558 3048 confirment.
1575 2997 1663 3046 tron—

246 3091 355 3168 sigant.
380 3090 485 3148 blarlrii
503 3102 533 3152 Γ.
559 3111 599 3147 m.
620 3110 665 3170 pr.
684 3102 802 3172 mscrpt.
823 3090 899 3150 llirii
927 3101 954 3149 ct
971 3091 1103 3148 Beroald.
1126 3101 1227 3150 nostra
1251 3091 1295 3150 vit
1315 3090 1419 3150 omnia.
1440 3089 1503 3148 Lib.
1528 3090 1568 3148 ΙΙ.
1589 3090 1661 3174 Reg.

250 3192 350 3252 Pemb.
371 3193 428 3251 ritu
448 3203 498 3252 eat.
515 3213 617 3252 omnes
637 3194 714 3252 libri.
736 3195 922 3254 dira'omneo
937 3194 988 3254 lib.
1011 3194 1108 3254 belutia.
1127 3196 1208 3254 teia.
1226 3219 1253 3254 a.
1268 3195 1298 3254 b.
1320 3219 1346 3256 c.
1372 3197 1401 3254 d.
1422 3217 1450 3277 g.
1471 3198 1492 3254 i.
1508 3197 1535 3252 k.
1555 3199 1576 3254 l.
1598 3196 1659 3254 Bne.

254 3321 280 3356 r.
304 3299 387 3357 Rern.
412 3319 436 3357 ι.
456 3297 560 3357 rectius
580 3299 702 3359 oirlctur.
724 3299 785 3358 Bas.
811 3299 839 3358 3.
863 3299 960 3356 Guerl.
987 3300 1015 3358 6.
1036 3311 1156 3379 uterque
1175 3301 1259 3358 llam.
1285 3303 1343 3360 inc.
1371 3321 1395 3358 ι.
1411 3299 1525 3381 Regius.
1545 3299 1659 3360 rectius.

249 3405 328 3463 abest
355 3426 370 3464 a
394 3414 481 3484 mspt.
501 3401 645 3478 Putschii,
668 3405 767 3462 melius
790 3403 877 3462 babet
896 3403 1003 3462 Colon.
1030 3405 1185 3462 Palmarius
1204 3406 1260 3485 legi
1278 3407 1381 3482 jussit:
1404 3425 1460 3482 quo
1483 3403 1560 3462 miti
1577 3406 1662 3464 vide-

252 3519 310 3568 tur.
333 3508 541 3568 Essavimuo.
560 3508 694 3582 Parisini,
709 3520 852 3590 quantum
865 3511 933 3568 licet
945 3515 1117 3586 conjectare.
1137 3507 1205 3566 Tur.
1231 3530 1254 3566 r.
1277 3530 1304 3568 2.
1324 3509 1408 3568 Bcrn.
1426 3530 1451 3568 1.
1470 3531 1498 3568 2.
1511 3509 1539 3569 3.
1552 3509 1614 3568 Bar.
1633 3531 1660 3570 2.

255 3616 282 3684 4.
305 3615 422 3672 blartin.
457 3613 654 3672 videturesse.
677 3613 756 3672 Laid.
778 3613 808 3673 d.
827 3615 847 3671 l.
865 3635 892 3694 g.
913 3611 943 3671 h.
967 3615 987 3672 i.
1006 3614 1034 3672 k.
1055 3617 1076 3673 l.
1095 3614 1157 3672 Bas.
1181 3636 1206 3672 t.
1233 3615 1324 3673 Mark.
1349 3627 1378 3678 Γ.
1408 3614 1505 3674 Guell.
1528 3637 1557 3675 a.
1579 3615 1608 3674 3.
1631 3617 1661 3686 4.

262 3741 306 3778 10.
325 3739 372 3779 12.
394 3721 452 3778 ine.
472 3739 500 3776 2.
522 3718 622 3776 Vinar.
647 3727 739 3798 uterq.
757 3717 876 3776 Eccard.
901 3715 985 3776 Fabr.
1005 3739 1031 3776 1.
1047 3718 1135 3777 Acad.
1154 3719 1213 3778 Erl.
1227 3719 1294 3801 Tcg.
1307 3720 1552 3799 fragitanum
1569 3721 1661 3780 omit-

255 3835 320 3884 tunt
333 3824 396 3883 bas.
415 3845 439 3884 r.
454 3844 482 3882 2.
500 3833 528 3882 et
544 3822 629 3882 Fabr.
647 3823 733 3884 Rivii.
746 3825 871 3882 retinent
892 3821 952 3882 Bas.
976 3821 1004 3883 5.
1021 3823 1050 3892 A.
1069 3845 1170 3883 omnes
1184 3825 1265 3884 Laid.
1284 3825 1369 3885 Paris.
1394 3825 1454 3884 Erl.
1471 3825 1540 3907 Τις.
1560 3826 1656 3886 Turia.

260 3951 284 3987 ι.
302 3949 329 3988 2.
356 3928 440 3988 Rern.
465 3951 489 3986 ι.
515 3949 543 3988 2.
562 3929 591 3988 3.
615 3927 736 4008 irmiget.
764 3927 844 3991 Laid.
867 3929 886 3986 l.
905 3929 925 3988 i.
947 3928 975 3986 k.
998 3929 1057 3988 Erl.
1080 3927 1164 3988 Paris.
1178 3952 1203 3989 e.
1225 3929 1352 4009 inrugat.
1368 3930 1448 3989 leid.
1467 3953 1508 3990 m.
1525 3941 1658 4010 augetur.

257 4033 376 4106 laide,
393 4044 484 4114 vaget.
502 4035 585 4094 inv.
613 4033 664 4092 lib.
684 4036 741 4118 lagi
759 4033 964 4095 animadvertit
985 4033 1106 4094 Palmar.
1131 4035 1236 4115 quibus
1258 4035 1394 4096 accedere
1410 4035 1548 4099 videntur
1577 4037 1659 4096 Leid.

257 4145 278 4200 l.
291 4158 316 4196 t.
334 4143 354 4200 l.
376 4138 425 4196 ted
442 4140 527 4198 ceteri
547 4159 648 4197 omnes
666 4139 747 4198 Leid.
761 4138 822 4198 bas.
835 4139 918 4198 Bam.
933 4138 1030 4198 Turic.
1052 4139 1149 4199 Guoll'.
1169 4141 1272 4200 Warsii
1288 4151 1359 4220 eget.

320 4243 393 4326 Cup.
408 4265 435 4304 a.
458 4244 546 4300 etium
566 4253 638 4302 tum.
656 4245 696 4302 ita
712 4253 773 4325 opt.
797 4243 884 4304 codd.
901 4263 1002 4302 omnes
1014 4243 1095 4302 Laid.
1112 4245 1174 4304 Bar.
1193 4245 1277 4304 Bern.
1300 4267 1328 4305 a.
1349 4245 1378 4306 5.
1399 4243 1495 4305 Turio.
1517 4267 1542 4304 1.
1559 4267 1598 4304 m.
1615 4267 1663 4326 pr,

256 4351 344 4412 Turio
364 4373 391 4410 a.
407 4347 558 4430 Augustin.
576 4347 609 4406 C.
620 4347 657 4408 D.
675 4348 728 4409 111.
747 4371 793 4410 ro.
815 4350 897 4410 urbes
911 4348 1053 4410 nuliam.
1070 4349 1133 4410 Bas.
1148 4371 1173 4409 r.
1190 4361 1286 4429 atque.
1301 4370 1327 4410 a.
1347 4371 1387 4408 m.
1403 4369 1459 4410 aee.
1475 4361 1665 4430 expunctum.

1278 4455 1295 4488 a
