4050 5009
457 350 553 436 82·

461 562 508 613 ex
537 533 615 611 otio
638 558 747 624 meo,
783 559 901 638 quam
923 559 970 610 ex
991 531 1158 608 aliorum
1192 533 1351 642 negotiis
1392 533 1613 642 reipublice
1647 551 1861 614 venturum.

459 663 557 738 Nam
579 685 677 766 saepe
692 685 760 766 ego
780 658 930 750 audivi,
955 659 1001 757 Q.
1018 659 1265 753 Maxumum,
1286 665 1323 736 P.
1350 661 1582 766 Scipionem,
1608 678 1788 767 praeterea
1812 661 1867 738 ci-

458 785 584 861 vitatis
600 799 738 860 nostrae
764 781 965 888 praeclaros
991 783 1092 858 viros
1118 783 1246 860 solitos
1275 785 1328 861 ita
1355 786 1500 876 dicere,
1527 813 1651 889 quum
1677 787 1868 862 maiorum

459 908 639 1016 imagines
663 909 930 1000 intuerentur,
962 906 1302 985 vehementissume
1322 911 1394 986 sibi
1415 910 1591 986 animum
1615 910 1666 986 ad
1688 911 1870 986 virtutem

458 1032 625 1110 accendi.
660 1032 812 1108 Scilicet
834 1059 916 1107 non
939 1059 1067 1107 ceram
1088 1031 1197 1108 illam
1220 1061 1345 1137 neque
1373 1033 1536 1140 liguram
1559 1051 1706 1110 tantam
1723 1036 1801 1110 vim
1825 1036 1870 1110 in

458 1184 534 1236 sese
550 1155 717 1251 habere3
744 1156 810 1232 sed
826 1156 1009 1232 memoria
1029 1183 1158 1232 rerum
1177 1175 1366 1264 gestarum
1387 1187 1471 1235 eam
1498 1159 1694 1234 flammam
1716 1157 1873 1264 egregiis

461 1284 550 1358 viris
567 1283 610 1357 in
633 1297 786 1387 pectore
805 1306 990 1372 crescere,
1015 1307 1140 1386 neque
1161 1283 1268 1387 prius
1291 1283 1432 1373 sedari,
1456 1311 1575 1386 quam
1595 1285 1714 1360 virtus
1734 1310 1872 1359 eorum

461 1408 605 1483 famam
627 1423 743 1509 atque
766 1405 928 1511 gloriam
948 1406 1211 1510 adaequaverit.
1248 1411 1299 1482 At
1326 1425 1479 1497 contra,
1508 1408 1594 1510 quis
1614 1424 1669 1484 est
1695 1406 1875 1484 omnium
1905 1443 1914 1452 ·

462 1531 523 1608 his
544 1531 732 1620 moribus,
757 1531 855 1634 quin
878 1530 1018 1606 divitiis
1035 1546 1074 1606 et
1104 1532 1319 1635 sumptibus
1349 1559 1429 1608 non
1452 1532 1642 1636 probitate
1665 1557 1789 1635 neque
1811 1531 1876 1606 in·

464 1658 610 1733 dustria
627 1683 717 1732 cum
740 1655 947 1731 maioribus
977 1654 1054 1729 suis
1075 1655 1308 1732 contendat?
1331 1656 1447 1731 etiam
1472 1654 1646 1732 homines
1672 1655 1778 1745 nori,
1802 1654 1875 1758 qui

466 1798 579 1857 autea
601 1806 671 1884 per
687 1780 867 1854 virtutem
897 1778 998 1854 soliti
1024 1795 1134 1854 eraut
1157 1780 1398 1855 nobilitatem
1417 1781 1653 1870 antevenire,
1678 1779 1811 1856 furtim
1833 1795 1877 1852 et

470 1933 541 2010 per
569 1904 769 1980 latrocinia
796 1903 923 2008 potius
948 1930 1066 2005 qnam
1091 1903 1202 1979 honis
1223 1905 1370 1981 artibus
1393 1905 1443 1980 ad
1469 1905 1629 2008 imperia
1652 1921 1690 1980 et
1710 1902 1877 1978 honores

468 2030 672 2121 nituntur3
695 2027 858 2133 proinde
881 2027 989 2130 quasi
1021 2045 1187 2132 praetura
1210 2045 1249 2104 et
1270 2029 1489 2104 consulatus
1514 2045 1630 2131 atquc
1651 2027 1725 2104 alia
1743 2027 1876 2104 omnia

468 2152 731 2230 huiuscemodi
752 2179 822 2256 per
847 2175 887 2226 se
904 2150 984 2254 ipsa
1008 2151 1112 2226 clara
1129 2169 1167 2228 et
1185 2153 1387 2258 magnifica
1406 2154 1501 2248 sint,
1524 2179 1569 2228 ac
1603 2179 1683 2228 non
1713 2151 1878 2256 perinde

468 2277 706 2366 habeantur,
731 2291 942 2363 uteorum,
962 2275 1031 2378 qui
1044 2303 1088 2352 ea
1107 2278 1315 2366 sustinent,
1338 2277 1457 2353 virtus
1474 2294 1536 2354 est.
1576 2280 1722 2354 Verum
1741 2303 1807 2382 ego
1829 2275 1880 2350 li-

473 2403 601 2480 berius
614 2401 805 2504 altiusque
817 2398 996 2503 processi,
1020 2399 1117 2476 dum
1137 2427 1197 2476 me
1210 2401 1371 2480 civitatis
1386 2429 1538 2478 morum
1553 2400 1656 2506 piget
1671 2400 1881 2503 taedetque3

476 2555 584 2604 nunc
603 2527 654 2600 ad
673 2527 871 2630 inceptum
886 2523 1008 2598 redeo.

454 2679 471 2738 5
582 2650 731 2726 bellum
752 2647 964 2752 scripturus
980 2673 1086 2738 sum,
1110 2647 1216 2751 quod
1235 2648 1400 2752 populns
1420 2650 1613 2724 Romanus
1637 2675 1727 2724 curu
1743 2650 1881 2752 Iugur-

477 2776 567 2867 tha,
592 2801 678 2882 rege
704 2772 979 2862 Numidarum,
1012 2773 1138 2879 gessit:
1172 2773 1343 2876 primum
1371 2773 1462 2876 quia
1491 2799 1674 2877 magnum
1701 2789 1738 2848 et
1767 2789 1878 2848 atrox

480 2981 526 3022 u.
547 2980 635 3043 pron.
655 2979 716 3018 om.
743 2955 810 3016 Ere.
842 2953 1069 3034 rupoegouud.
1098 2971 1151 3030 ego
1174 2971 1235 3011 orn.
1257 2951 1337 3012 leid.
1348 2974 1375 3016 ι.
1387 2951 1454 3018 h.c.
1470 2953 1534 3012 de.
1546 2955 1566 3012 s.
1580 2954 1681 3036 g.i.lr.
1701 2957 1744 3014 nd
1756 2953 1880 3015 viuum

476 3069 542 3132 blas.
555 3061 693 3124 Putscltii.
714 3061 746 3120 iu
761 3079 819 3120 sese
838 3079 900 3118 om.
913 3057 995 3118 Leid.
1007 3059 1028 3117 i.
1051 3056 1118 3116 hat.
1128 3056 1265 3117 dicabunt
1284 3057 1365 3122 Laid.
1381 3059 1400 3117 s.
1411 3080 1439 3140 g.
1458 3058 1587 3137 glorium
1599 3060 1745 3120 maiorum
1765 3060 1836 3119 liam
1852 3079 1882 3118 ι.

476 3173 556 3234 Vnt.
569 3170 600 3231 ὅ.
619 3167 718 3228 Guell.
729 3170 758 3230 3.
773 3186 820 3226 ιο.
835 3186 881 3224 ιι.
900 3163 982 3223 [eid.
994 3161 1026 3226 h.
1048 3163 1112 3241 qm's
1124 3163 1255 3224 omniun
1275 3163 1371 3228 Struv.
1393 3161 1490 3228 Gucll.
1503 3165 1531 3224 6.
1541 3187 1570 3246 9.
1591 3165 1672 3226 leid.
1684 3165 1715 3224 h.
1736 3165 1806 3245 quiri
1826 3165 1882 3224 di-

476 3278 527 3340 oit.
545 3277 614 3337 Seu.
629 3295 656 3334 ι.
675 3273 738 3332 Bra.
753 3292 778 3338 ι.
797 3270 912 3330 Fabric.
928 3267 1045 3328 t'rarist.
1065 3267 1160 3328 Stmr.
1187 3270 1300 3350 aliquot
1315 3267 1412 3328 Guelf.
1438 3268 1519 3329 leid.
1533 3291 1560 3334 a.
1572 3271 1592 3328 i.
1608 3273 1628 3329 l.
1650 3273 1782 3330 meliores
1801 3269 1883 3330 Ririi

478 3395 507 3444 et
525 3381 642 3442 Grntcri
656 3377 735 3440 libri.
756 3376 808 3456 qui
821 3394 883 3436 non
901 3374 998 3436 oeten.
1019 3382 1109 3432 anteo
1128 3393 1189 3432 om.
1208 3374 1304 3434 Strnr.
1323 3373 1420 3434 Gurli.
1436 3395 1481 3434 ιο.
1512 3375 1610 3454 potius
1622 3395 1711 3454 quom
1734 3377 1799 3440 hon.
1818 3385 1883 3435 art.

479 3509 543 3548 om.
561 3487 646 3552 Rem,
664 3507 690 3547 r.
718 3481 982 3564 rhapodhonores
1008 3479 1072 3539 Bas.
1085 3479 1114 3552 d.
1136 3479 1203 3544 Ecc.
1231 3479 1359 3544 Beer.
1379 3489 1408 3540 ot
1423 3481 1509 3540 adh.
1536 3480 1595 3540 Erl.
1620 3481 1746 3562 prouida
1771 3481 1832 3540 Bas.
1853 3502 1881 3540 ι.

479 3593 576 3652 senat.
593 3612 622 3650 a.
651 3589 752 3649 llenss.
770 3587 932 3648 liutai.
961 3585 1059 3646 Gucls.
1075 3584 1139 3645 ud.
1160 3605 1263 3644 omnes
1280 3584 1361 3644 Leid-
1377 3607 1437 3650 exc.
1451 3607 1480 3668 g.
1490 3583 1521 3644 h.
1530 3605 1562 3644 n.
1579 3585 1656 3648 hirii
1669 3587 1734 3650 blas.
1756 3585 1885 3666 perinde

481 3697 578 3774 ceteri.
594 3705 819 3776 prenuncians.
837 3692 933 3752 Strnv.
953 3690 1051 3750 Gucll.
1072 3709 1116 3750 ιι.
1145 3687 1263 3768 aliaque
1278 3689 1379 3748 omnio
1404 3688 1881 3756 Strnr..ulioom.ilcad.1.eid.

481 3825 514 3864 u.
534 3800 638 3862 οουιίο
655 3821 718 3858 orn.
732 3799 813 3858 Vnt.
831 3818 858 3855 ι.
877 3795 975 3856 Guell.
991 3797 1021 3854 5.
1040 3815 1086 3854 ιο.
1105 3792 1187 3854 Leid-
1202 3793 1223 3852 i.
1245 3793 1347 3852 omniu
1357 3793 1418 3852 olio
1437 3793 1538 3864 ΒΜ.
1556 3795 1733 3876 perseipro.
1748 3796 1883 3876 ipsoom.

481 3909 562 3968 Vnt.
576 3929 602 3968 ι.
623 3905 721 3966 Curii.
735 3923 781 3964 ιι.
800 3903 885 3962 elom
906 3919 1010 3980 magn.
1034 3901 1096 3965 Bas.
1112 3921 1137 3960 ι.
1160 3898 1373 3980 mugmficoque
1392 3899 1452 3958 llas.
1465 3900 1494 3970 A.
1514 3899 1566 3978 qui
1576 3901 1716 3961 matium!
1737 3903 1837 3966 inccrt.
1855 3921 1882 3965 ι.

483 4014 536 4094 qui
545 4033 595 4074 eus
618 4011 681 4071 aa
700 4032 725 4070 ι.
743 4008 876 4091 pigetque
888 4007 1031 4084 tmietque
1049 4005 1147 4069 Guell'.
1160 4005 1188 4065 5.
1209 4006 1350 4084 latetque
1370 4025 1432 4064 om.
1443 4004 1541 4064 Guelf.
1557 4008 1586 4066 3.

567 4139 642 4222 Cup.
653 4141 683 4200 5.
714 4139 772 4212 suit
786 4137 857 4199 υἱοί.
877 4135 976 4196 Gueli.
992 4156 1019 4194 ι.
1038 4134 1119 4198 Vnt.
1137 4153 1163 4192 1.
1183 4131 1296 4192 Fabric.
1308 4151 1335 4194 ι.
1349 4131 1417 4208 suit
1436 4152 1497 4192 om.
1509 4131 1646 4205 (lualid.
1666 4133 1776 4196 dehinc
1792 4136 1884 4200 dead.

483 4251 571 4314 lieni.
582 4271 610 4309 1.
629 4247 728 4312 curu.
737 4245 767 4308 3.
785 4263 831 4304 ιι.
850 4244 951 4323 plures
966 4239 1055 4302 bivii.
1078 4238 1165 4300 enar.
1192 4247 1269 4297 note
1289 4237 1417 4297 melioris
1440 4235 1559 4298 Corum.
1586 4237 1669 4298 Laid.
1682 4260 1708 4299 a.
1722 4239 1750 4298 k.
1777 4240 1886 4324 deiude

484 4359 564 4448 plur.
579 4353 678 4415 eodo.
688 4361 760 4412 tunc
771 4346 902 4430 pnhtum
911 4347 1018 4430 pleriq.
1028 4343 1125 4406 codd.
1136 4345 1168 4404 in
1183 4341 1265 4454 quib.
1286 4341 1617 4414 lias.r.d.‚Tur.,Born.
1634 4365 1660 4410 ι.
1681 4343 1828 4408 Mum
1845 4359 1887 4410 ort
