<?xml version="1.0" encoding="UTF-8"?>
<!DOCTYPE html PUBLIC "-//W3C//DTD XHTML 1.0 Transitional//EN"
    "http://www.w3.org/TR/xhtml1/DTD/xhtml1-transitional.dtd">
<html xmlns="http://www.w3.org/1999/xhtml" xml:lang="en" lang="en">
 <head>
  <title>
</title>
<meta http-equiv="Content-Type" content="text/html;charset=utf-8" />
  <meta name='ocr-system' content='tesseract 3.04.00' />
  <meta name='ocr-capabilities' content='ocr_page ocr_carea ocr_par ocr_line ocrx_word'/>
</head>
<body>
  <div class='ocr_page' id='page_1' title='image "./salustiiquaeexs00sallgoog_0342.png"; bbox 0 0 4050 5009; ppageno 0'>
   <div class='ocr_carea' id='block_1_1' title="bbox 354 573 1877 4394">
    <p class='ocr_par' dir='ltr' id='par_1_1' title="bbox 354 573 1877 2685">
     <span class='ocr_line' id='line_1_1' title="bbox 382 573 1800 672; baseline 0.003 -24"><span class='ocrx_word' id='word_1_1' title='bbox 382 598 416 648; x_wconf 81' lang='lat' dir='ltr'><strong>ul</strong></span> <span class='ocrx_word' id='word_1_2' title='bbox 427 584 510 645; x_wconf 88' lang='lat' dir='ltr'><strong>hunc</strong></span> <span class='ocrx_word' id='word_1_3' title='bbox 525 582 637 642; x_wconf 88' lang='lat' dir='ltr'><strong>librum</strong></span> <span class='ocrx_word' id='word_1_4' title='bbox 654 579 756 640; x_wconf 77' lang='lat' dir='ltr'><strong>celeria</strong></span> <span class='ocrx_word' id='word_1_5' title='bbox 775 576 937 657; x_wconf 87' lang='lat' dir='ltr'><strong>adjungere</strong></span> <span class='ocrx_word' id='word_1_6' title='bbox 953 594 1017 635; x_wconf 86' lang='lat' dir='ltr'><strong>non</strong></span> <span class='ocrx_word' id='word_1_7' title='bbox 1038 574 1186 639; x_wconf 77' lang='lat' dir='ltr'><strong>dubitem.</strong></span> <span class='ocrx_word' id='word_1_8' title='bbox 1205 577 1263 638; x_wconf 84' lang='lat' dir='ltr'><strong>sed</strong></span> <span class='ocrx_word' id='word_1_9' title='bbox 1284 573 1368 641; x_wconf 85' lang='lat' dir='ltr'><strong>ducit</strong></span> <span class='ocrx_word' id='word_1_10' title='bbox 1388 581 1535 644; x_wconf 83' lang='lat' dir='ltr'><strong>familiam</strong></span> <span class='ocrx_word' id='word_1_11' title='bbox 1557 581 1633 646; x_wconf 88' lang='lat' dir='ltr'><strong>liber</strong></span> <span class='ocrx_word' id='word_1_12' title='bbox 1652 590 1800 672; x_wconf 77' lang='lat' dir='ltr'><strong>antiquie·</strong></span> 
     </span>
     <span class='ocr_line' id='line_1_2' title="bbox 382 681 1797 775; baseline 0.001 -21"><span class='ocrx_word' id='word_1_13' title='bbox 382 695 476 754; x_wconf 77' lang='lat' dir='ltr'><strong>simne</strong></span> <span class='ocrx_word' id='word_1_14' title='bbox 494 691 564 750; x_wconf 72' lang='lat' dir='ltr'><strong>Sec.</strong></span> <span class='ocrx_word' id='word_1_15' title='bbox 584 685 637 746; x_wconf 82' lang='lat' dir='ltr'><strong>IX.</strong></span> <span class='ocrx_word' id='word_1_16' title='bbox 659 688 705 746; x_wconf 85' lang='lat' dir='ltr'><strong>vel</strong></span> <span class='ocrx_word' id='word_1_17' title='bbox 726 685 817 744; x_wconf 81' lang='lat' dir='ltr'><strong>initio</strong></span> <span class='ocrx_word' id='word_1_18' title='bbox 838 681 910 741; x_wconf 87' lang='lat' dir='ltr'><strong>Xmi</strong></span> <span class='ocrx_word' id='word_1_19' title='bbox 931 682 1077 764; x_wconf 79' lang='lat' dir='ltr'><strong>scriptus,</strong></span> <span class='ocrx_word' id='word_1_20' title='bbox 1098 681 1194 745; x_wconf 84' lang='lat' dir='ltr'><strong>iorroa</strong></span> <span class='ocrx_word' id='word_1_21' title='bbox 1221 683 1365 765; x_wconf 78' lang='lat' dir='ltr'><strong>quadrata</strong></span> <span class='ocrx_word' id='word_1_22' title='bbox 1386 694 1499 767; x_wconf 87' lang='lat' dir='ltr'><strong>maj0re</strong></span> <span class='ocrx_word' id='word_1_23' title='bbox 1520 689 1577 752; x_wconf 89' lang='lat' dir='ltr'><strong>No.</strong></span> <span class='ocrx_word' id='word_1_24' title='bbox 1601 694 1695 775; x_wconf 73' lang='lat'><strong>1576,</strong></span> <span class='ocrx_word' id='word_1_25' title='bbox 1723 699 1797 758; x_wconf 86' lang='lat' dir='ltr'><strong>olim</strong></span> 
     </span>
     <span class='ocr_line' id='line_1_3' title="bbox 383 787 1800 882; baseline 0.003 -22"><span class='ocrx_word' id='word_1_26' title='bbox 383 795 589 860; x_wconf 82' lang='lat' dir='ltr'><strong>cccxxxvl</strong></span> <span class='ocrx_word' id='word_1_27' title='bbox 610 793 648 871; x_wconf 77' lang='lat' dir='ltr'><strong>(a)</strong></span> <span class='ocrx_word' id='word_1_28' title='bbox 671 792 830 871; x_wconf 81' lang='lat' dir='ltr'><strong>iorcripius</strong></span> <span class='ocrx_word' id='word_1_29' title='bbox 851 810 886 848; x_wconf 82' lang='lat' dir='ltr'><strong>cx</strong></span> <span class='ocrx_word' id='word_1_30' title='bbox 905 787 984 848; x_wconf 85' lang='lat' dir='ltr'><strong>Bibl.</strong></span> <span class='ocrx_word' id='word_1_31' title='bbox 1005 787 1194 849; x_wconf 85' lang='lat' dir='ltr'><strong>Sorboniane</strong></span> <span class='ocrx_word' id='word_1_32' title='bbox 1214 791 1247 850; x_wconf 88' lang='lat' dir='ltr'><strong>iu</strong></span> <span class='ocrx_word' id='word_1_33' title='bbox 1260 791 1383 874; x_wconf 81' lang='lat' dir='ltr'>Regiam</span> <span class='ocrx_word' id='word_1_34' title='bbox 1406 798 1586 872; x_wconf 75' lang='lat' dir='ltr'><strong>translatus,</strong></span> <span class='ocrx_word' id='word_1_35' title='bbox 1616 798 1745 882; x_wconf 88' lang='lat' dir='ltr'><strong>ideoque</strong></span> <span class='ocrx_word' id='word_1_36' title='bbox 1765 805 1800 864; x_wconf 87' lang='lat' dir='ltr'><strong>in</strong></span> 
     </span>
     <span class='ocr_line' id='line_1_4' title="bbox 383 893 1799 978; baseline 0.003 -13"><span class='ocrx_word' id='word_1_37' title='bbox 383 899 615 965; x_wconf 79' lang='lat' dir='ltr'><strong>Mouteialconia</strong></span> <span class='ocrx_word' id='word_1_38' title='bbox 636 897 782 977; x_wconf 77' lang='lat' dir='ltr'><strong>catalogo</strong></span> <span class='ocrx_word' id='word_1_39' title='bbox 802 915 865 955; x_wconf 88' lang='lat' dir='ltr'><strong>non</strong></span> <span class='ocrx_word' id='word_1_40' title='bbox 886 897 1058 964; x_wconf 81' lang='lat' dir='ltr'><strong>recensitae.</strong></span> <span class='ocrx_word' id='word_1_41' title='bbox 1079 893 1176 958; x_wconf 84' lang='lat' dir='ltr'><strong>Verba</strong></span> <span class='ocrx_word' id='word_1_42' title='bbox 1189 897 1294 978; x_wconf 78' lang='lat' dir='ltr'><strong>saepiae</strong></span> <span class='ocrx_word' id='word_1_43' title='bbox 1305 917 1368 958; x_wconf 90' lang='lat' dir='ltr'><strong>norr</strong></span> <span class='ocrx_word' id='word_1_44' title='bbox 1379 905 1525 978; x_wconf 78' lang='lat' dir='ltr'><strong>sejuncta.</strong></span> <span class='ocrx_word' id='word_1_45' title='bbox 1544 903 1645 966; x_wconf 77' lang='lat' dir='ltr'>Multae</span> <span class='ocrx_word' id='word_1_46' title='bbox 1656 907 1799 969; x_wconf 85' lang='lat' dir='ltr'><strong>emenda·</strong></span> 
     </span>
     <span class='ocr_line' id='line_1_5' title="bbox 386 1001 1797 1093; baseline 0.003 -22"><span class='ocrx_word' id='word_1_47' title='bbox 386 1014 483 1072; x_wconf 81' lang='lat' dir='ltr'><strong>lionee</strong></span> <span class='ocrx_word' id='word_1_48' title='bbox 499 1006 602 1066; x_wconf 86' lang='lat' dir='ltr'><strong>eadem</strong></span> <span class='ocrx_word' id='word_1_49' title='bbox 624 1024 716 1064; x_wconf 88' lang='lat' dir='ltr'><strong>manu</strong></span> <span class='ocrx_word' id='word_1_50' title='bbox 737 1025 772 1064; x_wconf 87' lang='lat' dir='ltr'><strong>ex</strong></span> <span class='ocrx_word' id='word_1_51' title='bbox 791 1002 870 1062; x_wconf 89' lang='lat' dir='ltr'><strong>libro</strong></span> <span class='ocrx_word' id='word_1_52' title='bbox 884 1001 1093 1082; x_wconf 71' lang='lat' dir='ltr'><strong>antiquissimo</strong></span> <span class='ocrx_word' id='word_1_53' title='bbox 1103 1001 1266 1084; x_wconf 73' lang='lat' dir='ltr'><strong>adscriptae,</strong></span> <span class='ocrx_word' id='word_1_54' title='bbox 1285 1005 1443 1085; x_wconf 81' lang='lat' dir='ltr'><strong>aliquotiea</strong></span> <span class='ocrx_word' id='word_1_55' title='bbox 1457 1009 1557 1088; x_wconf 75' lang='lat' dir='ltr'><strong>glossae</strong></span> <span class='ocrx_word' id='word_1_56' title='bbox 1576 1029 1665 1093; x_wconf 85' lang='lat' dir='ltr'><strong>rupra</strong></span> <span class='ocrx_word' id='word_1_57' title='bbox 1685 1014 1797 1074; x_wconf 87' lang='lat' dir='ltr'><strong>lineam</strong></span> 
     </span>
     <span class='ocr_line' id='line_1_6' title="bbox 385 1099 1796 1200; baseline 0.006 -28"><span class='ocrx_word' id='word_1_58' title='bbox 385 1099 515 1195; x_wconf 68' lang='lat' dir='ltr'><strong>scriplaee</strong></span> <span class='ocrx_word' id='word_1_59' title='bbox 536 1115 570 1170; x_wconf 87' lang='lat' dir='ltr'><strong>in</strong></span> <span class='ocrx_word' id='word_1_60' title='bbox 591 1110 652 1170; x_wconf 85' lang='lat' dir='ltr'><strong>fine</strong></span> <span class='ocrx_word' id='word_1_61' title='bbox 674 1108 940 1200; x_wconf 33' lang='lat' dir='ltr'><strong>mancueadesunt</strong></span> <span class='ocrx_word' id='word_1_62' title='bbox 959 1111 1042 1168; x_wconf 90' lang='lat' dir='ltr'><strong>enim</strong></span> <span class='ocrx_word' id='word_1_63' title='bbox 1063 1127 1130 1190; x_wconf 87' lang='lat' dir='ltr'><strong>cap.</strong></span> <span class='ocrx_word' id='word_1_64' title='bbox 1152 1109 1324 1170; x_wconf 71' lang='lat' dir='ltr'><strong>rol-112.</strong></span> <span class='ocrx_word' id='word_1_65' title='bbox 1345 1110 1407 1170; x_wconf 82' lang='lat' dir='ltr'><strong>Hos</strong></span> <span class='ocrx_word' id='word_1_66' title='bbox 1428 1123 1569 1193; x_wconf 78' lang='lat' dir='ltr'><strong>quattuor</strong></span> <span class='ocrx_word' id='word_1_67' title='bbox 1586 1116 1679 1178; x_wconf 79' lang='lat' dir='ltr'><strong>libror</strong></span> <span class='ocrx_word' id='word_1_68' title='bbox 1699 1139 1796 1180; x_wconf 85' lang='lat' dir='ltr'><strong>uuum</strong></span> 
     </span>
     <span class='ocr_line' id='line_1_7' title="bbox 384 1215 1798 1301; baseline 0.002 -20"><span class='ocrx_word' id='word_1_69' title='bbox 384 1220 554 1301; x_wconf 82' lang='lat' dir='ltr'><strong>exemplum</strong></span> <span class='ocrx_word' id='word_1_70' title='bbox 575 1235 635 1276; x_wconf 82' lang='lat' dir='ltr'><strong>esse</strong></span> <span class='ocrx_word' id='word_1_71' title='bbox 655 1226 771 1276; x_wconf 73' lang='lat' dir='ltr'><strong>secutos</strong></span> <span class='ocrx_word' id='word_1_72' title='bbox 792 1218 929 1278; x_wconf 73' lang='lat' dir='ltr'><strong>maxime,</strong></span> <span class='ocrx_word' id='word_1_73' title='bbox 941 1234 975 1274; x_wconf 87' lang='lat' dir='ltr'><strong>ex</strong></span> <span class='ocrx_word' id='word_1_74' title='bbox 994 1217 1056 1275; x_wconf 88' lang='lat' dir='ltr'><strong>line</strong></span> <span class='ocrx_word' id='word_1_75' title='bbox 1076 1234 1142 1296; x_wconf 87' lang='lat' dir='ltr'><strong>cap.</strong></span> <span class='ocrx_word' id='word_1_76' title='bbox 1163 1219 1214 1297; x_wconf 79' lang='lat'><strong>73.</strong></span> <span class='ocrx_word' id='word_1_77' title='bbox 1235 1215 1305 1299; x_wconf 80' lang='lat' dir='ltr'><strong>ch.</strong></span> <span class='ocrx_word' id='word_1_78' title='bbox 1326 1219 1486 1300; x_wconf 79' lang='lat' dir='ltr'><strong>collegeris.</strong></span> <span class='ocrx_word' id='word_1_79' title='bbox 1527 1219 1615 1281; x_wconf 85' lang='lat' dir='ltr'><strong>Dical</strong></span> <span class='ocrx_word' id='word_1_80' title='bbox 1634 1221 1719 1286; x_wconf 87' lang='lat' dir='ltr'><strong>eninr</strong></span> <span class='ocrx_word' id='word_1_81' title='bbox 1741 1227 1798 1284; x_wconf 86' lang='lat' dir='ltr'><strong>ali·</strong></span> 
     </span>
     <span class='ocr_line' id='line_1_8' title="bbox 385 1320 1797 1411; baseline 0.003 -24"><span class='ocrx_word' id='word_1_82' title='bbox 385 1329 464 1409; x_wconf 81' lang='lat' dir='ltr'><strong>quia,</strong></span> <span class='ocrx_word' id='word_1_83' title='bbox 485 1345 554 1385; x_wconf 89' lang='lat' dir='ltr'><strong>cum</strong></span> <span class='ocrx_word' id='word_1_84' title='bbox 576 1326 671 1383; x_wconf 82' lang='lat' dir='ltr'><strong>multa</strong></span> <span class='ocrx_word' id='word_1_85' title='bbox 691 1321 827 1382; x_wconf 86' lang='lat' dir='ltr'><strong>difficilia</strong></span> <span class='ocrx_word' id='word_1_86' title='bbox 839 1321 878 1381; x_wconf 87' lang='lat' dir='ltr'><strong>ad</strong></span> <span class='ocrx_word' id='word_1_87' title='bbox 893 1320 1053 1404; x_wconf 79' lang='lat' dir='ltr'><strong>legendum</strong></span> <span class='ocrx_word' id='word_1_88' title='bbox 1075 1323 1198 1402; x_wconf 80' lang='lat' dir='ltr'><strong>luerint,</strong></span> <span class='ocrx_word' id='word_1_89' title='bbox 1220 1321 1367 1399; x_wconf 80' lang='lat' dir='ltr'><strong>librarios,</strong></span> <span class='ocrx_word' id='word_1_90' title='bbox 1389 1343 1444 1405; x_wconf 91' lang='lat' dir='ltr'><strong>pro</strong></span> <span class='ocrx_word' id='word_1_91' title='bbox 1464 1345 1518 1387; x_wconf 86' lang='lat' dir='ltr'><strong>ruo</strong></span> <span class='ocrx_word' id='word_1_92' title='bbox 1532 1349 1681 1410; x_wconf 86' lang='lat' dir='ltr'><strong>quemque</strong></span> <span class='ocrx_word' id='word_1_93' title='bbox 1695 1341 1797 1411; x_wconf 74' lang='lat' dir='ltr'><strong>captu,</strong></span> 
     </span>
     <span class='ocr_line' id='line_1_9' title="bbox 376 1428 1797 1512; baseline 0.001 -18"><span class='ocrx_word' id='word_1_94' title='bbox 376 1429 483 1494; x_wconf 76' lang='lat' dir='ltr'><strong>&#39;molta</strong></span> <span class='ocrx_word' id='word_1_95' title='bbox 503 1441 640 1503; x_wconf 77' lang='lat' dir='ltr'><strong>mutasse,</strong></span> <span class='ocrx_word' id='word_1_96' title='bbox 661 1439 690 1490; x_wconf 84' lang='lat' dir='ltr'><strong>et</strong></span> <span class='ocrx_word' id='word_1_97' title='bbox 710 1431 752 1490; x_wconf 84' lang='lat' dir='ltr'><strong>ita</strong></span> <span class='ocrx_word' id='word_1_98' title='bbox 765 1449 857 1492; x_wconf 87' lang='lat' dir='ltr'><strong>uuam</strong></span> <span class='ocrx_word' id='word_1_99' title='bbox 868 1448 971 1488; x_wconf 86' lang='lat' dir='ltr'><strong>eorum</strong></span> <span class='ocrx_word' id='word_1_100' title='bbox 993 1428 1140 1488; x_wconf 78' lang='lat' dir='ltr'><strong>familiam</strong></span> <span class='ocrx_word' id='word_1_101' title='bbox 1161 1430 1333 1490; x_wconf 76' lang='lat' dir='ltr'><strong>constituat.</strong></span> <span class='ocrx_word' id='word_1_102' title='bbox 1352 1429 1409 1490; x_wconf 90' lang='lat' dir='ltr'><strong>Sed</strong></span> <span class='ocrx_word' id='word_1_103' title='bbox 1420 1431 1558 1512; x_wconf 81' lang='lat' dir='ltr'>equidem</span> <span class='ocrx_word' id='word_1_104' title='bbox 1577 1437 1623 1494; x_wconf 87' lang='lat' dir='ltr'><strong>nil</strong></span> <span class='ocrx_word' id='word_1_105' title='bbox 1643 1437 1716 1496; x_wconf 83' lang='lat' dir='ltr'><strong>certi</strong></span> <span class='ocrx_word' id='word_1_106' title='bbox 1736 1447 1797 1496; x_wconf 77' lang='lat' dir='ltr'><strong>ela-</strong></span> 
     </span>
     <span class='ocr_line' id='line_1_10' title="bbox 386 1533 1796 1623; baseline 0.003 -27"><span class='ocrx_word' id='word_1_107' title='bbox 386 1551 458 1614; x_wconf 67' lang='lat'><strong>2⁰⁰3</strong></span> <span class='ocrx_word' id='word_1_108' title='bbox 480 1538 543 1600; x_wconf 75' lang='lat' dir='ltr'><strong>hiae</strong></span> <span class='ocrx_word' id='word_1_109' title='bbox 563 1533 753 1623; x_wconf 50' lang='grc' dir='ltr'><strong>γηλόφοις</strong></span> <span class='ocrx_word' id='word_1_110' title='bbox 773 1534 971 1596; x_wconf 82' lang='lat' dir='ltr'><strong>examinanda</strong></span> <span class='ocrx_word' id='word_1_111' title='bbox 990 1536 1149 1617; x_wconf 80' lang='lat' dir='ltr'><strong>relinqu03</strong></span> <span class='ocrx_word' id='word_1_112' title='bbox 1170 1539 1306 1616; x_wconf 81' lang='lat' dir='ltr'><strong>proxime</strong></span> <span class='ocrx_word' id='word_1_113' title='bbox 1325 1537 1364 1596; x_wconf 89' lang='lat' dir='ltr'><strong>ad</strong></span> <span class='ocrx_word' id='word_1_114' title='bbox 1384 1557 1482 1600; x_wconf 82' lang='lat' dir='ltr'><strong>veram</strong></span> <span class='ocrx_word' id='word_1_115' title='bbox 1503 1540 1661 1602; x_wconf 75' lang='lat' dir='ltr'><strong>lectionem</strong></span> <span class='ocrx_word' id='word_1_116' title='bbox 1681 1541 1796 1602; x_wconf 83' lang='lat' dir='ltr'><strong>accedit</strong></span> 
     </span>
     <span class='ocr_line' id='line_1_11' title="bbox 385 1642 1794 1728; baseline 0.001 -20"><span class='ocrx_word' id='word_1_117' title='bbox 385 1644 709 1719; x_wconf 61' lang='lat' dir='ltr'><strong>&amp;daemonorium</strong></span> <span class='ocrx_word' id='word_1_118' title='bbox 730 1647 833 1704; x_wconf 85' lang='lat' dir='ltr'><strong>locoru</strong></span> <span class='ocrx_word' id='word_1_119' title='bbox 853 1653 982 1723; x_wconf 83' lang='lat' dir='ltr'><strong>occupat</strong></span> <span class='ocrx_word' id='word_1_120' title='bbox 1002 1642 1080 1704; x_wconf 83' lang='lat' dir='ltr'><strong>cod.</strong></span> <span class='ocrx_word' id='word_1_121' title='bbox 1099 1663 1128 1704; x_wconf 85' lang='lat' dir='ltr'><strong>x.</strong></span> <span class='ocrx_word' id='word_1_122' title='bbox 1149 1653 1315 1724; x_wconf 80' lang='lat' dir='ltr'><strong>sequuntur</strong></span> <span class='ocrx_word' id='word_1_123' title='bbox 1334 1643 1420 1704; x_wconf 85' lang='lat' dir='ltr'><strong>cetb</strong></span> <span class='ocrx_word' id='word_1_124' title='bbox 1441 1643 1586 1710; x_wconf 88' lang='lat' dir='ltr'><strong>Burnuiii.</strong></span> <span class='ocrx_word' id='word_1_125' title='bbox 1625 1645 1667 1708; x_wconf 78' lang='lat' dir='ltr'><strong>Ex</strong></span> <span class='ocrx_word' id='word_1_126' title='bbox 1686 1645 1794 1728; x_wconf 83' lang='lat' dir='ltr'><strong>quibua</strong></span> 
     </span>
     <span class='ocr_line' id='line_1_12' title="bbox 385 1749 1797 1834; baseline 0.001 -22"><span class='ocrx_word' id='word_1_127' title='bbox 385 1754 598 1834; x_wconf 74' lang='lat' dir='ltr'>discrepantias</span> <span class='ocrx_word' id='word_1_128' title='bbox 616 1752 768 1832; x_wconf 78' lang='lat' dir='ltr'><strong>scripturae</strong></span> <span class='ocrx_word' id='word_1_129' title='bbox 787 1753 917 1832; x_wconf 75' lang='lat' dir='ltr'><strong>integrae</strong></span> <span class='ocrx_word' id='word_1_130' title='bbox 937 1771 1009 1811; x_wconf 76' lang='lat' dir='ltr'><strong>mee</strong></span> <span class='ocrx_word' id='word_1_131' title='bbox 1030 1749 1158 1812; x_wconf 71' lang='lat' dir='ltr'><strong>editioni</strong></span> <span class='ocrx_word' id='word_1_132' title='bbox 1179 1750 1329 1832; x_wconf 85' lang='lat' dir='ltr'><strong>adscripsi,</strong></span> <span class='ocrx_word' id='word_1_133' title='bbox 1351 1754 1395 1810; x_wconf 90' lang='lat' dir='ltr'><strong>ita</strong></span> <span class='ocrx_word' id='word_1_134' title='bbox 1415 1762 1460 1826; x_wconf 79' lang='lat' dir='ltr'><strong>ul,</strong></span> <span class='ocrx_word' id='word_1_135' title='bbox 1480 1755 1535 1812; x_wconf 87' lang='lat' dir='ltr'><strong>ubi</strong></span> <span class='ocrx_word' id='word_1_136' title='bbox 1553 1752 1647 1814; x_wconf 76' lang='lat' dir='ltr'><strong>libros</strong></span> <span class='ocrx_word' id='word_1_137' title='bbox 1667 1768 1797 1814; x_wconf 81' lang='lat' dir='ltr'><strong>conseo-</strong></span> 
     </span>
     <span class='ocr_line' id='line_1_13' title="bbox 354 1855 1798 1938; baseline 0.001 -20"><span class='ocrx_word' id='word_1_138' title='bbox 354 1927 357 1930; x_wconf 3' lang='lat' dir='ltr'><strong>p</strong></span> <span class='ocrx_word' id='word_1_139' title='bbox 386 1861 491 1919; x_wconf 86' lang='lat' dir='ltr'><strong>lienlee</strong></span> <span class='ocrx_word' id='word_1_140' title='bbox 499 1856 645 1918; x_wconf 82' lang='lat' dir='ltr'>habebam</span> <span class='ocrx_word' id='word_1_141' title='bbox 653 1897 664 1932; x_wconf 89' lang='lat'><em>,</em></span> <span class='ocrx_word' id='word_1_142' title='bbox 674 1855 754 1916; x_wconf 85' lang='lat' dir='ltr'><strong>nihil</strong></span> <span class='ocrx_word' id='word_1_143' title='bbox 768 1868 920 1933; x_wconf 79' lang='lat' dir='ltr'><strong>notarem,</strong></span> <span class='ocrx_word' id='word_1_144' title='bbox 931 1860 1035 1938; x_wconf 78' lang='lat' dir='ltr'><strong>paucis</strong></span> <span class='ocrx_word' id='word_1_145' title='bbox 1049 1855 1230 1918; x_wconf 80' lang='lat' dir='ltr'><strong>lectionibus</strong></span> <span class='ocrx_word' id='word_1_146' title='bbox 1243 1857 1385 1938; x_wconf 82' lang='lat' dir='ltr'><strong>exceptis,</strong></span> <span class='ocrx_word' id='word_1_147' title='bbox 1402 1857 1455 1918; x_wconf 89' lang='lat' dir='ltr'><strong>ubi</strong></span> <span class='ocrx_word' id='word_1_148' title='bbox 1473 1859 1680 1920; x_wconf 76' lang='lat' dir='ltr'><strong>auctoritatem</strong></span> <span class='ocrx_word' id='word_1_149' title='bbox 1698 1861 1798 1920; x_wconf 82' lang='lat' dir='ltr'><strong>libro-</strong></span> 
     </span>
     <span class='ocr_line' id='line_1_14' title="bbox 385 1961 1797 2048; baseline -0.002 -19"><span class='ocrx_word' id='word_1_150' title='bbox 385 1985 454 2029; x_wconf 84' lang='lat' dir='ltr'><strong>rum</strong></span> <span class='ocrx_word' id='word_1_151' title='bbox 474 1963 638 2027; x_wconf 73' lang='lat' dir='ltr'><strong>adscribere</strong></span> <span class='ocrx_word' id='word_1_152' title='bbox 659 1966 766 2024; x_wconf 86' lang='lat' dir='ltr'><strong>meliue</strong></span> <span class='ocrx_word' id='word_1_153' title='bbox 786 1965 894 2026; x_wconf 75' lang='lat' dir='ltr'><strong>visum.</strong></span> <span class='ocrx_word' id='word_1_154' title='bbox 936 1963 1077 2025; x_wconf 81' lang='lat' dir='ltr'><strong>Celerum</strong></span> <span class='ocrx_word' id='word_1_155' title='bbox 1099 1983 1164 2044; x_wconf 77' lang='lat' dir='ltr'><strong>que</strong></span> <span class='ocrx_word' id='word_1_156' title='bbox 1184 1962 1222 2022; x_wconf 91' lang='lat' dir='ltr'><strong>ad</strong></span> <span class='ocrx_word' id='word_1_157' title='bbox 1243 1961 1487 2046; x_wconf 77' lang='lat' dir='ltr'><strong>orthographiam</strong></span> <span class='ocrx_word' id='word_1_158' title='bbox 1508 1969 1678 2048; x_wconf 73' lang='lat' dir='ltr'><strong>pertinent,</strong></span> <span class='ocrx_word' id='word_1_159' title='bbox 1705 1967 1797 2034; x_wconf 82' lang='lat' dir='ltr'><strong>ornil-</strong></span> 
     </span>
     <span class='ocr_line' id='line_1_15' title="bbox 387 2066 1794 2153; baseline 0.001 -21"><span class='ocrx_word' id='word_1_160' title='bbox 387 2070 477 2132; x_wconf 75' lang='lat' dir='ltr'><strong>ienda</strong></span> <span class='ocrx_word' id='word_1_161' title='bbox 498 2070 591 2146; x_wconf 82' lang='lat' dir='ltr'><strong>duxi,</strong></span> <span class='ocrx_word' id='word_1_162' title='bbox 618 2089 686 2130; x_wconf 89' lang='lat' dir='ltr'><strong>cum</strong></span> <span class='ocrx_word' id='word_1_163' title='bbox 708 2066 766 2128; x_wconf 90' lang='lat' dir='ltr'><strong>hac</strong></span> <span class='ocrx_word' id='word_1_164' title='bbox 784 2068 823 2128; x_wconf 89' lang='lat' dir='ltr'><strong>de</strong></span> <span class='ocrx_word' id='word_1_165' title='bbox 843 2089 875 2128; x_wconf 92' lang='lat' dir='ltr'><strong>re</strong></span> <span class='ocrx_word' id='word_1_166' title='bbox 894 2088 985 2149; x_wconf 82' lang='lat' dir='ltr'><strong>rupea</strong></span> <span class='ocrx_word' id='word_1_167' title='bbox 1011 2070 1082 2128; x_wconf 83' lang='lat' dir='ltr'><strong>ralia</strong></span> <span class='ocrx_word' id='word_1_168' title='bbox 1109 2069 1148 2129; x_wconf 81' lang='lat' dir='ltr'><strong>eit</strong></span> <span class='ocrx_word' id='word_1_169' title='bbox 1168 2071 1353 2151; x_wconf 77' lang='lat' dir='ltr'><strong>expositum3</strong></span> <span class='ocrx_word' id='word_1_170' title='bbox 1384 2071 1612 2153; x_wconf 82' lang='lat' dir='ltr'><strong>nisiquodvel</strong></span> <span class='ocrx_word' id='word_1_171' title='bbox 1633 2071 1794 2134; x_wconf 84' lang='lat' dir='ltr'><strong>inhaere</strong></span> 
     </span>
     <span class='ocr_line' id='line_1_16' title="bbox 385 2175 1794 2260; baseline 0.001 -21"><span class='ocrx_word' id='word_1_172' title='bbox 385 2179 544 2259; x_wconf 73' lang='lat' dir='ltr'><strong>scripturae</strong></span> <span class='ocrx_word' id='word_1_173' title='bbox 564 2175 663 2236; x_wconf 87' lang='lat' dir='ltr'><strong>adhuc</strong></span> <span class='ocrx_word' id='word_1_174' title='bbox 682 2176 852 2257; x_wconf 74' lang='lat' dir='ltr'><strong>incognitas</strong></span> <span class='ocrx_word' id='word_1_175' title='bbox 871 2176 982 2255; x_wconf 83' lang='lat' dir='ltr'><strong>poesim</strong></span> <span class='ocrx_word' id='word_1_176' title='bbox 1002 2176 1116 2238; x_wconf 81' lang='lat' dir='ltr'><strong>notavi.</strong></span> <span class='ocrx_word' id='word_1_177' title='bbox 1131 2178 1137 2192; x_wconf 87' lang='grc'><strong>“</strong></span> <span class='ocrx_word' id='word_1_178' title='bbox 1150 2175 1192 2236; x_wconf 86' lang='lat' dir='ltr'><strong>Ex</strong></span> <span class='ocrx_word' id='word_1_179' title='bbox 1212 2177 1334 2258; x_wconf 83' lang='lat' dir='ltr'><strong>reliquie</strong></span> <span class='ocrx_word' id='word_1_180' title='bbox 1354 2177 1439 2238; x_wconf 85' lang='lat' dir='ltr'><strong>librie</strong></span> <span class='ocrx_word' id='word_1_181' title='bbox 1459 2179 1625 2260; x_wconf 77' lang='lat' dir='ltr'><strong>specimina</strong></span> <span class='ocrx_word' id='word_1_182' title='bbox 1644 2179 1794 2260; x_wconf 76' lang='lat' dir='ltr'><strong>scripturae</strong></span> 
     </span>
     <span class='ocr_line' id='line_1_17' title="bbox 386 2279 1877 2366; baseline 0.002 -19"><span class='ocrx_word' id='word_1_183' title='bbox 386 2287 522 2366; x_wconf 78' lang='lat' dir='ltr'><strong>evulgare</strong></span> <span class='ocrx_word' id='word_1_184' title='bbox 541 2282 610 2342; x_wconf 78' lang='lat' dir='ltr'><strong>satie</strong></span> <span class='ocrx_word' id='word_1_185' title='bbox 637 2279 749 2363; x_wconf 82' lang='lat' dir='ltr'><strong>habui,</strong></span> <span class='ocrx_word' id='word_1_186' title='bbox 777 2280 860 2340; x_wconf 89' lang='lat' dir='ltr'><strong>unde</strong></span> <span class='ocrx_word' id='word_1_187' title='bbox 879 2282 1080 2362; x_wconf 74' lang='lat' dir='ltr'><strong>intelligenter</strong></span> <span class='ocrx_word' id='word_1_188' title='bbox 1109 2280 1147 2342; x_wconf 91' lang='lat' dir='ltr'><strong>de</strong></span> <span class='ocrx_word' id='word_1_189' title='bbox 1167 2302 1270 2343; x_wconf 86' lang='lat' dir='ltr'><strong>eorum</strong></span> <span class='ocrx_word' id='word_1_190' title='bbox 1292 2285 1465 2344; x_wconf 77' lang='lat' dir='ltr'><strong>auctoritate</strong></span> <span class='ocrx_word' id='word_1_191' title='bbox 1485 2284 1634 2364; x_wconf 84' lang='lat' dir='ltr'><strong>judicium</strong></span> <span class='ocrx_word' id='word_1_192' title='bbox 1655 2287 1795 2348; x_wconf 69' lang='lat' dir='ltr'><strong>facerent.</strong></span> <span class='ocrx_word' id='word_1_193' title='bbox 1876 2347 1877 2350; x_wconf 74' lang='grc'>,</span> 
     </span>
     <span class='ocr_line' id='line_1_18' title="bbox 385 2385 1795 2474; baseline 0 -22"><span class='ocrx_word' id='word_1_194' title='bbox 385 2391 510 2472; x_wconf 75' lang='lat' dir='ltr'><strong>Aliquot</strong></span> <span class='ocrx_word' id='word_1_195' title='bbox 543 2389 690 2449; x_wconf 86' lang='lat' dir='ltr'><strong>librorum</strong></span> <span class='ocrx_word' id='word_1_196' title='bbox 720 2407 862 2448; x_wconf 77' lang='lat' dir='ltr'><strong>numeros</strong></span> <span class='ocrx_word' id='word_1_197' title='bbox 889 2386 1054 2449; x_wconf 78' lang='lat' dir='ltr'><strong>adscribere</strong></span> <span class='ocrx_word' id='word_1_198' title='bbox 1079 2385 1216 2462; x_wconf 79' lang='lat' dir='ltr'><strong>suffecit3</strong></span> <span class='ocrx_word' id='word_1_199' title='bbox 1249 2387 1440 2450; x_wconf 82' lang='lat' dir='ltr'><strong>librariorum</strong></span> <span class='ocrx_word' id='word_1_200' title='bbox 1470 2390 1551 2451; x_wconf 87' lang='lat' dir='ltr'><strong>enim</strong></span> <span class='ocrx_word' id='word_1_201' title='bbox 1579 2392 1700 2466; x_wconf 82' lang='lat' dir='ltr'><strong>levitae,</strong></span> <span class='ocrx_word' id='word_1_202' title='bbox 1731 2411 1795 2474; x_wconf 75' lang='lat' dir='ltr'><strong>que</strong></span> 
     </span>
     <span class='ocr_line' id='line_1_19' title="bbox 384 2493 1796 2578; baseline -0.001 -20"><span class='ocrx_word' id='word_1_203' title='bbox 384 2499 473 2558; x_wconf 81' lang='lat' dir='ltr'><strong>iacile</strong></span> <span class='ocrx_word' id='word_1_204' title='bbox 491 2495 756 2576; x_wconf 72' lang='lat' dir='ltr'><strong>animadvertitur,</strong></span> <span class='ocrx_word' id='word_1_205' title='bbox 785 2497 833 2555; x_wconf 77' lang='lat' dir='ltr'><strong>vel</strong></span> <span class='ocrx_word' id='word_1_206' title='bbox 854 2493 1030 2555; x_wconf 78' lang='lat' dir='ltr'><strong>melioribus</strong></span> <span class='ocrx_word' id='word_1_207' title='bbox 1052 2494 1232 2556; x_wconf 76' lang='lat' dir='ltr'><strong>lectionibus</strong></span> <span class='ocrx_word' id='word_1_208' title='bbox 1253 2515 1374 2555; x_wconf 88' lang='lat' dir='ltr'><strong>omnem</strong></span> <span class='ocrx_word' id='word_1_209' title='bbox 1395 2494 1486 2556; x_wconf 84' lang='lat' dir='ltr'><strong>fldem</strong></span> <span class='ocrx_word' id='word_1_210' title='bbox 1505 2495 1637 2578; x_wconf 80' lang='lat' dir='ltr'><strong>derogat.</strong></span> <span class='ocrx_word' id='word_1_211' title='bbox 1678 2496 1736 2557; x_wconf 88' lang='lat' dir='ltr'><strong>Sed</strong></span> <span class='ocrx_word' id='word_1_212' title='bbox 1758 2497 1796 2558; x_wconf 93' lang='lat' dir='ltr'><strong>de</strong></span> 
     </span>
     <span class='ocr_line' id='line_1_20' title="bbox 385 2600 1455 2685; baseline -0.004 -21"><span class='ocrx_word' id='word_1_213' title='bbox 385 2601 433 2664; x_wconf 86' lang='lat' dir='ltr'><strong>hie</strong></span> <span class='ocrx_word' id='word_1_214' title='bbox 451 2614 574 2685; x_wconf 78' lang='lat' dir='ltr'><strong>poetea3</strong></span> <span class='ocrx_word' id='word_1_215' title='bbox 595 2601 730 2682; x_wconf 80' lang='lat' dir='ltr'><strong>sequitur</strong></span> <span class='ocrx_word' id='word_1_216' title='bbox 748 2604 865 2683; x_wconf 84' lang='lat' dir='ltr'><strong>integra</strong></span> <span class='ocrx_word' id='word_1_217' title='bbox 885 2601 1021 2662; x_wconf 73' lang='lat' dir='ltr'><strong>leccenic</strong></span> <span class='ocrx_word' id='word_1_218' title='bbox 1040 2601 1163 2663; x_wconf 77' lang='lat' dir='ltr'><strong>varietas</strong></span> <span class='ocrx_word' id='word_1_219' title='bbox 1184 2600 1261 2662; x_wconf 84' lang='lat' dir='ltr'><strong>cod.</strong></span> <span class='ocrx_word' id='word_1_220' title='bbox 1280 2606 1311 2662; x_wconf 88' lang='lat' dir='ltr'><strong>b.</strong></span> <span class='ocrx_word' id='word_1_221' title='bbox 1334 2621 1360 2662; x_wconf 91' lang='lat' dir='ltr'><strong>c.</strong></span> <span class='ocrx_word' id='word_1_222' title='bbox 1381 2621 1409 2660; x_wconf 87' lang='lat' dir='ltr'><strong>x.</strong></span> <span class='ocrx_word' id='word_1_223' title='bbox 1429 2622 1455 2660; x_wconf 86' lang='lat' dir='ltr'><strong>a.</strong></span> 
     </span>
    </p>

    <p class='ocr_par' dir='ltr' id='par_1_2' title="bbox 370 2705 1796 4394">
     <span class='ocr_line' id='line_1_21' title="bbox 370 2705 1795 2788; baseline -0.001 -17"><span class='ocrx_word' id='word_1_224' title='bbox 370 2759 380 2784; x_wconf 80' lang='grc'>,</span> <span class='ocrx_word' id='word_1_225' title='bbox 427 2710 494 2771; x_wconf 81' lang='lat' dir='ltr'><strong>Cat.</strong></span> <span class='ocrx_word' id='word_1_226' title='bbox 510 2705 739 2770; x_wconf 78' lang='lat' dir='ltr'><strong>r.e1ud.eeseb.</strong></span> <span class='ocrx_word' id='word_1_227' title='bbox 751 2705 955 2768; x_wconf 76' lang='lat' dir='ltr'><strong>animantibus</strong></span> <span class='ocrx_word' id='word_1_228' title='bbox 965 2725 993 2766; x_wconf 84' lang='lat' dir='ltr'><strong>x.</strong></span> <span class='ocrx_word' id='word_1_229' title='bbox 1008 2707 1102 2768; x_wconf 76' lang='lat' dir='ltr'><strong>ueluti</strong></span> <span class='ocrx_word' id='word_1_230' title='bbox 1114 2724 1249 2786; x_wconf 85' lang='lat' dir='ltr'><strong>corpora.</strong></span> <span class='ocrx_word' id='word_1_231' title='bbox 1260 2726 1326 2788; x_wconf 85' lang='lat' dir='ltr'><strong>eup.</strong></span> <span class='ocrx_word' id='word_1_232' title='bbox 1338 2708 1393 2766; x_wconf 87' lang='lat' dir='ltr'><strong>lin.</strong></span> <span class='ocrx_word' id='word_1_233' title='bbox 1404 2725 1511 2787; x_wconf 85' lang='lat' dir='ltr'><strong>pecora</strong></span> <span class='ocrx_word' id='word_1_234' title='bbox 1522 2725 1546 2768; x_wconf 83' lang='lat' dir='ltr'><strong>a.</strong></span> <span class='ocrx_word' id='word_1_235' title='bbox 1561 2705 1753 2770; x_wconf 79' lang='lat' dir='ltr'><strong>oboedientia</strong></span> <span class='ocrx_word' id='word_1_236' title='bbox 1769 2733 1795 2770; x_wconf 85' lang='lat' dir='ltr'><strong>a.</strong></span> 
     </span>
     <span class='ocr_line' id='line_1_22' title="bbox 386 2809 1795 2895; baseline -0.001 -18"><span class='ocrx_word' id='word_1_237' title='bbox 386 2818 486 2878; x_wconf 85' lang='lat' dir='ltr'><strong>omnia</strong></span> <span class='ocrx_word' id='word_1_238' title='bbox 496 2835 550 2876; x_wconf 87' lang='lat' dir='ltr'><strong>ara</strong></span> <span class='ocrx_word' id='word_1_239' title='bbox 560 2819 593 2876; x_wconf 89' lang='lat' dir='ltr'><strong>b.</strong></span> <span class='ocrx_word' id='word_1_240' title='bbox 607 2835 845 2876; x_wconf 81' lang='lat' dir='ltr'><strong>commonacum</strong></span> <span class='ocrx_word' id='word_1_241' title='bbox 857 2814 951 2874; x_wconf 80' lang='lat' dir='ltr'><strong>beluis</strong></span> <span class='ocrx_word' id='word_1_242' title='bbox 963 2811 996 2872; x_wconf 85' lang='lat' dir='ltr'><strong>b.</strong></span> <span class='ocrx_word' id='word_1_243' title='bbox 1010 2821 1043 2875; x_wconf 70' lang='lat' dir='ltr'><strong>ee</strong></span> <span class='ocrx_word' id='word_1_244' title='bbox 1053 2812 1169 2874; x_wconf 77' lang='lat' dir='ltr'><strong>videtur</strong></span> <span class='ocrx_word' id='word_1_245' title='bbox 1178 2811 1224 2871; x_wconf 85' lang='lat' dir='ltr'><strong>ba.</strong></span> <span class='ocrx_word' id='word_1_246' title='bbox 1237 2809 1348 2874; x_wconf 76' lang='lat' dir='ltr'><strong>vidae.</strong></span> <span class='ocrx_word' id='word_1_247' title='bbox 1356 2833 1384 2874; x_wconf 84' lang='lat' dir='ltr'><strong>x.</strong></span> <span class='ocrx_word' id='word_1_248' title='bbox 1400 2833 1470 2872; x_wconf 89' lang='lat' dir='ltr'><strong>nam</strong></span> <span class='ocrx_word' id='word_1_249' title='bbox 1482 2813 1595 2895; x_wconf 83' lang='lat' dir='ltr'><strong>priueq.</strong></span> <span class='ocrx_word' id='word_1_250' title='bbox 1606 2835 1633 2874; x_wconf 86' lang='lat' dir='ltr'><strong>x.</strong></span> <span class='ocrx_word' id='word_1_251' title='bbox 1644 2827 1795 2878; x_wconf 81' lang='lat' dir='ltr'><strong>certarnen</strong></span> 
     </span>
     <span class='ocr_line' id='line_1_23' title="bbox 384 2917 1796 3004; baseline 0.001 -21"><span class='ocrx_word' id='word_1_252' title='bbox 384 2927 455 2984; x_wconf 79' lang='lat' dir='ltr'><strong>vine</strong></span> <span class='ocrx_word' id='word_1_253' title='bbox 468 2943 512 2982; x_wconf 88' lang='lat' dir='ltr'><strong>ree</strong></span> <span class='ocrx_word' id='word_1_254' title='bbox 526 2921 621 3004; x_wconf 79' lang='lat' dir='ltr'><strong>magia</strong></span> <span class='ocrx_word' id='word_1_255' title='bbox 631 2923 768 2982; x_wconf 78' lang='lat' dir='ltr'><strong>militaris</strong></span> <span class='ocrx_word' id='word_1_256' title='bbox 779 2926 811 2984; x_wconf 87' lang='lat' dir='ltr'><strong>b.</strong></span> <span class='ocrx_word' id='word_1_257' title='bbox 825 2923 1008 2983; x_wconf 83' lang='lat' dir='ltr'><strong>consuluerit</strong></span> <span class='ocrx_word' id='word_1_258' title='bbox 1022 2921 1052 2980; x_wconf 90' lang='lat' dir='ltr'><strong>b.</strong></span> <span class='ocrx_word' id='word_1_259' title='bbox 1073 2939 1127 2982; x_wconf 84' lang='lat' dir='ltr'><strong>·a.</strong></span> <span class='ocrx_word' id='word_1_260' title='bbox 1136 2954 1153 2966; x_wconf 93' lang='lat'><strong>·</strong></span> <span class='ocrx_word' id='word_1_261' title='bbox 1171 2917 1269 2994; x_wconf 84' lang='lat' dir='ltr'><strong>urbes,</strong></span> <span class='ocrx_word' id='word_1_262' title='bbox 1279 2920 1414 2980; x_wconf 82' lang='lat' dir='ltr'><strong>nationes</strong></span> <span class='ocrx_word' id='word_1_263' title='bbox 1424 2940 1468 2994; x_wconf 74' lang='grc' dir='ltr'><strong>ι..</strong></span> <span class='ocrx_word' id='word_1_264' title='bbox 1483 2929 1517 2980; x_wconf 81' lang='lat' dir='ltr'><strong>ul</strong></span> <span class='ocrx_word' id='word_1_265' title='bbox 1526 2920 1559 2979; x_wconf 87' lang='lat' dir='ltr'><strong>in</strong></span> <span class='ocrx_word' id='word_1_266' title='bbox 1570 2922 1631 2986; x_wconf 91' lang='lat' dir='ltr'><strong>bel.</strong></span> <span class='ocrx_word' id='word_1_267' title='bbox 1645 2919 1709 2982; x_wconf 83' lang='lat' dir='ltr'><strong>hex.</strong></span> <span class='ocrx_word' id='word_1_268' title='bbox 1727 2943 1796 2985; x_wconf 84' lang='lat' dir='ltr'><strong>om·</strong></span> 
     </span>
     <span class='ocr_line' id='line_1_24' title="bbox 386 3026 1796 3110; baseline 0 -21"><span class='ocrx_word' id='word_1_269' title='bbox 386 3048 439 3090; x_wconf 86' lang='lat' dir='ltr'><strong>nea</strong></span> <span class='ocrx_word' id='word_1_270' title='bbox 458 3039 544 3090; x_wconf 75' lang='lat' dir='ltr'><strong>amnt</strong></span> <span class='ocrx_word' id='word_1_271' title='bbox 563 3048 622 3089; x_wconf 82' lang='lat' dir='ltr'><strong>oxa.</strong></span> <span class='ocrx_word' id='word_1_272' title='bbox 644 3048 716 3089; x_wconf 85' lang='lat' dir='ltr'><strong>once</strong></span> <span class='ocrx_word' id='word_1_273' title='bbox 735 3049 802 3107; x_wconf 81' lang='lat' dir='ltr'><strong>cup.</strong></span> <span class='ocrx_word' id='word_1_274' title='bbox 815 3030 871 3088; x_wconf 90' lang='lat' dir='ltr'><strong>lin.</strong></span> <span class='ocrx_word' id='word_1_275' title='bbox 892 3026 1105 3089; x_wconf 85' lang='lat' dir='ltr'><strong>lbomineeb.</strong></span> <span class='ocrx_word' id='word_1_276' title='bbox 1128 3026 1252 3086; x_wconf 78' lang='lat' dir='ltr'><strong>transire</strong></span> <span class='ocrx_word' id='word_1_277' title='bbox 1262 3047 1327 3108; x_wconf 80' lang='lat' dir='ltr'><strong>sup.</strong></span> <span class='ocrx_word' id='word_1_278' title='bbox 1340 3026 1394 3088; x_wconf 87' lang='lat' dir='ltr'><strong>lia.</strong></span> <span class='ocrx_word' id='word_1_279' title='bbox 1406 3035 1571 3109; x_wconf 73' lang='lat' dir='ltr'><strong>uaoeegere</strong></span> <span class='ocrx_word' id='word_1_280' title='bbox 1584 3047 1611 3088; x_wconf 79' lang='lat' dir='ltr'><strong>a.</strong></span> <span class='ocrx_word' id='word_1_281' title='bbox 1631 3029 1730 3110; x_wconf 77' lang='lat' dir='ltr'><strong>Atque</strong></span> <span class='ocrx_word' id='word_1_282' title='bbox 1744 3031 1796 3090; x_wconf 77' lang='lat' dir='ltr'><strong>io-</strong></span> 
     </span>
     <span class='ocr_line' id='line_1_25' title="bbox 386 3130 1795 3217; baseline 0.001 -21"><span class='ocrx_word' id='word_1_283' title='bbox 386 3135 500 3196; x_wconf 77' lang='lat' dir='ltr'><strong>cullix</strong></span> <span class='ocrx_word' id='word_1_284' title='bbox 527 3146 655 3196; x_wconf 82' lang='lat' dir='ltr'><strong>mortem</strong></span> <span class='ocrx_word' id='word_1_285' title='bbox 674 3138 827 3216; x_wconf 76' lang='lat' dir='ltr'><strong>vitamque</strong></span> <span class='ocrx_word' id='word_1_286' title='bbox 847 3156 873 3195; x_wconf 85' lang='lat' dir='ltr'><strong>c.</strong></span> <span class='ocrx_word' id='word_1_287' title='bbox 901 3135 927 3195; x_wconf 87' lang='lat' dir='ltr'><strong>is</strong></span> <span class='ocrx_word' id='word_1_288' title='bbox 957 3157 999 3196; x_wconf 83' lang='lat' dir='ltr'><strong>m.</strong></span> <span class='ocrx_word' id='word_1_289' title='bbox 1024 3130 1507 3217; x_wconf 26' lang='lat' dir='ltr'><strong>(vir.dem.b.c1icoqeeritb.</strong></span> <span class='ocrx_word' id='word_1_290' title='bbox 1548 3133 1635 3194; x_wconf 77' lang='lat'><strong>-5.-</strong></span> <span class='ocrx_word' id='word_1_291' title='bbox 1662 3139 1795 3217; x_wconf 80' lang='lat' dir='ltr'><strong>requitur</strong></span> 
     </span>
     <span class='ocr_line' id='line_1_26' title="bbox 384 3239 1794 3323; baseline 0.002 -23"><span class='ocrx_word' id='word_1_292' title='bbox 384 3259 454 3323; x_wconf 76' lang='lat' dir='ltr'><strong>cup.</strong></span> <span class='ocrx_word' id='word_1_293' title='bbox 467 3241 524 3301; x_wconf 84' lang='lat' dir='ltr'><strong>lin.</strong></span> <span class='ocrx_word' id='word_1_294' title='bbox 543 3262 565 3302; x_wconf 87' lang='lat' dir='ltr'><strong>o</strong></span> <span class='ocrx_word' id='word_1_295' title='bbox 583 3263 609 3302; x_wconf 87' lang='lat' dir='ltr'><strong>a.</strong></span> <span class='ocrx_word' id='word_1_296' title='bbox 631 3252 661 3304; x_wconf 77' lang='lat' dir='ltr'><strong>et</strong></span> <span class='ocrx_word' id='word_1_297' title='bbox 681 3253 811 3304; x_wconf 80' lang='lat' dir='ltr'><strong>actorem</strong></span> <span class='ocrx_word' id='word_1_298' title='bbox 826 3263 851 3302; x_wconf 87' lang='lat' dir='ltr'><strong>a.</strong></span> <span class='ocrx_word' id='word_1_299' title='bbox 872 3251 933 3302; x_wconf 81' lang='lat' dir='ltr'><strong>aet.</strong></span> <span class='ocrx_word' id='word_1_300' title='bbox 953 3263 1021 3321; x_wconf 83' lang='lat' dir='ltr'><strong>rap.</strong></span> <span class='ocrx_word' id='word_1_301' title='bbox 1036 3241 1089 3303; x_wconf 83' lang='lat' dir='ltr'><strong>liu.</strong></span> <span class='ocrx_word' id='word_1_302' title='bbox 1111 3263 1139 3302; x_wconf 88' lang='lat' dir='ltr'><strong>c.</strong></span> <span class='ocrx_word' id='word_1_303' title='bbox 1160 3263 1178 3302; x_wconf 84' lang='lat' dir='ltr'><strong>a</strong></span> <span class='ocrx_word' id='word_1_304' title='bbox 1197 3239 1298 3301; x_wconf 81' lang='lat' dir='ltr'><strong>eladio</strong></span> <span class='ocrx_word' id='word_1_305' title='bbox 1311 3239 1358 3306; x_wconf 83' lang='lat' dir='ltr'><strong>bx.</strong></span> <span class='ocrx_word' id='word_1_306' title='bbox 1380 3239 1458 3300; x_wconf 75' lang='lat' dir='ltr'><strong>etad.</strong></span> <span class='ocrx_word' id='word_1_307' title='bbox 1478 3260 1498 3300; x_wconf 86' lang='lat' dir='ltr'><strong>a</strong></span> <span class='ocrx_word' id='word_1_308' title='bbox 1518 3261 1585 3322; x_wconf 87' lang='lat' dir='ltr'><strong>eup.</strong></span> <span class='ocrx_word' id='word_1_309' title='bbox 1605 3243 1662 3304; x_wconf 88' lang='lat' dir='ltr'><strong>lin.</strong></span> <span class='ocrx_word' id='word_1_310' title='bbox 1681 3263 1706 3307; x_wconf 87' lang='lat' dir='ltr'><strong>z.</strong></span> <span class='ocrx_word' id='word_1_311' title='bbox 1728 3263 1794 3304; x_wconf 82' lang='lat' dir='ltr'><strong>exe-</strong></span> 
     </span>
     <span class='ocr_line' id='line_1_27' title="bbox 385 3341 1794 3433; baseline 0.002 -25"><span class='ocrx_word' id='word_1_312' title='bbox 385 3346 535 3430; x_wconf 84' lang='lat' dir='ltr'><strong>quendax</strong></span> <span class='ocrx_word' id='word_1_313' title='bbox 556 3346 726 3430; x_wconf 84' lang='lat' dir='ltr'><strong>exequenda</strong></span> <span class='ocrx_word' id='word_1_314' title='bbox 744 3369 812 3428; x_wconf 79' lang='lat' dir='ltr'><strong>sup.</strong></span> <span class='ocrx_word' id='word_1_315' title='bbox 825 3348 880 3406; x_wconf 88' lang='lat' dir='ltr'><strong>lin.</strong></span> <span class='ocrx_word' id='word_1_316' title='bbox 894 3365 915 3404; x_wconf 91' lang='lat' dir='ltr'><strong>c</strong></span> <span class='ocrx_word' id='word_1_317' title='bbox 927 3367 953 3405; x_wconf 86' lang='lat' dir='ltr'><strong>a.</strong></span> <span class='ocrx_word' id='word_1_318' title='bbox 974 3347 1059 3404; x_wconf 80' lang='lat' dir='ltr'><strong>laclia</strong></span> <span class='ocrx_word' id='word_1_319' title='bbox 1080 3365 1147 3426; x_wconf 83' lang='lat' dir='ltr'><strong>sup.</strong></span> <span class='ocrx_word' id='word_1_320' title='bbox 1162 3347 1217 3412; x_wconf 83' lang='lat' dir='ltr'><strong>lia.</strong></span> <span class='ocrx_word' id='word_1_321' title='bbox 1237 3365 1254 3404; x_wconf 91' lang='lat' dir='ltr'><strong>a</strong></span> <span class='ocrx_word' id='word_1_322' title='bbox 1274 3341 1358 3407; x_wconf 77' lang='lat' dir='ltr'><strong>dicia</strong></span> <span class='ocrx_word' id='word_1_323' title='bbox 1378 3367 1444 3428; x_wconf 84' lang='lat' dir='ltr'><strong>sup.</strong></span> <span class='ocrx_word' id='word_1_324' title='bbox 1456 3347 1511 3409; x_wconf 87' lang='lat' dir='ltr'><strong>lin.</strong></span> <span class='ocrx_word' id='word_1_325' title='bbox 1532 3349 1556 3407; x_wconf 84' lang='lat' dir='ltr'><strong>ia</strong></span> <span class='ocrx_word' id='word_1_326' title='bbox 1575 3369 1617 3414; x_wconf 84' lang='lat' dir='ltr'><strong>ac.</strong></span> <span class='ocrx_word' id='word_1_327' title='bbox 1638 3351 1709 3412; x_wconf 87' lang='lat' dir='ltr'><strong>dein</strong></span> <span class='ocrx_word' id='word_1_328' title='bbox 1721 3355 1794 3433; x_wconf 77' lang='lat' dir='ltr'><strong>quie</strong></span> 
     </span>
     <span class='ocr_line' id='line_1_28' title="bbox 383 3447 1792 3540; baseline 0.001 -24"><span class='ocrx_word' id='word_1_329' title='bbox 383 3477 402 3516; x_wconf 81' lang='lat' dir='ltr'>x</span> <span class='ocrx_word' id='word_1_330' title='bbox 422 3478 465 3517; x_wconf 84' lang='lat' dir='ltr'><strong>m.</strong></span> <span class='ocrx_word' id='word_1_331' title='bbox 486 3455 555 3520; x_wconf 77' lang='lat' dir='ltr'><strong>adr·</strong></span> <span class='ocrx_word' id='word_1_332' title='bbox 577 3459 712 3518; x_wconf 86' lang='lat' dir='ltr'><strong>multah.</strong></span> <span class='ocrx_word' id='word_1_333' title='bbox 735 3455 919 3536; x_wconf 88' lang='lat' dir='ltr'><strong>reliquorum</strong></span> <span class='ocrx_word' id='word_1_334' title='bbox 941 3447 1073 3510; x_wconf 75' lang='lat' dir='ltr'><strong>moribus</strong></span> <span class='ocrx_word' id='word_1_335' title='bbox 1095 3449 1218 3510; x_wconf 86' lang='lat' dir='ltr'><strong>maliec.</strong></span> <span class='ocrx_word' id='word_1_336' title='bbox 1241 3449 1305 3522; x_wconf 64' lang='grc' dir='ltr'><strong>-ᾼ-</strong></span> <span class='ocrx_word' id='word_1_337' title='bbox 1323 3451 1453 3512; x_wconf 73' lang='lat' dir='ltr'><strong>secordia</strong></span> <span class='ocrx_word' id='word_1_338' title='bbox 1461 3472 1489 3512; x_wconf 84' lang='lat' dir='ltr'><strong>x.</strong></span> <span class='ocrx_word' id='word_1_339' title='bbox 1510 3454 1792 3540; x_wconf 79' lang='lat' dir='ltr'><strong>colendoagrosup.</strong></span> 
     </span>
     <span class='ocr_line' id='line_1_29' title="bbox 384 3558 1792 3641; baseline 0.003 -19"><span class='ocrx_word' id='word_1_340' title='bbox 384 3565 441 3624; x_wconf 83' lang='lat' dir='ltr'><strong>lin.</strong></span> <span class='ocrx_word' id='word_1_341' title='bbox 459 3567 479 3630; x_wconf 65' lang='lat' dir='ltr'><strong>e</strong></span> <span class='ocrx_word' id='word_1_342' title='bbox 500 3563 520 3623; x_wconf 90' lang='lat' dir='ltr'><strong>b</strong></span> <span class='ocrx_word' id='word_1_343' title='bbox 540 3564 578 3623; x_wconf 90' lang='lat' dir='ltr'><strong>de</strong></span> <span class='ocrx_word' id='word_1_344' title='bbox 598 3568 682 3641; x_wconf 84' lang='lat' dir='ltr'><strong>cujoe</strong></span> <span class='ocrx_word' id='word_1_345' title='bbox 701 3560 879 3626; x_wconf 78' lang='lat' dir='ltr'><strong>moribuab.</strong></span> <span class='ocrx_word' id='word_1_346' title='bbox 901 3559 965 3619; x_wconf 77' lang='lat'><strong>-5.·</strong></span> <span class='ocrx_word' id='word_1_347' title='bbox 981 3563 1102 3636; x_wconf 75' lang='lat' dir='ltr'><strong>juventa</strong></span> <span class='ocrx_word' id='word_1_348' title='bbox 1122 3577 1141 3618; x_wconf 83' lang='lat' dir='ltr'><strong>a</strong></span> <span class='ocrx_word' id='word_1_349' title='bbox 1158 3577 1248 3638; x_wconf 72' lang='lat' dir='ltr'><strong>arpeo</strong></span> <span class='ocrx_word' id='word_1_350' title='bbox 1268 3575 1358 3636; x_wconf 73' lang='lat' dir='ltr'><strong>quaen</strong></span> <span class='ocrx_word' id='word_1_351' title='bbox 1378 3558 1516 3620; x_wconf 74' lang='lat' dir='ltr'><strong>credibile</strong></span> <span class='ocrx_word' id='word_1_352' title='bbox 1537 3581 1610 3621; x_wconf 89' lang='lat' dir='ltr'><strong>c.-</strong></span> <span class='ocrx_word' id='word_1_353' title='bbox 1628 3567 1663 3624; x_wconf 87' lang='lat' dir='ltr'><strong>in</strong></span> <span class='ocrx_word' id='word_1_354' title='bbox 1683 3585 1710 3625; x_wconf 88' lang='lat' dir='ltr'><strong>a.</strong></span> <span class='ocrx_word' id='word_1_355' title='bbox 1729 3563 1792 3626; x_wconf 75' lang='lat' dir='ltr'><strong>oui-</strong></span> 
     </span>
     <span class='ocr_line' id='line_1_30' title="bbox 385 3665 1795 3750; baseline 0.001 -20"><span class='ocrx_word' id='word_1_356' title='bbox 385 3691 478 3750; x_wconf 75' lang='lat' dir='ltr'><strong>quam</strong></span> <span class='ocrx_word' id='word_1_357' title='bbox 497 3691 671 3732; x_wconf 75' lang='lat' dir='ltr'><strong>ameum.—</strong></span> <span class='ocrx_word' id='word_1_358' title='bbox 691 3675 775 3748; x_wconf 70' lang='lat' dir='ltr'><strong>ciriaca</strong></span> <span class='ocrx_word' id='word_1_359' title='bbox 796 3669 840 3730; x_wconf 84' lang='lat' dir='ltr'><strong>rei</strong></span> <span class='ocrx_word' id='word_1_360' title='bbox 859 3667 936 3729; x_wconf 78' lang='lat' dir='ltr'><strong>labet</strong></span> <span class='ocrx_word' id='word_1_361' title='bbox 955 3687 980 3726; x_wconf 82' lang='lat' dir='ltr'><strong>a.</strong></span> <span class='ocrx_word' id='word_1_362' title='bbox 1000 3675 1141 3746; x_wconf 82' lang='lat' dir='ltr'><strong>appetens</strong></span> <span class='ocrx_word' id='word_1_363' title='bbox 1161 3665 1253 3726; x_wconf 87' lang='lat' dir='ltr'><strong>alieni</strong></span> <span class='ocrx_word' id='word_1_364' title='bbox 1271 3685 1300 3726; x_wconf 86' lang='lat' dir='ltr'><strong>x.</strong></span> <span class='ocrx_word' id='word_1_365' title='bbox 1320 3665 1518 3747; x_wconf 79' lang='lat' dir='ltr'><strong>relinquerint</strong></span> <span class='ocrx_word' id='word_1_366' title='bbox 1536 3689 1564 3734; x_wconf 86' lang='lat' dir='ltr'><strong>x.</strong></span> <span class='ocrx_word' id='word_1_367' title='bbox 1584 3669 1635 3730; x_wconf 82' lang='lat' dir='ltr'><strong>red</strong></span> <span class='ocrx_word' id='word_1_368' title='bbox 1655 3669 1689 3732; x_wconf 86' lang='lat' dir='ltr'><strong>iu</strong></span> <span class='ocrx_word' id='word_1_369' title='bbox 1710 3670 1741 3732; x_wconf 87' lang='lat' dir='ltr'><strong>h.</strong></span> <span class='ocrx_word' id='word_1_370' title='bbox 1762 3693 1795 3734; x_wconf 75' lang='lat' dir='ltr'><strong>ne</strong></span> 
     </span>
     <span class='ocr_line' id='line_1_31' title="bbox 385 3771 1792 3857; baseline 0.002 -21"><span class='ocrx_word' id='word_1_371' title='bbox 385 3796 452 3841; x_wconf 86' lang='lat' dir='ltr'><strong>am.</strong></span> <span class='ocrx_word' id='word_1_372' title='bbox 464 3796 521 3836; x_wconf 79' lang='lat' dir='ltr'><strong>aec.</strong></span> <span class='ocrx_word' id='word_1_373' title='bbox 531 3796 695 3837; x_wconf 65' lang='lat' dir='ltr'><strong>aarum-</strong></span> <span class='ocrx_word' id='word_1_374' title='bbox 704 3787 735 3836; x_wconf 82' lang='lat' dir='ltr'><strong>et</strong></span> <span class='ocrx_word' id='word_1_375' title='bbox 744 3785 778 3834; x_wconf 77' lang='lat' dir='ltr'><strong>ut</strong></span> <span class='ocrx_word' id='word_1_376' title='bbox 784 3778 868 3857; x_wconf 86' lang='lat' dir='ltr'><strong>paul.</strong></span> <span class='ocrx_word' id='word_1_377' title='bbox 879 3773 994 3835; x_wconf 55' lang='lat' dir='ltr'><strong>aab·</strong></span> <span class='ocrx_word' id='word_1_378' title='bbox 1000 3776 1173 3857; x_wconf 79' lang='lat' dir='ltr'><strong>aborigenes</strong></span> <span class='ocrx_word' id='word_1_379' title='bbox 1181 3771 1213 3832; x_wconf 86' lang='lat' dir='ltr'><strong>b.</strong></span> <span class='ocrx_word' id='word_1_380' title='bbox 1226 3771 1404 3835; x_wconf 70' lang='lat' dir='ltr'><strong>seruabant</strong></span> <span class='ocrx_word' id='word_1_381' title='bbox 1412 3793 1439 3834; x_wconf 89' lang='lat' dir='ltr'><strong>c.</strong></span> <span class='ocrx_word' id='word_1_382' title='bbox 1450 3794 1481 3835; x_wconf 84' lang='lat' dir='ltr'><strong>ee</strong></span> <span class='ocrx_word' id='word_1_383' title='bbox 1489 3775 1720 3841; x_wconf 78' lang='lat' dir='ltr'><strong>converrirbcxr.</strong></span> <span class='ocrx_word' id='word_1_384' title='bbox 1733 3777 1792 3840; x_wconf 82' lang='lat' dir='ltr'><strong>eibi</strong></span> 
     </span>
     <span class='ocr_line' id='line_1_32' title="bbox 385 3877 1793 3966; baseline 0.001 -22"><span class='ocrx_word' id='word_1_385' title='bbox 385 3901 488 3964; x_wconf 88' lang='lat' dir='ltr'><strong>cepere</strong></span> <span class='ocrx_word' id='word_1_386' title='bbox 504 3885 536 3944; x_wconf 90' lang='lat' dir='ltr'><strong>b.</strong></span> <span class='ocrx_word' id='word_1_387' title='bbox 555 3881 680 3943; x_wconf 86' lang='lat' dir='ltr'><strong>humen.</strong></span> <span class='ocrx_word' id='word_1_388' title='bbox 702 3900 752 3940; x_wconf 87' lang='lat' dir='ltr'><strong>an.</strong></span> <span class='ocrx_word' id='word_1_389' title='bbox 772 3881 859 3939; x_wconf 84' lang='lat' dir='ltr'><strong>ineol.</strong></span> <span class='ocrx_word' id='word_1_390' title='bbox 879 3899 908 3940; x_wconf 78' lang='lat' dir='ltr'><strong>x.</strong></span> <span class='ocrx_word' id='word_1_391' title='bbox 927 3901 1006 3962; x_wconf 84' lang='lat'><strong>·7.·</strong></span> <span class='ocrx_word' id='word_1_392' title='bbox 1024 3880 1057 3940; x_wconf 89' lang='lat' dir='ltr'><strong>in</strong></span> <span class='ocrx_word' id='word_1_393' title='bbox 1077 3891 1252 3962; x_wconf 85' lang='lat' dir='ltr'><strong>promptum</strong></span> <span class='ocrx_word' id='word_1_394' title='bbox 1273 3877 1382 3941; x_wconf 89' lang='lat' dir='ltr'><strong>habere</strong></span> <span class='ocrx_word' id='word_1_395' title='bbox 1401 3901 1427 3940; x_wconf 83' lang='lat' dir='ltr'><strong>a.</strong></span> <span class='ocrx_word' id='word_1_396' title='bbox 1447 3901 1566 3963; x_wconf 78' lang='lat' dir='ltr'><strong>possum</strong></span> <span class='ocrx_word' id='word_1_397' title='bbox 1589 3881 1670 3966; x_wconf 81' lang='lat' dir='ltr'><strong>(cup.</strong></span> <span class='ocrx_word' id='word_1_398' title='bbox 1690 3886 1748 3946; x_wconf 87' lang='lat' dir='ltr'><strong>lin.</strong></span> <span class='ocrx_word' id='word_1_399' title='bbox 1765 3885 1793 3963; x_wconf 86' lang='lat' dir='ltr'><strong>e)</strong></span> 
     </span>
     <span class='ocr_line' id='line_1_33' title="bbox 383 3975 1792 4072; baseline 0.004 -21"><span class='ocrx_word' id='word_1_400' title='bbox 383 3975 409 4050; x_wconf 74' lang='lat' dir='ltr'><strong>a.</strong></span> <span class='ocrx_word' id='word_1_401' title='bbox 437 3991 561 4072; x_wconf 86' lang='lat' dir='ltr'><strong>coeperit</strong></span> <span class='ocrx_word' id='word_1_402' title='bbox 579 4011 605 4048; x_wconf 84' lang='lat' dir='ltr'><strong>a.</strong></span> <span class='ocrx_word' id='word_1_403' title='bbox 632 3987 753 4069; x_wconf 82' lang='lat' dir='ltr'><strong>longiae</strong></span> <span class='ocrx_word' id='word_1_404' title='bbox 773 4003 829 4045; x_wconf 86' lang='lat' dir='ltr'><strong>noe</strong></span> <span class='ocrx_word' id='word_1_405' title='bbox 848 3982 930 4046; x_wconf 83' lang='lat' dir='ltr'><strong>baxa.</strong></span> <span class='ocrx_word' id='word_1_406' title='bbox 969 3988 1056 4048; x_wconf 84' lang='lat'>-8.-</span> <span class='ocrx_word' id='word_1_407' title='bbox 1076 3985 1239 4048; x_wconf 83' lang='lat' dir='ltr'><strong>eccelebrat</strong></span> <span class='ocrx_word' id='word_1_408' title='bbox 1257 4006 1282 4046; x_wconf 87' lang='lat' dir='ltr'><strong>z.</strong></span> <span class='ocrx_word' id='word_1_409' title='bbox 1315 3987 1393 4050; x_wconf 78' lang='lat' dir='ltr'><strong>sicut</strong></span> <span class='ocrx_word' id='word_1_410' title='bbox 1411 4007 1437 4049; x_wconf 82' lang='lat' dir='ltr'><strong>a.</strong></span> <span class='ocrx_word' id='word_1_411' title='bbox 1471 3990 1525 4069; x_wconf 88' lang='lat' dir='ltr'><strong>qui</strong></span> <span class='ocrx_word' id='word_1_412' title='bbox 1549 4008 1583 4050; x_wconf 87' lang='lat' dir='ltr'><strong>ea</strong></span> <span class='ocrx_word' id='word_1_413' title='bbox 1613 3991 1707 4054; x_wconf 83' lang='lat' dir='ltr'><strong>iecere</strong></span> <span class='ocrx_word' id='word_1_414' title='bbox 1728 3991 1792 4056; x_wconf 76' lang='lat' dir='ltr'><strong>bu.</strong></span> 
     </span>
     <span class='ocr_line' id='line_1_34' title="bbox 382 4091 1792 4180; baseline -0.003 -21"><span class='ocrx_word' id='word_1_415' title='bbox 382 4096 480 4159; x_wconf 81' lang='lat' dir='ltr'><strong>verbio</strong></span> <span class='ocrx_word' id='word_1_416' title='bbox 501 4117 535 4158; x_wconf 84' lang='lat' dir='ltr'><strong>ee</strong></span> <span class='ocrx_word' id='word_1_417' title='bbox 548 4100 580 4156; x_wconf 85' lang='lat' dir='ltr'><strong>b.</strong></span> <span class='ocrx_word' id='word_1_418' title='bbox 601 4116 637 4156; x_wconf 84' lang='lat' dir='ltr'><strong>ea</strong></span> <span class='ocrx_word' id='word_1_419' title='bbox 656 4093 744 4174; x_wconf 85' lang='lat' dir='ltr'><strong>copia</strong></span> <span class='ocrx_word' id='word_1_420' title='bbox 763 4093 821 4151; x_wconf 82' lang='lat' dir='ltr'><strong>fuit</strong></span> <span class='ocrx_word' id='word_1_421' title='bbox 839 4095 1020 4172; x_wconf 71' lang='lat' dir='ltr'><strong>scriptorum</strong></span> <span class='ocrx_word' id='word_1_422' title='bbox 1034 4113 1063 4154; x_wconf 85' lang='lat' dir='ltr'><strong>x.</strong></span> <span class='ocrx_word' id='word_1_423' title='bbox 1083 4103 1183 4180; x_wconf 77' lang='lat' dir='ltr'><strong>negot.</strong></span> <span class='ocrx_word' id='word_1_424' title='bbox 1203 4112 1280 4152; x_wconf 85' lang='lat' dir='ltr'><strong>max.</strong></span> <span class='ocrx_word' id='word_1_425' title='bbox 1301 4091 1332 4152; x_wconf 91' lang='lat' dir='ltr'><strong>b.</strong></span> <span class='ocrx_word' id='word_1_426' title='bbox 1354 4103 1385 4154; x_wconf 82' lang='lat' dir='ltr'><strong>et</strong></span> <span class='ocrx_word' id='word_1_427' title='bbox 1403 4113 1457 4154; x_wconf 82' lang='lat' dir='ltr'><strong>sua</strong></span> <span class='ocrx_word' id='word_1_428' title='bbox 1478 4093 1543 4156; x_wconf 81' lang='lat' dir='ltr'><strong>box.</strong></span> <span class='ocrx_word' id='word_1_429' title='bbox 1572 4116 1654 4175; x_wconf 83' lang='lat'><strong>·9.-</strong></span> <span class='ocrx_word' id='word_1_430' title='bbox 1673 4117 1690 4162; x_wconf 87' lang='lat' dir='ltr'><strong>e</strong></span> <span class='ocrx_word' id='word_1_431' title='bbox 1709 4097 1792 4162; x_wconf 80' lang='lat' dir='ltr'><strong>ballo</strong></span> 
     </span>
     <span class='ocr_line' id='line_1_35' title="bbox 383 4195 1792 4286; baseline 0.001 -24"><span class='ocrx_word' id='word_1_432' title='bbox 383 4223 444 4265; x_wconf 85' lang='lat' dir='ltr'><strong>exc.</strong></span> <span class='ocrx_word' id='word_1_433' title='bbox 458 4226 486 4267; x_wconf 86' lang='lat' dir='ltr'><strong>x.</strong></span> <span class='ocrx_word' id='word_1_434' title='bbox 497 4223 563 4286; x_wconf 82' lang='lat' dir='ltr'><strong>rap.</strong></span> <span class='ocrx_word' id='word_1_435' title='bbox 576 4204 632 4262; x_wconf 87' lang='lat' dir='ltr'><strong>lio.</strong></span> <span class='ocrx_word' id='word_1_436' title='bbox 646 4205 666 4262; x_wconf 92' lang='lat' dir='ltr'><strong>i.</strong></span> <span class='ocrx_word' id='word_1_437' title='bbox 672 4200 718 4262; x_wconf 84' lang='lat' dir='ltr'><strong>’de</strong></span> <span class='ocrx_word' id='word_1_438' title='bbox 730 4199 837 4282; x_wconf 88' lang='lat' dir='ltr'><strong>proelio</strong></span> <span class='ocrx_word' id='word_1_439' title='bbox 849 4195 1003 4282; x_wconf 81' lang='lat' dir='ltr'><strong>beneflciis</strong></span> <span class='ocrx_word' id='word_1_440' title='bbox 1018 4203 1112 4282; x_wconf 79' lang='lat' dir='ltr'><strong>megia</strong></span> <span class='ocrx_word' id='word_1_441' title='bbox 1134 4217 1223 4281; x_wconf 86' lang='lat' dir='ltr'><strong>quam</strong></span> <span class='ocrx_word' id='word_1_442' title='bbox 1238 4219 1281 4260; x_wconf 82' lang='lat' dir='ltr'><strong>ax.</strong></span> <span class='ocrx_word' id='word_1_443' title='bbox 1302 4199 1469 4282; x_wconf 81' lang='lat' dir='ltr'><strong>agitabant3</strong></span> <span class='ocrx_word' id='word_1_444' title='bbox 1490 4213 1611 4284; x_wconf 85' lang='lat' dir='ltr'><strong>accepta</strong></span> <span class='ocrx_word' id='word_1_445' title='bbox 1620 4223 1648 4271; x_wconf 84' lang='lat' dir='ltr'><strong>x.</strong></span> <span class='ocrx_word' id='word_1_446' title='bbox 1688 4235 1708 4253; x_wconf 93' lang='lat'>·</span> <span class='ocrx_word' id='word_1_447' title='bbox 1718 4221 1764 4266; x_wconf 88' lang='lat' dir='ltr'><strong>ro.</strong></span> <span class='ocrx_word' id='word_1_448' title='bbox 1773 4237 1792 4253; x_wconf 92' lang='lat'><em>-</em></span> 
     </span>
     <span class='ocr_line' id='line_1_36' title="bbox 384 4303 1789 4394; baseline 0.002 -26"><span class='ocrx_word' id='word_1_449' title='bbox 384 4307 603 4374; x_wconf 77' lang='lat' dir='ltr'><strong>dominatione</strong></span> <span class='ocrx_word' id='word_1_450' title='bbox 620 4328 687 4393; x_wconf 80' lang='lat' dir='ltr'><strong>cup.</strong></span> <span class='ocrx_word' id='word_1_451' title='bbox 707 4307 763 4372; x_wconf 85' lang='lat' dir='ltr'><strong>liu.</strong></span> <span class='ocrx_word' id='word_1_452' title='bbox 782 4303 808 4367; x_wconf 83' lang='lat' dir='ltr'><strong>o·</strong></span> <span class='ocrx_word' id='word_1_453' title='bbox 826 4304 887 4370; x_wconf 82' lang='lat' dir='ltr'><strong>ber.</strong></span> <span class='ocrx_word' id='word_1_454' title='bbox 909 4324 954 4369; x_wconf 82' lang='lat' dir='ltr'><strong>ree</strong></span> <span class='ocrx_word' id='word_1_455' title='bbox 972 4325 1068 4390; x_wconf 76' lang='lat' dir='ltr'><strong>asper.</strong></span> <span class='ocrx_word' id='word_1_456' title='bbox 1089 4325 1117 4370; x_wconf 82' lang='lat' dir='ltr'><strong>x.</strong></span> <span class='ocrx_word' id='word_1_457' title='bbox 1145 4305 1312 4390; x_wconf 67' lang='lat' dir='ltr'><strong>divineque</strong></span> <span class='ocrx_word' id='word_1_458' title='bbox 1332 4327 1360 4373; x_wconf 80' lang='lat' dir='ltr'><strong>x·</strong></span> <span class='ocrx_word' id='word_1_459' title='bbox 1389 4327 1459 4392; x_wconf 84' lang='lat' dir='ltr'><strong>cup.</strong></span> <span class='ocrx_word' id='word_1_460' title='bbox 1481 4328 1548 4392; x_wconf 82' lang='lat' dir='ltr'><strong>pec·</strong></span> <span class='ocrx_word' id='word_1_461' title='bbox 1568 4314 1661 4394; x_wconf 81' lang='lat' dir='ltr'><strong>prim.</strong></span> <span class='ocrx_word' id='word_1_462' title='bbox 1680 4309 1789 4378; x_wconf 83' lang='lat' dir='ltr'><strong>deiude</strong></span> 
     </span>
    </p>
   </div>
   <div class='ocr_carea' id='block_1_2' title="bbox 0 0 2030 5009">
    <p class='ocr_par' dir='ltr' id='par_1_3' title="bbox 0 0 2030 5009">
     <span class='ocr_line' id='line_1_37' title="bbox 0 0 2030 5009; baseline 0 0"><span class='ocrx_word' id='word_1_463' title='bbox 0 0 2030 5009; x_wconf 95' lang='lat' dir='ltr'><strong> </strong></span> 
     </span>
    </p>
   </div>
  </div>
 </body>
</html>
